2086 3756
271 251 394 283 xcvi
955 230 1049 279 DE
1087 227 1288 283 POESI

273 381 478 430 'Etenim
525 381 682 430 habet
730 378 811 427 hic
864 394 1010 427 amor
1054 394 1148 443 per
1199 376 1373 427 omnia
1421 386 1657 443 tempora
1702 393 1796 428 sua
1844 394 1968 443 pro-

274 474 440 539 priam
483 471 743 540 quandam
786 470 1152 522 sublimitatem
1188 470 1427 536 religioso
1468 487 1649 534 sensu,
1687 473 1779 540 qui
1813 473 1869 522 in
1908 487 1969 522 eo
2034 474 2042 481 “

271 580 465 635 regnat.
552 567 777 619 Videtur
823 577 1010 633 poetae
1065 580 1269 617 sacrum
1321 566 1508 619 foedus
1557 567 1613 616 in
1659 576 1973 633 perpetuum

271 667 531 729 iunctum,
585 663 728 732 quod
774 664 888 732 ipsa
924 665 1107 715 Venus
1145 675 1197 714 et
1232 659 1442 731 Cupido
1474 673 1689 714 tuentur
1703 693 1746 726 ‚w
1771 672 1822 712 et
1863 654 1974 713 sae-

272 761 420 812 viunt
456 759 529 811 dii
557 769 755 810 ‘temere
794 759 976 810 relicti.
1062 757 1237 821 Quare
1276 777 1393 810 cum
1429 769 1720 824 aegrotaret
1750 760 1806 808 in
1844 757 1975 807 Cor-

273 873 422 923 cyra,
473 870 580 923 quo
629 853 812 907 dolore
862 865 1069 907 accusat
1115 871 1169 906 se
1220 852 1364 923 quod
1406 855 1573 907 invito
1614 851 1713 904 deo
1748 847 1975 920 puellam

270 951 569 1022 reliquerit:
1968 943 1969 947 ¹

418 1061 623 1113 Audeat
661 1061 827 1114 invito
867 1078 932 1112 ne
970 1061 1086 1131 quis
1126 1062 1390 1114 discedere
1428 1063 1635 1126 Amore,

486 1157 594 1207 Aut
629 1157 754 1207 sciat
793 1173 1052 1220 egressum
1092 1173 1146 1206 se
1183 1157 1495 1222 prohibente
1534 1155 1648 1208 deo.

274 1272 522 1324 Similiter
578 1272 787 1321 Deliam
844 1289 996 1339 saepe
1058 1273 1299 1324 hortatur
1357 1282 1415 1322 ut
1479 1263 1643 1323 casta
1674 1272 1739 1322 sit
1793 1271 1980 1321 sancti-

275 1384 378 1434 que
415 1364 632 1434 pudoris
669 1382 898 1426 memor,
952 1383 1018 1416 ne
1057 1363 1278 1416 deorum
1308 1366 1440 1416 iram
1475 1367 1721 1418 incurrat.
1809 1359 1979 1434 Atque

274 1465 430 1515 etiam
465 1481 581 1514 cum
619 1464 794 1515 virum
831 1462 1074 1526 haberet,
1127 1459 1251 1511 dum
1287 1460 1375 1511 ille
1414 1461 1646 1512 coniunx
1683 1471 1784 1524 est,
1827 1470 1982 1528 poeta

276 1568 477 1609 amator
513 1567 562 1607 et
599 1567 796 1607 amatus
836 1556 951 1608 vult
995 1554 1181 1605 unicus
1220 1566 1271 1605 et
1307 1573 1462 1609 verus
1514 1574 1651 1621 esse,
1702 1567 1750 1607 et
1785 1572 1980 1623 poenas

276 1655 521 1704 coelestes
571 1651 845 1704 denuntiat
892 1654 1305 1720 corruptoribus.
1377 1653 1618 1705 Profecto
1665 1671 1774 1705 non
1822 1648 1981 1703 laudo
2077 1723 2086 1734 ⁴

277 1766 370 1814 ego
407 1746 552 1817 quod
587 1750 832 1799 maritum
870 1749 1160 1816 decipiebat
1197 1747 1467 1813 Tibullus,
1505 1748 1596 1800 sed
1632 1749 1732 1800 hoc
1765 1751 1883 1800 loco
1917 1746 1981 1799 de
2081 1740 2086 1803 ὲ

274 1854 459 1911 poetae
496 1843 747 1895 sententia
784 1847 1071 1912 quaeritur.
1145 1846 1273 1911 Hic,
1310 1845 1435 1898 Non
1474 1864 1566 1913 ego
1605 1857 1657 1896 te
1691 1847 1820 1898 laesi
1853 1865 1982 1914 pru·
2079 1837 2086 1844 ’

278 1939 419 2004 dens,
457 1941 542 2005 ait,
576 1942 782 2006 ignosce
819 1942 1018 1994 fatenti.
1091 1944 1246 1994 Iussit
1281 1944 1474 2011 Amor3
1527 1955 1711 1995 contra
1753 1944 1870 2012 quis
1907 1944 1983 1994 fe-

275 2050 358 2089 rat
395 2057 538 2090 arma
576 2035 739 2090 deos?
811 2038 1015 2107 Nempe
1055 2041 1287 2091 coniunx
1322 2040 1438 2092 iure
1477 2041 1616 2093 civili
1653 2052 1764 2092 erat
1799 2043 1983 2092 Deliae

275 2136 509 2197 iunctus,
547 2151 600 2184 se
638 2134 851 2185 coelesti
885 2135 1002 2199 igne
1043 2133 1287 2185 credebat
1322 2146 1515 2186 tactum
1555 2146 1607 2186 et
1639 2137 1872 2203 puellam
1907 2134 1986 2185 ‹li-

276 2231 398 2280 vina
426 2230 538 2294 lege
577 2246 740 2279 suam.
813 2225 988 2289 Quare
1027 2229 1319 2280 abstineant
1356 2231 1444 2281 alii
1479 2247 1659 2281 omnes
1694 2229 1937 2289 rivalem,
2076 2241 2086 2301 1

416 2339 615 2389 Parcite
661 2356 818 2406 quam
851 2338 1076 2390 custodit
1107 2342 1274 2392 Amor
1312 2341 1509 2392 violare
1549 2319 1792 2408 puellam,
2067 2325 2086 2347 ⁴⁴

490 2434 574 2486 Ne
609 2436 835 2501 pigeatm
883 2453 1016 2502 agno
1054 2447 1176 2504 post
1217 2436 1453 2494 didicisse
1491 2439 1645 2490 malo.

279 2541 441 2592 Nefas
479 2552 689 2609 tangere
725 2547 955 2611 puellam
993 2566 1023 2596 a
1063 2545 1160 2597 diis
1200 2545 1402 2610 datam,
1439 2547 1584 2598 nefas
1620 2546 1774 2597 etiam
1809 2562 1988 2596 amane-

281 2647 385 2686 tem
420 2635 626 2687 laedere
662 2639 718 2687 in
754 2640 918 2690 tutela
954 2639 1179 2690 Veneris
1218 2650 1457 2692 euntem:

426 2745 675 2815 Quisquis
712 2767 888 2800 amore
931 2761 1154 2814 tenetur,
1194 2760 1276 2800 eat
1311 2759 1559 2818 tutusque
1596 2767 1846 2819 sacerque

500 2842 771 2906 Qualibet:
812 2845 1028 2897 insidias
1066 2864 1176 2897 non
1210 2846 1442 2898 timuisse
1480 2846 1640 2898 decet.

281 2952 452 3019 Atque
491 2954 592 3006 hoc
629 2972 786 3007 sensu
828 2973 905 3006 se>
930 2958 1067 3008 tollit
1110 2959 1269 3009 valtius
1313 2969 1501 3025 poetae
1531 2949 1764 3025 'spiritus
1807 2959 1878 3007 ine
1915 2964 1993 3008 tot

281 3049 436 3100 locis:
508 3061 660 3102 vocat
711 3054 933 3117 magiam
980 3054 1038 3104 in
1083 3053 1400 3118 subsidium,
1458 3053 1567 3104 adit
1611 3044 1861 3104 Bellonae
1907 3069 1988 3102 sa-

285 3143 572 3208 cerdotem,
627 3147 874 3213 implorat
919 3147 1054 3199 iram
1091 3149 1310 3201 deorum
1348 3147 1601 3203 adversus
1641 3144 1815 3199 lenam
1866 3164 1984 3198 cor-

284 3243 595 3307 ruptricem3
646 3261 767 3294 nam
804 3255 928 3296 sunt
964 3247 1180 3297 numina
1217 3250 1426 3298 amanti.
1508 3245 1824 3300 observabis
1861 3260 1989 3296 vero
2057 3272 2083 3318 ..ις

289 3338 439 3386 etiam
477 3338 682 3387 Deliam
719 3340 972 3404 religiosis
1020 3343 1256 3394 sensibus
1288 3339 1530 3395 ¹deditam
1567 3344 1745 3394 fuisse.
1818 3344 1987 3409 Atque
2066 3312 2080 3341 ἱ
