2158 3750
334 287 399 333 48
736 284 1202 341 COMMENTAR.
1239 289 1314 341 IN
1351 290 1637 343 TIBULLI
1710 364 1725 367 a

335 447 530 477 mcmtm
556 447 798 477 mone0.--
831 435 972 477 Sola
1003 441 1206 480 tenere
1239 435 1472 479 Medeae
1502 435 1723 482 herbas.
1785 441 1851 484 De
1875 441 2035 485 Medea

335 511 660 572 πολυφαρμὰκῳ
702 516 885 570 aliisque
926 517 968 558 in
998 518 1185 560 Graecia
1221 519 1395 572 antiqua
1438 518 1607 561 feminis
1647 522 1855 566 similibus
1896 537 2035 581 nuper

332 602 495 655 optime
537 599 770 654 disputavit
810 599 1104 642 Wancxssaus
1143 601 1187 643 in
1222 601 1369 643 Diario
1402 599 1662 645 scholastico
1691 604 2031 649 Darmstadiensi

332 680 635 739 (Allgemeine
665 679 1016 738 Sclmlzeitcmg)
1046 695 1145 725 ann.
1183 686 1310 725 1831.
1341 683 1392 727 Ρ.
1417 683 1475 726 ll.
1507 696 1572 726 nr·
1602 687 1704 730 127.
1738 701 1782 742 p.
1805 690 2032 743 lolosqq.

330 765 601 809 Ferebantur
630 769 774 809 autem
805 766 999 819 Pontus,
1029 765 1230 820 Colchis,
1259 767 1401 810 Iberia
1434 765 1664 812 herbarum
1693 773 1745 814 et
1769 781 2032 815 venenorum

330 847 620 891 feracissimae
651 848 932 902 mirabilium,
973 862 1087 904 quae
1117 847 1325 908 φάρμακα
1356 851 1516 894 Graeci
1548 851 1718 906 dicunt,
1759 852 1816 898 ef.
1847 854 2032 898 HonA'r.

328 932 473 988 Epod.
494 934 548 987 V,
569 935 642 986 21,
666 936 739 977 62.
770 934 910 978 Vme.
939 932 1094 988 Eclog.
1119 934 1238 987 VIII,
1263 937 1333 978 95.
1356 933 1500 988 ibique
1528 936 1655 981 Voss·
1680 935 1819 981 Ovm.
1842 937 2030 983 Remed.

329 1018 476 1059 Amor.
501 1019 622 1071 261„
653 1020 699 1059 et
726 1017 944 1059 iactabant
973 1019 1064 1061 fere
1093 1018 1209 1072 magi
1237 1018 1337 1061 inde
1362 1031 1410 1062 se
1439 1016 1602 1063 habere
1624 1002 1857 1064 'officinam
1879 1031 2028 1065 suam.

327 1100 538 1142 Similiter
569 1098 674 1142 haec
703 1112 810 1154 saga
841 1099 1028 1154 genuina
1058 1098 1246 1144 Medeae
1276 1111 1443 1144 venena
1470 1113 1497 1143 e
1527 1099 1735 1161 Colchide
1759 1099 2030 1162 possidebat.

327 1183 440 1226 Nam
471 1190 619 1223 tenere
649 1193 734 1224 non
765 1186 834 1223 est
862 1181 1058 1233 novisse,
1088 1186 1137 1222 ut
1165 1181 1420 1234 quibusdam
1449 1182 1611 1235 visum,
1641 1176 1720 1231 seii
1737 1174 1926 1239 *paoprie
1949 1196 2033 1228 ne-

327 1266 516 1309 cessario
546 1263 861 1320 accipiendum.
933 1264 1138 1308 Ceterum
1169 1266 1309 1309 aliena
1341 1270 1432 1318 est,
1475 1270 1527 1308 ut
1557 1277 1671 1309 nune
1698 1264 1849 1320 vides,
1893 1267 2033 1312 altera

325 1347 457 1390 lectio
488 1353 612 1389 artes
642 1359 707 1403 pr.
739 1345 911 1390 herbas,
972 1346 1086 1389 Nam
1127 1351 1245 1390 artes
1286 1345 1475 1391 Medeae
1518 1346 1622 1391 nihil
1650 1343 1861 1394 sunt‘aisi
1889 1349 2031 1404 magi·-

327 1445 405 1475 cae
437 1432 624 1485 omnino,
655 1432 808 1486 quales
834 1431 921 1474 iam
950 1431 1135 1474 vidimus
1165 1433 1351 1485 multas;
1379 1445 1518 1491 quare
1547 1445 1603 1476 ex
1633 1431 1715 1478 hae
1743 1434 1912 1481 ratione
1939 1439 2032 1482 sta-

326 1515 534 1558 tuendum
564 1519 683 1558 esset
721 1518 898 1571 poetam
927 1515 1226 1558 antecedentia
1257 1529 1353 1560 cum
1386 1517 1425 1559 vi
1458 1500 1658 1572 repetere
1687 1517 1775 1562 sic:
1806 1516 1914 1572 Est,
1943 1519 2030 1572 aio,

324 1599 586 1655 peritissima
616 1597 769 1641 horum
801 1599 1015 1651 omnium,
1062 1605 1129 1640 est
1161 1600 1299 1641 altera
1329 1599 1502 1642 Medea.
1573 1599 1663 1642 Sed
1696 1599 1879 1654 primum
1909 1600 2031 1645 vides

324 1683 591 1738 superfluum
622 1683 709 1724 tale
739 1680 1027 1737 epiphonema
1058 1694 1177 1734 esse,
1208 1681 1365 1725 deinde
1396 1681 1670 1736 pentameter
1700 1693 1784 1726 non
1813 1683 2030 1736 convenit,

324 1765 398 1819 qni
431 1777 515 1806 non
546 1764 738 1807 continet
767 1763 951 1806 similem
978 1765 1107 1806 talem
1132 1764 1273 1807 omnia
1298 1765 1657 1819 complectentem
1681 1765 1952 1811 sententiam.
1969 1785 2030 1804 -ο

322 1846 583 1890 Hecatae
625 1858 812 1889 canes·
887 1846 1116 1889 Vocabant
1152 1858 1288 1900 sagae
1331 1847 1462 1888 etiam
1510 1846 1616 1890 deos
1659 1845 1821 1891 inferos
1865 1850 1915 1889 ut
1956 1859 2030 1891 re-

322 1941 482 1984 sponsa
511 1929 677 1982 darent,
704 1928 1000 1983 imprimisque
1027 1927 1241 1982 Hecaten,
1271 1929 1508 1984 principem
1540 1930 1584 1971 in
1613 1930 1781 1983 magica
1810 1942 1861 1982 ες
1887 1929 2027 1983 deam,

323 2027 435 2070 quae
477 2011 782 2056 comitantibus
824 2012 1004 2055 canibus
1043 2011 1224 2054 infernis
1265 2010 1479 2066 prodibat.
1542 2011 1641 2056 Vid.
1674 2011 1854 2055 HonA‘r.
1892 2013 2026 2059 Satir.

320 2101 356 2153 I,
387 2102 431 2152 Β,
461 2101 534 2140 38.
568 2097 671 2150 ibiq.
702 2096 904 2138 Linum.
938 2100 982 2138 et
1011 2095 1280 2138 Ham-non.
1342 2095 1468 2137 Adde
1499 2097 1735 2142 Aponon,
1762 2095 1919 2141 Ram).
1947 2095 2027 2150 111,

322 2183 454 2224 1217.
485 2181 559 2222 ubi
585 2174 762 2232 χθόνιοι
792 2173 925 2227 κύνες,
957 2176 1012 2220 cf.
1043 2177 1257 2222 BRuNcK.
1320 2179 1464 2231 Atque
1495 2175 1646 2221 harum
1678 2190 1833 2227 canum
1861 2178 2025 2223 rabiem

319 2263 551 2319 placabant
579 2261 789 2316 placentis
827 2261 1022 2312 mellitis,
1065 2255 1384 2309 μελιτούτταις.
1447 2260 1547 2318 Sic
1570 2261 1702 2305 etiam
1731 2265 1846 2306 teste
1875 2261 2023 2308 Smm

317 2358 352 2389 s.
380 2359 441 2389 v.:
472 2345 644 2386 ἐδίδοτο
673 2343 936 2392 μελιτοῦτταν.
966 2351 1058 2388 τοῖς
1090 2350 1252 2398 νεκροῖς
1283 2335 1340 2388 ὥς
1361 2334 1775 2401 elsffiagsse'osseqov,
1806 2343 2032 2397 similiter-¹

319 2443 403 2484 que
435 2444 505 2485 ap.
539 2430 677 2473 Vrnc.
709 2430 819 2470 Aen.
851 2427 928 2479 VI,
958 2430 1061 2469 419.
1107 2425 1327 2473 Cerberus
1360 2425 1592 2480 donatur,
1634 2427 1713 2470 cui.
1738 2434 1869 2470 vates
1894 2427 2027 2475 melle.

319 2511 616 2569 soporzferam
668 2517 714 2551 et
763 2508 996 2551 medicatis
1032 2506 1255 2566 frugibus
1299 2506 1457 2564 offam¹
1481 2506 1658 2558 obiicit,
1714 2511 1819 2556 coll.
1865 2509 2024 2557 HBYN.

316 2595 461 2637 Etiam
492 2594 536 2635 in
566 2591 808 2648 Trophonii
839 2597 1009 2636 antrum
1051 2591 1126 2644 qui
1166 2590 1512 2645 descendebant,
1557 2587 1846 2644 μελῃωῦττας
1875 2605 2022 2637 secum

315 2680 512 2722 serebant
542 2678 597 2720 ad
621 2681 847 2733 serpentes
879 2677 1029 2721 obvios
1059 2675 1380 2728 demulcendos,
1415 2676 1474 2718 cf.
1498 2676 1751 2721 Amscropn.
1780 2674 1897 2720 Nub.
1916 2679 2020 2719 507.

314 2765 417 2818 ibiq.
451 2764 696 2818 interprett.
756 2761 848 2803 Iam
890 2759 1010 2803 vides
1051 2772 1199 2802 verum
1243 2757 1414 2803 distichi
1459 2771 1658 2801 sensum:
1708 2763 1884 2814 praeter
1923 2773 2020 2804 car-

316 2851 432 2892 mina
462 2850 592 2894 etiam
624 2846 804 2899 herbas,
843 2847 927 2898 ait,
970 2845 1126 2888 femina
1158 2842 1289 2886 habet
1319 2847 1365 2885 et
1396 2843 1618 2898 placentas
1648 2844 1840 2898 magicas
1871 2843 2020 2890 effica-

315 2936 534 2987 cissimas,
582 2932 690 2974 haec
720 2944 800 2987 pro
829 2931 1042 2986 exemplis
1073 2929 1274 2982 laudans,
1312 2928 1428 2972 uude
1468 2929 1522 2972 de
1566 2934 1661 2972 tota
1689 2929 1862 2974 officina
1888 2942 2021 2984 sagae

314 3018 495 3060 iudicari
527 3016 679 3072 possit.
757 3010 899 3068 Atque
927 3015 989 3057 ita
1020 3014 1286 3069 patefactum
1319 3020 1410 3067 est,
1447 3027 1534 3057 non
1563 3019 1728 3059 temere
1757 3013 1827 3059 hic
1858 3015 1913 3060 de
1943 3027 2019 3061 ea-

315 3103 439 3144 nibus
469 3100 646 3143 infernis
680 3098 790 3150 dici,
835 3098 939 3140 licet
977 3111 1108 3153 supra
1150 3098 1235 3139 iam
1277 3097 1362 3139 alio
1406 3098 1503 3138 loco
1551 3097 1606 3139 de
1649 3097 1802 3143 animis
1841 3097 2018 3145 infernis

314 3184 485 3230 dixerit.
550 3183 754 3225 Ceterum
787 3181 841 3224 de
871 3181 1003 3224 latina
1035 3181 1358 3227 terminatione*
1382 3183 1586 3223 Hecatae
1616 3181 1704 3227 vid.
1735 3181 2016 3230 Hnsonan

314 3266 368 3309 ad
408 3265 450 3308 h.
496 3267 525 3306 l.
602 3263 685 3306 Est
731 3262 812 3305 hoc
864 3277 1002 3318 genus
1050 3263 1442 3317 frequentissimum
1488 3269 1622 3317 atque
1667 3265 1797 3317 etiam
1846 3267 2016 3320 elegiae

315 3350 500 3392 maxime
533 3348 807 3391 conveniens.
839 3371 899 3380 -
947 3349 1002 3391 V.
1031 3351 1090 3390 55
1119 3361 1213 3401 sqq.
1257 3347 1474 3390 fallere
1514 3359 1646 3402 saepe
1686 3347 1883 3392 absolute
1915 3349 2019 3404 poni

314 3434 477 3477 notavit
509 3433 909 3473 Wunnnnmcums
944 3430 1135 3485 pluribus
1167 3430 1306 3472 allatis
1335 3430 1563 3486 exemplis.
1596 3430 1656 3471 sic
1688 3428 1798 3472 infra
1824 3429 1858 3483 l,
1880 3432 1924 3483 8,
1941 3432 2017 3473 56.

2153 1654 2158 1678 l

2141 1680 2158 1783 3.
