2158 3750
748 232 933 284 LIBR.
971 233 1063 284 ΙΙΙ.
1138 233 1444 285 ELEG.⁴II.
1516 228 1522 231 ’
1826 243 1929 288 327

222 373 264 415 in
301 373 459 416 talibus
489 374 586 418 Tib.
620 375 654 429 1,
690 379 761 429 10,
792 379 876 420 64:
925 391 1010 435 quo
1039 374 1162 420 irato
1178 377 1294 434 flere
1318 374 1476 433 puella
1502 382 1678 432 potest,
1710 376 1806 432 quis
1837 389 1923 419 non

222 455 338 498 videt
372 458 499 500 aliam
530 471 626 501 esse
657 459 775 502 rem!
838 460 988 505 Quare
1030 459 1098 503 hic
1141 460 1312 503 dativos
1353 460 1550 514 intellige
1592 471 1690 502 cum
1722 458 1919 511 Vunmo,

220 551 328 592 quos
374 540 506 594 vulgo
560 540 774 584 commodi
817 541 981 584 dicunt.
1059 542 1142 584 Est
1188 555 1348 585 novum
1403 542 1647 598 exemplum
1694 540 1921 583 insolentis

218 625 574 679 constructionis,
620 631 668 668 ut
711 627 796 668 alia
836 626 1007 669 insolita
1048 625 1193 669 habet.
1267 627 1395 670 Aliud
1428 627 1547 683 flere
1586 627 1740 680 alicui,
1785 625 1919 668 veluti

216 709 456 751 Pnopssnm.
498 709 534 762 1,
578 711 650 762 12,
683 711 755 751 15.
799 709 918 763 quod
965 714 1033 752 est
1083 708 1257 750 dicendi
1304 711 1495 754 verbum.
1528 731 1590 744 —-
1646 711 1701 754 V.
1731 713 1788 752 15
1819 723 1914 765 sqq.

215 790 558 843 Praefatae,
601 787 643 832 b.
674 802 714 832 e.
757 794 860 832 ante
889 789 1074 842 affatae,
1120 794 1168 832 ut
1198 791 1339 833 Vina.
1374 794 1480 835 Aen.
1512 792 1592 845 XI,
1622 795 1737 835 3012
1780 805 1914 848 prae-

203 870 348 927 fatus
381 871 504 913 divos
533 870 645 913 solio
673 885 753 913 rex
781 869 889 927 infit
926 869 986 912 ab
1016 871 1129 915 alto.
1190 874 1316 916 Conf.
1350 875 1515 918 Hssms.
1547 876 1602 918 ad
1634 875 1761 919 ovid.
1793 876 1912 920 Fast.

216 956 286 1008 VI,
313 959 414 998 303.
474 955 579 998 Noli
608 968 711 998 vero
734 968 834 998 cum
856 955 1102 999 Huscmuo
1132 969 1367 1012 reponere:
1397 958 1741 1018 Praesatczeque
1766 973 1880 1001 meos
1895 974 1912 1008 ς

210 1050 308 1079 nam
348 1042 482 1080 ante
521 1037 818 1080 concinnitatis
859 1051 989 1081 causa
1033 1039 1098 1082 bis
1140 1041 1284 1095 posuit
1315 1040 1581 1095 Lygdamus.
1646 1042 1761 1084 Hinc
1792 1041 1908 1096 quod

207 1121 424 1175 sequitur:
455 1121 803 1176 animamque
833 1128 1119 1179 precatae,
1153 1124 1379 1179 probatum
1414 1124 1674 1176 Cunnmo,
1708 1124 1907 1166 Hnmsro

207 1208 235 1250 1.
268 1220 332 1259 c.,
364 1212 409 1248 et
436 1206 796 1262 Bnoucnmsm,
830 1213 876 1250 et
905 1208 1148 1251 Huscnmo
1180 1220 1263 1250 nec
1294 1208 1503 1251 reiectum
1534 1207 1590 1250 ab
1625 1207 1842 1261 HnYmo,
1872 1207 1910 1249 si

205 1302 378 1342 verum,
423 1302 554 1333 sensu
590 1302 678 1334 non
710 1290 885 1335 differet
914 1292 969 1335 ab
999 1291 1290 1337 antecedenti.
1352 1293 1418 1335 Ac
1447 1294 1579 1346 vulgo
1610 1292 1759 1334 dicunt
1795 1291 1907 1334 velle

205 1379 378 1429 poetam
407 1379 476 1418 ter
505 1376 678 1419 nomine
707 1378 960 1432 compellari
991 1377 1148 1420 Manes
1189 1382 1234 1419 et
1275 1377 1451 1420 clamari
1494 1375 1762 1419 notissimum
1800 1373 1907 1417 illud

206 1457 354 1510 Have,
395 1457 490 1500 vale
518 1461 740 1502 aeternum
774 1459 943 1513 anima,
987 1459 1045 1503 cf.
1075 1448 1281 1502 Krncnm.
1319 1459 1376 1502 de
1405 1458 1517 1501 Fun.
1548 1458 1628 1512 111,
1660 1462 1704 1501 9.
1755 1457 1904 1500 Canu.

205 1542 259 1584 ad
294 1543 417 1598 Virg.
446 1542 557 1586 Aen.
587 1543 668 1596 XI,
699 1546 776 1586 97.
846 1543 938 1586 Sed
969 1541 1052 1585 hoc
1082 1542 1396 1585 discedentium
1428 1547 1522 1584 erat
1553 1540 1804 1596 compositis
1840 1540 1905 1582 ci-

202 1625 402 1678 neribus,
446 1638 560 1669 nunc
602 1633 713 1677 ante
746 1624 1000 1679 ossilegium
1044 1624 1170 1666 affari
1211 1628 1257 1666 et
1298 1623 1468 1680 precari
1500 1623 1655 1666 Manes
1699 1621 1903 1664 iubentur

201 1711 399 1755 feminae.
461 1711 611 1757 Quare
655 1711 740 1754 alia
781 1722 853 1753 res
899 1713 980 1752 est.
1042 1708 1214 1765 Nempe
1256 1707 1457 1751 videntur
1501 1712 1600 1750 ante
1650 1706 1902 1761 ossilegium

199 1793 387 1836 invocati
419 1794 573 1837 Manes
606 1807 704 1837 esse
732 1794 915 1837 solemni
947 1806 1082 1847 more,
1116 1797 1165 1836 nt
1196 1793 1382 1848 benigne
1414 1793 1625 1848 recipiant
1658 1791 1734 1834 hos
1764 1790 1902 1834 hono-

199 1890 269 1919 res
300 1891 442 1932 neque
472 1879 739 1931 irascantur,
769 1878 806 1920 si
837 1878 942 1933 qnid
973 1890 1120 1921 errore
1151 1891 1238 1921 non
1268 1878 1325 1919 sit
1355 1878 1435 1920 rite
1467 1876 1652 1930 factum,
1682 1873 1760 1918 sed
1795 1886 1898 1930 pro-

198 1960 292 2014 pitii
322 1965 538 2003 maneant.
601 1961 678 2003 Sic
702 1959 886 2016 precari
915 1959 1112 2002 animam
1144 1961 1228 2002 erit
1258 1960 1418 2003 dictum
1451 1959 1673 2012 absolute,
1716 1963 1763 2001 ut
1792 1958 1900 2000 alias

196 2045 364 2099 precari
380 2043 501 2087 deos·
550 2043 815 2086 Huscmcms
837 2045 1147 2100 interpretatur
1162 2043 1389 2100 precando
1414 2057 1586 2085 vocare.
1632 2042 1698 2084 Ad
1716 2043 1897 2085 alteram

194 2139 345 2170 vocem
376 2125 445 2170 hic
477 2127 632 2169 lectam
663 2125 778 2181 quod
811 2126 993 2179 attinet,
1038 2139 1094 2168 ne
1128 2127 1298 2181 placeat
1329 2132 1539 2183 rogatam
1568 2130 1642 2167 aut
1672 2132 1897 2182 rogantes,

194 2210 367 2251 omnino
397 2209 538 2251 aliena
571 2207 678 2252 baec
706 2221 808 2262 vox,
850 2208 951 2263 quia
983 2209 1249 2263 religiosum,
1283 2222 1369 2251 non
1402 2209 1580 2262 vulgare
1612 2206 1681 2250 hic
1711 2208 1896 2264 requiri—

195 2296 267 2333 tur
295 2290 491 2333 verbum.
568 2290 801 2332 Postremo
839 2290 1009 2332 BAcnn
1043 2291 1335 2332 coniecturam
1376 2291 1513 2333 affero
1552 2296 1748 2334 acutam:
1795 2291 1899 2332 ani-

193 2389 395 2431 mamque
437 2379 678 2420 recentem,
720 2371 762 2415 h.
791 2385 831 2416 e.
864 2385 1016 2415 recens
1053 2386 1241 2427 corpore
1273 2385 1385 2426 quae
1416 2373 1630 2426 excessit,
1677 2378 1725 2415 ut
1755 2373 1893 2417 Ovm.

194 2457 303 2500 Met.
337 2456 458 2510 vlu,
497 2458 613 2498 488:
670 2455 759 2498 Vos
802 2453 929 2496 modo
971 2433 1169 2508 fraterni
1209 2455 1369 2495 Manes
1402 2453 1663 2511 animaeque
1699 2462 1895 2497 recentes

191 2537 398 2593 Officium
427 2536 591 2579 sentite
621 2550 779 2596 meum.
842 2534 999 2590 Neque
1031 2540 1174 2576 tamen
1209 2549 1260 2577 ea
1292 2549 1400 2592 opus
1434 2536 1629 2590 videtur,
1669 2538 1706 2579 si
1743 2550 1893 2581 recor—

189 2622 303 2664 daris
344 2622 517 2664 insolita
562 2621 698 2663 multa
741 2618 904 2662 habere
950 2618 1240 2673 Lygdamum.
1282 2643 1342 2651 —
1391 2620 1782 2677 perfusaeque
1827 2623 1894 2666 li-

188 2720 364 2761 quore
409 2719 632 2759 manus,
672 2705 775 2748 lotis
815 2716 928 2759 aqua
970 2703 1181 2747 manibus,
1244 2703 1379 2747 Vides
1409 2703 1511 2746 nibil
1544 2706 1780 2763 praeterire
1811 2705 1890 2749 ho-

187 2793 359 2845 minem,
391 2790 468 2833 sed
501 2790 643 2833 omnia
667 2790 851 2833 molesta
883 2802 981 2833 cnm
1006 2788 1234 2842 diligentia
1266 2788 1576 2844 praescribere.
1638 2788 1767 2846 piae
1797 2802 1889 2833 ma-

189 2886 268 2915 nus
312 2878 413 2916 sunt
462 2867 604 2924 ὅσιαι,
655 2886 806 2917 sacros
852 2874 961 2916 ritus
1011 2877 1280 2928 peracturae.
1362 2872 1598 2929 Comparat
1647 2873 1888 2917 thnssn-

189 2935 376 2999 memus
421 2956 577 3011 Virgii.
616 2957 723 3000 Aen.
754 2957 832 3010 lv,
862 2961 966 3002 517.
1008 2962 1055 3000 et
1096 2955 1246 3001 Sora.
1275 2957 1385 3000 Oed.
1426 2957 1521 3000 Col.
1554 2959 1657 2999 469.
1698 2979 1753 2987 -
1807 2953 1890 2998 Ιη-

185 3041 448 3094 cinctae,
503 3040 750 3083 succinctae
801 3046 922 3084 veste
970 3042 1093 3097 nigra
1139 3047 1183 3086 et
1227 3042 1419 3085 indutae.
1504 3041 1635 3086 Quod
1681 3041 1888 3083 Sumon.

184 3123 338 3165 Octav.
374 3124 473 3166 101.
503 3121 661 3165 referta
705 3120 942 3181 Reliquias
981 3122 1184 3181 legerunt
1223 3124 1439 3180 primores
1470 3122 1691 3181 equestris
1721 3121 1889 3164 ordinis

183 3204 381 3247 tunicati
423 3212 467 3246 et
516 3202 723 3247 discincti
764 3203 1045 3264 pedibusque
1089 3205 1251 3251 nadis,
1302 3206 1523 3249 Hermus
1575 3210 1623 3248 ut
1672 3205 1886 3248 insolitum

183 3290 344 3331 narrari
379 3294 524 3332 monet
556 3293 708 3331 contra
741 3287 1099 3332 chnnmwm
1137 3294 1181 3332 et
1211 3290 1447 3342 Vunmum,
1478 3288 1711 3342 laudatque
1744 3288 1888 3343 potius

187 3370 426 3414 {iniustum
471 3371 523 3414 ad
569 3370 696 3414 Ovid.
731 3370 849 3414 Fast.
885 3369 941 3424 11,
972 3373 1074 3415 633.
1136 3372 1210 3415 Sic
1243 3373 1453 3416 Pam-non.
1485 3372 1578 3415 Sat.
1613 3374 1723 3413 135:
1774 3383 1889 3411 anus
