2086 3756
239 219 354 251 cml
918 199 1031 251 DE,
1050 196 1257 267 >POESI

234 344 543 392 membrorum
591 341 802 408 postulat
851 343 940 389 sive
987 343 1179 407 parium
1215 342 1261 388 οἰ
1270 375 1288 400 ,
1340 341 1432 388 sivo
1472 355 1560 405 per·
1592 375 1597 398 z
1607 338 1938 409 gradationem

234 442 597 490 coniunctorum.
633 463 706 484 -—-.
744 493 745 496 Ἴ
787 435 1072 501 Postremo.
1099 432 1162 485 de
1197 434 1446 502 Lygdamo
1485 448 1721 502 quaeras.
1805 430 1939 480 Cum

238 534 393 582 huius
431 530 600 596 poesis
637 529 903 578 remissior
938 528 1004 578 sit
1042 538 1091 583 et
1117 529 1301 596 vigore
1338 528 1537 581 maiore
1573 535 1935 593 caream-fram

239 627 402 675 utitur
439 623 738 689 anaphora,
797 633 856 673 ut
883 622 1047 674 facile,
1078 634 1363 691 exspectes.
1457 620 1748 689 Nervosior
1793 620 1939 670 locus

236 729 314 768 est
346 718 438 776 III,
479 720 527 778 6,
567 720 630 766 13
669 734 815 784 sqq.:

375 812 469 863 Ille
506 811 628 862 facit
659 811 807 863 mites
835 811 1047 862 *animos
1086 808 1238 875 deus,
1272 810 1360 860 ille
1395 804 1627 860 ferocem

449 903 702 956 Contudit
740 915 791 955 et
828 904 1068 957 dominae
1104 905 1246 955 misit
1274 905 1333 954 in
1376 905 1675 966 arbitrium,

374 1000 646 1050 Armenias
678 999 833 1065 tigres
872 1010 924 1050 et
958 1001 1128 1052 ful‘vas
1165 1000 1251 1050 ille
1290 1000 1498 1049 leaenas

444 1094 584 1144 Vicit
620 1104 668 1145 et
707 1092 975 1144 indomitis
1012 1094 1190 1144 mollia
1225 1092 1384 1144 corda
1422 1091 1586 1155 dedit,

234 1185 324 1236 sed
368 1183 458 1236 diu
496 1204 716 1254 quaeras
752 1188 836 1237 hic
873 1188 1034 1237 alium
1069 1188 1310 1237 similem.
1394 1186 1503 1236 Ubi
1546 1184 1782 1238 invenias
1833 1185 1946 1233 illas

233 1282 537 1345 praeclaras
568 1279 872 1344 divisioneS‚
922 1281 1301 1348 oppositioneS,
1337 1276 1664 1346 gradationes
1676 1317 1690 1343 ‚
1739 1278 1792 1327 in
1830 1279 1948 1345 qui-

233 1375 335 1424 bus
387 1373 529 1441 apud
564 1370 839 1426 Tibullum
892 1371 1164 1442 anaphora
1209 1371 1483 1440 splendet?
1572 1364 1774 1449 Nempe
1819 1374 1948 1422 haec

235 1470 400 1532 figura
437 1468 592 1519 etiam
636 1470 996 1521 inventionem
1046 1471 1276 1535 postulat
1313 1478 1363 1518 et
1397 1468 1702 1520 varietatem
1744 1449 1947 1518 felicem

240 1560 636 1627 sententiarum,
684 1565 891 1631 qualem
927 1563 1140 1613 Tibullo
1177 1561 1374 1629 ingenii
1409 1563 1618 1612 ubertas
1652 1562 1950 1629 suppedita-

237 1658 354 1718 bat,
390 1655 661 1722 Lygdamo
693 1667 866 1706 autem
893 1674 1004 1707 non
1044 1655 1367 1710 donaverant
1407 1655 1495 1707 dii.
1567 1655 1787 1723 Saepius
1823 1673 1948 1707 vero

239 1747 605 1815 deprehendas
643 1768 796 1800 usum
838 1751 1137 1816 anaphorae
1181 1751 1568 1812 nervosiorem,
1622 1750 1716 1799 ubi
1754 1763 1837 1799 res
1873 1750 1950 1799 fe-

235 1846 416 1907 rebat,
453 1844 509 1893 in
552 1843 782 1910 elegidiis
833 1845 1008 1911 quarti
1042 1845 1190 1908 libri,
1241 1845 1468 1895 maxime
1493 1884 1496 1886 .
1522 1862 1679 1909 carm.
1715 1850 1768 1908 27,
1805 1855 1855 1895 et
1885 1849 1950 1907 3.,

238 1949 290 1988 et
336 1939 421 1988 hic
469 1938 574 2000 illic
624 1938 680 1988 in
732 1938 940 2002 ceteris,
993 1948 1050 1989 ut
1097 1939 1274 2005 ipsum
1310 1939 1584 2002 Tibullum
1624 1937 1803 2004 audire
1856 1940 1951 1989 tibi

236 2031 485 2093 videam-is.¹
512 2059 586 2068 ——
656 2033 902 2094 Diximus
943 2030 1013 2081 de·
1056 2033 1355 2099 anaphora3
1408 2044 1628 2086 transeo·
1673 2035 1744 2084 ad
1794 2044 1954 2086 cetera

237 2127 484 2187 schemata
530 2127 663 2184 huius
706 2130 903 2190 generis·
975 2126 1066 2175 Est
1115 2136 1291 2179 autem
1343 2127 1478 2176 aliud
1525 2127 1759 2179 notabile
1807 2146 1955 2192 genus

238 2223 509 2288 repetitionis
548 2224 596 2270 in
630 2224 846 2287 oppositis
879 2223 1131 2285 sententiis,
1188 2238 1307 2270 cum
1353 2237 1454 2287 pro
1496 2220 1812 2288 pronomine
1863 2221 1953 2274 de-

238 2315 583 2365 monstrativo
635 2314 1007 2380 significantius
1039 2323 1109 2381 ⁴et
1154 2314 1316 2380 magis
1362 2315 1567 2382 poetice
1609 2314 1748 2366 inter
1794 2318 1954 2369 verba

241 2406 458 2458 secundi
490 2408 596 2459 loci
627 2408 802 2475 ipsum
836 2425 1058 2473 nomen,
1095 2407 1275 2475 ipsum
1307 2411 1559 2474 verbum,
1594 2410 1712 2479 ipsa
1750 2411 1955 2479 phrasis

239 2506 391 2571 prior
422 2502 588 2563 redit,
639 2514 699 2554 ut
733 2505 857 2556 Tib..
883 2504 935 2567 Ι,
973 2504 1035 2566 4,
1075 2504 1174 2554 74:
1926 2567 1929 2570 ,

386 2599 529 2649 Haec
566 2599 723 2662 mihi,
773 2615 908 2665 quae
949 2615 1188 2650 canerem
1222 2596 1389 2660 Titio,
1423 2583 1565 2662 ‚deus
1604 2595 1765 2662 edidit
1801 2615 1918 2652 ore:

456 2693 558 2743 Sed
600 2694 766 2743 Titium
810 2692 1043 2753 coniunx
1082 2692 1210 2741 haec
1247 2689 1541 2740 meminisse
1581 2701 1739 2743 vetat.

244 2807 333 2856 pr„
361 2786 454 2847 sed
492 2786 630 2838 eum.
700 2788 870 2837 Porro
904 2787 981 2848 ΙΙ,Ι
1010 2786 1059 2850 4,
1099 2788 1197 2834 51:
1698 2847 1701 2851 Ι

385 2883 528 2932 Vera
564 2878 776 2947 quidem
814 2896 1040 2942 moneO,
1095 2877 1187 2928 sed
1222 2891 1444 2946 prosunt
1481 2879 1772 2949 quidmihi
1809 2883 1958 2932 vera?

244 2993 325 3040 pr.
363 2973 453 3024 sed
491 2973 618 3041 quid
658 2974 1042 3040 mihi'prosuut
1076 2969 1238 3038 haec?

246 3069 381 3119 Vide
422 3071 574 3119 etiam
612 3070 676 3132 ΙΙ,
716 3074 763 3133 β,
806 3072 904 3119 11:
1573 3126 1575 3129 ,
1709 3123 1714 3129 ,

332 3166 583 3229 ‚magna
606 3165 826 3231 loquor,
878 3162 969 3213 sed
1004 3161 1271 3227 magnifice
1309 3161 1436 3211 mihi
1467 3178 1646 3224 magna
1681 3163 1850 3226 locuta
1915 3191 1921 3227 ᾗ

460 3258 746 3311 Excutiunt
786 3259 987 3307 clausae
1024 3256 1181 3307 fortia
1219 3256 1380 3307 verba
1416 3255 1573 3317 fores.
1636 3293 1641 3301 .
