2158 3750
702 242 889 294 LIBR.
924 242 1016 294 111.
1093 241 1296 294 ELEG.
1333 243 1426 294 VI.
1795 251 1895 296 373

197 387 411 430 obnoxius
454 386 627 432 dolores
668 389 763 433 eius
793 391 966 435 sensisti
998 394 1043 434 et
1073 389 1208 434 sentis
1240 401 1401 446 eosque
1433 389 1597 446 pariter
1623 388 1723 430 vino
1756 387 1896 431 diluis.

195 469 410 512 obsecrat
437 471 572 526 igitur
601 485 699 516 eum
728 486 806 530 per
836 474 996 516 similes
1026 486 1193 527 sensus,
1225 474 1406 516 similem
1435 472 1665 524 fortunam,
1697 476 1745 513 ut
1772 471 1895 513 Pno-

195 564 329 593 Pssnr.
361 551 440 605 111,
474 556 545 607 17,
580 557 609 596 5
641 568 734 609 sqq.
777 555 832 598 de
864 552 1065 598 Baccho:
1111 558 1200 596 Per
1231 562 1276 595 te
1307 555 1588 613 iunguntur,
1613 568 1696 610 per
1729 562 1772 593 te
1805 552 1894 593 sol-

198 642 366 675 vuntur
405 644 636 683 amantes,
685 639 751 679 Tu
795 637 954 679 vitium
986 652 1040 678 ex
1072 637 1217 679 animo
1259 636 1379 677 dilue
1423 636 1601 678 Bacche
1643 650 1750 676 meo.
1835 636 1895 674 Te

193 731 364 773 quoque
396 717 511 758 enim
542 734 629 760 non
658 733 750 760 esse
785 718 939 760 rudem
971 725 1174 759 testatur
1207 718 1255 759 in
1285 719 1424 760 astris
1458 716 1687 775 Lyncibns
1717 717 1763 757 in
1796 730 1894 757 cae-

196 798 289 838 lum
324 808 450 840 vecta
480 801 694 844 Ariadna
726 802 847 849 tuis,
891 799 933 844 h.
966 816 1004 846 e.
1047 807 1094 845 tu
1137 803 1229 858 ipse
1261 804 1388 845 etiam
1421 815 1609 844 amorem
1641 801 1767 843 nosti.
1832 801 1895 843 Ac

191 893 302 924 nunc
331 883 503 936 quidem
534 888 703 938 errant,
748 885 821 939 qui
863 884 918 927 ad
955 886 1074 928 solos
1115 886 1282 941 priores
1325 898 1497 928 eineres
1535 885 1605 928 dei
1646 888 1892 940 provocant,

135 980 143 991 =
189 977 286 1006 cum
337 965 589 1019 Lygdamus
636 965 692 1008 de
746 966 963 1022 praesenti
1013 971 1210 1022 tempore
1258 967 1471 1020 loquatur.
1556 966 1725 1021 Nempe
1778 970 1893 1006 amat

192 1045 388 1088 Bacchus
419 1047 666 1090 etiamnunc
696 1052 742 1090 et
773 1048 887 1091 curis
919 1050 1078 1092 amoris
1110 1050 1387 1092 conflictatur
1416 1055 1465 1092 ut
1497 1050 1626 1102 olim;
1658 1061 1755 1091 nam
1790 1061 1892 1104 per-

187 1136 343 1185 petuus
372 1132 456 1175 vini
485 1134 629 1176 socius
658 1146 794 1177 amor.
856 1135 1062 1177 Ceterum
1095 1135 1302 1177 librorum
1345 1135 1476 1176 lectio
1510 1132 1767 1174 medicando
1806 1145 1890 1174 nou

184 1215 321 1257 solum
356 1221 506 1258 contra
538 1221 720 1259 metrum
753 1223 849 1272 est,
881 1231 979 1260 cum
1010 1231 1120 1260 aevo
1153 1220 1341 1272 Augusti
1373 1217 1594 1272 incognita
1626 1215 1754 1258 fuerit
1785 1213 1890 1258 haec

182 1300 416 1355 correptio,
446 1299 546 1343 vide
575 1313 685 1355 quos
714 1301 890 1343 laudant
920 1301 1142 1344 Hermus
1182 1306 1228 1344 et
1257 1301 1479 1354 memus,
1513 1300 1591 1343 sed
1624 1301 1750 1342 etiam
1784 1311 1892 1341 con-

184 1386 251 1424 tra
281 1396 478 1437 sensum,
523 1396 622 1427 cum
652 1384 785 1427 verba
815 1383 909 1441 ipse
934 1385 1114 1442 pariter
1144 1387 1209 1429 sic
1251 1385 1460 1441 explicari
1499 1397 1583 1427 non
1617 1384 1795 1439 possint.
1828 1406 1888 1415 —-

184 1469 250 1510 Ad
293 1469 423 1511 verba
464 1468 689 1512 cecidit
731 1481 887 1511 amor
928 1469 1336 1512 Wuxnnnucmus
1378 1481 1476 1511 cum
1508 1468 1801 1510 LAcumNNo
1833 1467 1889 1508 ad

180 1551 381 1606 Propert.
413 1565 457 1606 p.
488 1553 561 1593 52.
603 1549 772 1593 confert
804 1550 1013 1594 enum.
1042 1550 1122 1604 XI,
1154 1554 1234 1594 21:
1284 1552 1377 1591 Nec
1406 1565 1548 1591 meum
1581 1556 1801 1603 respectat
1835 1556 1886 1587 ut

181 1640 288 1674 ante
333 1647 549 1679 amorem,
610 1631 700 1689 Qui
748 1631 875 1674 illius
920 1631 1056 1688 culpa
1106 1631 1281 1674 cecidit.
1354 1633 1473 1675 Idem
1521 1640 1666 1674 monet
1716 1633 1887 1686 saepius

181 1717 321 1758 iuncta
369 1729 437 1759 vv.
480 1714 629 1758 victus·
675 1713 823 1762 cadit,
866 1718 916 1756 ut
957 1715 1138 1764 Vnam.
1168 1714 1337 1757 chc,
1368 1714 1403 1767 1,
1436 1717 1538 1755 300.
1615 1713 1885 1755 Sententiam

178 1803 416 1845 Puor’ssu'r.
447 1801 474 1843 l.
508 1801 581 1843 cit,
612 1813 652 1842 v.
685 1801 727 1842 4.
763 1798 826 1842 sic
858 1799 1087 1855 exprimit:
1124 1799 1432 1855 Cur-aramque
1464 1805 1544 1837 tuo
1565 1797 1632 1851 fit
1665 1795 1882 1836 medicina

178 1901 309 1928 mero.
354 1909 415 1918 —
474 1885 528 1927 V.
559 1888 588 1926 5
618 1897 683 1938 sq.
746 1883 890 1926 Care
938 1896 1088 1940 puer.
1163 1882 1399 1938 Comparat
1449 1881 1715 1923 Huscmuvs
1767 1880 1877 1922 Stat.

176 1969 282 2012 Silv.
315 1968 395 2021 ΠΙ,
433 1969 477 2020 4,
518 1971 604 2010 6οε
663 1969 774 2008 Care
811 1982 953 2024 puer,
1003 1966 1179 2024 superis
1227 1967 1305 2024 qui
1346 1964 1598 2022 praelibare
1649 1963 1882 2005 verendum

176 2052 348 2092 Nectar
377 2058 423 2092 et
466 2049 687 2108 ingentem
717 2047 851 2091 toties
887 2047 1140 2106 contingere
1173 2048 1376 2089 dextram
1411 2045 1608 2087 Electus.
1683 2047 1881 2099 „Solitos

174 2139 319 2179 autem
361 2148 521 2192 pueros
562 2134 615 2178 ad
659 2133 841 2189 cyathos
884 2134 989 2188 eligi
1033 2133 1345 2190 pulcherrimos
1393 2131 1662 2184 dominisque
1708 2129 1880 2171 carissi-

174 2221 313 2264 moS.“
372 2220 471 2263 Non
503 2219 755 2263 incredibile
786 2225 854 2262 est
884 2220 1018 2262 fuisse
1049 2219 1294 2271 formulam,
1327 2230 1412 2272 qua
1438 2217 1548 2258 tales
1582 2225 1738 2270 pueros
1769 2212 1878 2254 allo—

175 2306 423 2356 querentur.
484 2302 574 2344 Sed
605 2301 880 2344 nihilomiuus
910 2314 1085 2354 verum,
1127 2299 1195 2342 hic
1227 2299 1400 2354 quidem
1435 2299 1549 2340 exile
1582 2309 1677 2339 esse
1711 2300 1755 2338 et
1786 2295 1880 2338 lan-

175 2398 310 2438 guere
352 2398 478 2430 care,
522 2390 572 2427 ut
611 2385 747 2427 sensit
776 2385 939 2440 optime
970 2384 1413 2427 Mrrscnssnnrculus
1445 2381 1499 2424 ad
1531 2380 1685 2423 Horat.
1716 2378 1774 2431 Π,
1809 2381 1879 2431 11,

180 2471 277 2519 18.;
320 2480 462 2522 neque
492 2470 635 2509 tamen
668 2466 888 2510 emendari
918 2467 1050 2510 debet
1081 2479 1177 2509 cum
1210 2466 1362 2508 eodem
1396 2470 1440 2508 et
1472 2463 1626 2506 mutari
1656 2462 1699 2504 in
1730 2459 1878 2518 larga,

174 2553 252 2595 sed
299 2553 484 2608 relinqui
530 2551 690 2596 iudicio
738 2552 968 2608 Lygdami.
1012 2575 1066 2582 —
1130 2550 1405 2593 madeant.
1480 2548 1698 2590 Hermus
1745 2545 1875 2588 alium

174 2640 346 2690 poetam
387 2642 593 2691 spument
634 2640 711 2678 aut
748 2636 888 2678 simile
928 2635 1169 2692 positurum
1213 2633 1347 2676 fuisse
1386 2632 1470 2685 ait,
1515 2637 1560 2674 et
1602 2629 1876 2672 Mr'rscuun-

173 2731 358 2761 memus
388 2719 431 2761 in
463 2718 643 2762 eandem
674 2720 931 2763 sententiam
963 2717 1096 2775 larga
1128 2717 1328 2761 coniecit.
1392 2717 1511 2759 Sane
1540 2715 1713 2758 omnino
1742 2715 1876 2757 leuior

174 2806 219 2844 et
250 2803 389 2844 minus
417 2801 558 2844 vivida
587 2814 640 2845 ac
670 2814 851 2845 nervosa
883 2806 949 2844 est
981 2801 1122 2843 oratio
1153 2798 1392 2854 Lygdami,
1424 2811 1536 2840 nunc
1567 2801 1711 2839 tamen
1743 2796 1872 2838 etiam

171 2884 278 2931 illud
307 2883 501 2937 notabis,
546 2884 590 2925 iu
622 2888 892 2940 pentametro
923 2882 1118 2925 additum
1150 2879 1395 2924 huiusmodi
1427 2879 1544 2935 quid·
1575 2903 1635 2911 —
1679 2891 1872 2934 prona.

172 2968 294 3010 Bene
324 2967 558 3010 Vum-ms:
603 2967 777 3020 „Prona
818 2978 970 3008 manus
1011 2970 1079 3008 est
1119 2964 1174 3008 ad
1211 2964 1497 3021 pocillandum
1542 2968 1587 3006 et
1629 2962 1871 3004 ministran-

172 3051 273 3094 dum
303 3052 522 3103 inclinata,
553 3062 667 3104 quae
699 3050 931 3104 largiorem
962 3051 1051 3094 vini
1082 3054 1233 3105 potum
1267 3062 1353 3092 non
1386 3048 1590 3099 invideat,
1621 3045 1697 3088 sed
1728 3040 1872 3094 α’φθὸ-

172 3150 252 3182 νως
286 3134 480 3178 sundat.“
540 3133 744 3176 Ceterum
775 3138 896 3189 patet
927 3146 1024 3176 esse
1056 3137 1112 3175 et
1142 3133 1401 3184 tenendum3
1435 3131 1515 3172 hoc
1546 3128 1720 3185 scripsit
1748 3128 1875 3183 Lyg-

174 3218 352 3270 damus,
409 3217 591 3260 vividius
640 3215 657 3257 i
703 3218 942 3260 sennenn
992 3217 1149 3260 intulit.
1240 3219 1302 3259 Ac
1354 3215 1547 3269 sequitur
1596 3214 1739 3256 statim
1790 3216 1873 3254 lte.

172 3300 442 3343 Huscust
480 3301 544 3341 Tu
580 3299 708 3343 infert
740 3313 793 3342 ex
827 3313 866 3341 v.
888 3302 977 3350 62„
1009 3301 1150 3351 male3
1182 3299 1298 3342 nulla
1325 3299 1437 3340 enim
1470 3297 1538 3340 hic
1568 3298 1795 3353 oppositio.
1815 3320 1873 3327 -

175 3384 225 3426 V.
248 3388 384 3438 quq.
416 3383 608 3426 durum
640 3394 833 3437 genus.
897 3380 1004 3422 Cum
1035 3382 1222 3424 Vossws
1254 3379 1397 3422 dirum
1426 3379 1655 3435 receperit,
1688 3378 1870 3419 [lusen-
