2158 3750
696 229 876 283 LIBR.
913 232 954 283 1.
1026 231 1227 285 ELEG.
1261 234 1305 286 Ι.
1789 242 1848 288 11

276 376 332 418 V.
361 378 490 419 7-24.
547 376 739 421 Prima
778 393 909 435 pars
949 380 1122 424 medii
1162 381 1445 425 carminis.
1515 381 1595 422 De
1635 379 1854 435 planta-

157 458 316 501 tione
361 458 564 502 vitium
603 459 992 515 arborumque
1033 460 1195 504 etde
1232 462 1392 504 cultu
1430 460 1660 504 deorum
1700 460 1853 515 agri-

155 543 427 586 colatum.

274 625 329 669 V.
353 629 396 669 7.
456 626 479 669 1
489 637 614 682 pse,
645 637 729 668 non
758 639 913 668 usurus
939 640 1160 670 servorum
1192 641 1340 684 opera.
1400 627 1611 671 Similiter
1638 626 1855 670 Pnornn-

157 719 261 748 rius
295 706 376 759 111,
410 709 483 760 17,
517 709 588 749 15.
619 726 678 740 -
726 707 780 751 V.
807 711 851 749 8.
893 709 1149 762 grandia.
1214 711 1402 754 Vossrus
1435 712 1548 754 male
1584 708 1748 751 eximia
1786 709 1853 752 in-

159 793 445 844 terpretatur3
488 789 620 830 immo
654 792 884 832 teneras
924 789 1076 832 vites
1107 794 1153 833 et
1182 792 1423 844 grandia
1452 806 1616 848 poma
1645 804 1744 835 cum
1773 804 1856 847 op-

155 871 371 926 positione
411 869 700 925 epitbetorum
741 869 868 912 dixit.
928 870 1004 912 Fit
1033 876 1179 913 autem
1211 872 1397 915 alacrior
1427 877 1473 915 et
1504 874 1727 916 nervosior
1755 885 1855 916 ora-

152 954 215 996 tio
258 953 603 1009 oppositionibus
644 952 804 995 talibus
850 951 1167 1010 epithetorum‚
1213 968 1325 1009 quae
1367 956 1552 998 maxime
1601 957 1856 999 conveniunt

149 1033 288 1090 vigori
312 1035 568 1078 elocutionis
597 1035 881 1080 Tibullianae.
944 1039 1092 1084 Quare
1121 1038 1284 1082 errabis
1315 1038 1351 1082 si
1381 1039 1484 1082 talia
1513 1039 1652 1082 otiosa
1678 1038 1853 1092 habeas,

149 1121 225 1160 ant
266 1118 400 1160 solius
429 1122 605 1161 ornatus
636 1130 766 1162 causa
807 1119 973 1176 posita3
1022 1121 1143 1177 epica
1173 1123 1242 1165 vel
1273 1122 1448 1166 ubertas
1478 1122 1546 1164 vel
1577 1123 1855 1175 magnificen-

148 1201 208 1243 tia
251 1198 536 1255 epithetorum
578 1207 887 1259 perpetuorum
928 1204 1069 1247 aliena
1110 1210 1179 1248 est
1219 1206 1275 1248 ab
1316 1204 1696 1250 biscarminibus.
1760 1206 1851 1249 Sed

147 1298 286 1341 pergo
328 1284 382 1329 ad
428 1291 588 1330 cetera.
657 1287 709 1330 In
750 1289 895 1344 priore
938 1302 1065 1332 versu
1106 1289 1265 1333 adiecit
1304 1295 1532 1333 maturo
1579 1293 1852 1345 tempore,

149 1369 250 1422 quia
279 1366 362 1412 hoc
400 1368 444 1411 iu
485 1369 644 1412 vitibus
684 1371 879 1414 serendis
918 1372 1104 1415 maxime
1136 1386 1271 1428 opus,
1311 1373 1412 1416 licet
1442 1374 1571 1415 etiam
1602 1386 1732 1428 poma
1763 1386 1849 1416 non

147 1450 300 1503 quovis
330 1455 527 1506 tempore
556 1452 828 1507 plantentur3
863 1452 907 1494 in
937 1453 1075 1495 altero
1103 1458 1247 1496 autem
1279 1453 1447 1497 facili
1475 1467 1640 1497 manu
1668 1454 1848 1508 addidit,

146 1533 335 1575 suaviter
364 1533 493 1575 etiam
523 1531 606 1576 hoc
641 1534 781 1589 pomis
811 1534 1045 1588 grandibus
1074 1536 1422 1589 accommodans,
1452 1538 1651 1591 quoniam
1681 1536 1853 1580 facilem

55 1655 58 1660 .
144 1628 315 1659 manum
361 1617 516 1659 melius
559 1616 603 1659 in
650 1615 884 1661 maioribus
928 1616 1169 1660 laudaveris
1209 1631 1338 1672 quam
1382 1619 1424 1660 in
1467 1617 1699 1661 levioribus
1747 1616 1853 1671 (mit

145 1699 445 1758 Leichtigkeit
485 1699 599 1743 lzolze
633 1699 974 1757 Obststiimme).
1045 1702 1146 1746 Hoc
1183 1716 1313 1745 sensu
1357 1704 1552 1746 Ovnnus
1595 1705 1763 1747 Amorr.
1793 1701 1852 1755 ΙΙ,

144 1787 218 1836 16,
248 1785 322 1825 30.
355 1782 489 1826 dixin
539 1784 725 1839 Corpore
755 1798 836 1826 nos
857 1782 1002 1841 facili
1031 1783 1159 1827 dulce
1181 1784 1389 1843 feremus
1420 1801 1556 1831 onus,
1601 1798 1658 1829 ne
1686 1785 1851 1829 adscri-

143 1868 241 1910 bam
284 1872 457 1920 cetera,
503 1881 614 1922 quae
657 1867 952 1918 Bnnumlws
989 1869 1118 1911 affert
1161 1869 1215 1911 ad
1265 1869 1391 1911 Ovid.
1425 1871 1519 1911 Art.
1550 1869 1646 1912 Am.
1680 1869 1715 1922 Ι,
1748 1871 1850 1912 160.

141 1952 301 1995 Errant
346 1951 480 2006 igitur
523 1953 597 2007 qui
641 1953 886 2008 explicant:
934 1953 1091 1995 solerti
1131 1953 1377 1996 industria.
1420 1976 1475 1986 --
1530 1954 1584 1997 V.
1627 1957 1670 1998 9.
1731 1952 1851 1996 Nec

141 2047 276 2090 spes
305 2033 618 2077 destituat.
679 2035 871 2078 Verbum
901 2048 987 2078 uon
1018 2039 1085 2078 est
1112 2037 1316 2091 optantis,
1352 2036 1593 2092 precantis,
1636 2036 1714 2079 sed
1744 2049 1848 2093 spe-

141 2117 301 2170 rantis,
346 2122 550 2160 monente
588 2117 831 2161 Huscnxro
875 2123 1028 2161 contra
1068 2124 1252 2174 ceteros,
1315 2119 1457 2162 Porro
1495 2133 1655 2176 spem
1695 2132 1850 2162 censor

65 2241 70 2244 .
139 2200 332 2243 lenensis
376 2200 590 2244 Huscbkii
634 2203 662 2245 l.
698 2203 770 2246 cit.
815 2218 857 2259 p.
900 2207 1002 2247 187.
1044 2211 1315 2260 proventum
1356 2211 1585 2260 speratum
1632 2205 1849 2259 intelligit,

138 2284 294 2326 collato
325 2282 577 2326 Bmmnm.
609 2283 664 2326 ad
698 2284 898 2339 Propert.
929 2284 987 2337 Π,
1020 2288 1060 2332 1,
1090 2287 1164 2327 73.
1205 2290 1253 2327 ut
1282 2300 1380 2340 spes
1410 2285 1520 2327 anni
1548 2299 1680 2342 saepe
1710 2299 1842 2329 voca-

137 2371 209 2408 tur
237 2379 365 2420 seges
409 2365 570 2420 (Ovm.
603 2366 714 2409 Met.
743 2366 843 2419 XV,
876 2366 1019 2421 113.).
1081 2369 1224 2422 Atque
1258 2365 1340 2410 hoc
1373 2369 1501 2410 etiam
1533 2368 1740 2411 BAcnms
1773 2380 1845 2411 se-

138 2448 295 2503 quitur.
357 2448 447 2492 Sed
478 2462 652 2492 causam
691 2450 890 2504 equidem
927 2464 1012 2493 non
1054 2451 1204 2503 video,
1245 2464 1378 2506 quare
1423 2455 1639 2494 contemta
1670 2452 1846 2508 propria

137 2533 386 2574 nervosiore
427 2533 742 2587 significatione
773 2534 1078 2587 metonymiam
1109 2533 1330 2590 praeferre
1363 2533 1608 2576 debeamus.
1672 2534 1843 2589 Nempe

136 2614 210 2670 qui
239 2615 423 2671 primum
457 2616 563 2670 legit
600 2616 756 2659 verba:
807 2629 908 2660 nec
951 2630 1087 2673 spes
1129 2617 1454 2670 destituat,
1494 2616 1653 2672 accipit
1684 2629 1736 2659 ea
1765 2628 1843 2660 ne-

135 2698 326 2741 cessario
361 2699 563 2754 proprie,
603 2698 736 2742 veluti
768 2710 867 2741 cum
900 2698 1061 2740 mes
1094 2697 1130 2751 Ι,
1163 2700 1236 2741 41.
1273 2697 1402 2740 dicit:
1449 2697 1585 2739 simul
1615 2712 1731 2756 quae
1762 2711 1842 2739 cu-

136 2781 280 2823 rando
309 2780 488 2824 vulneri
518 2796 630 2838 opus
659 2789 792 2830 sunt,
838 2789 1060 2840 tanquam
1089 2797 1189 2838 spes
1220 2781 1447 2836 subesset,
1484 2782 1636 2825 sedule
1666 2796 1845 2838 compa-

136 2870 236 2918 rat,
265 2862 401 2906 simul
428 2863 470 2906 si
499 2863 725 2909 destituat
755 2879 884 2922 spes,
911 2865 1008 2907 alia
1034 2865 1267 2923 praesidia
1297 2866 1496 2909 molitur.
1555 2867 1666 2910 Cum
1697 2871 1842 2910 autem

136 2946 232 3002 spei
264 2945 431 2990 indoles
462 2945 571 2991 haec
600 2948 681 3002 sit,
726 2953 776 2992 ut
817 2950 889 3004 qui
927 2949 982 2993 de
1016 2949 1098 2993 hoc
1133 2964 1262 2994 sensu
1305 2950 1469 2994 diceret
1511 2951 1624 3007 apud
1656 2955 1842 3004 veteres,

137 3031 341 3075 continuo
379 3036 528 3087 posset
574 3033 704 3076 etiam
735 3032 791 3077 de
822 3047 1007 3090 persona
1037 3036 1128 3092 Spe
1161 3036 1304 3091 loqui,
1353 3036 1554 3090 quoniam
1599 3034 1740 3078 vivida
1776 3035 1841 3077 vis

137 3114 476 3170 exspectationis
518 3115 738 3159 excitabat
776 3115 977 3163 facilb'me
1017 3119 1127 3164 deae
1156 3120 1462 3174 cogitationem
1495 3120 1539 3162 in
1570 3132 1719 3162 eorum
1750 3119 1844 3162 ani-

136 3197 243 3251 mis,
281 3198 639 3254 quemadmodum
680 3202 792 3244 aliae
835 3204 997 3246 multae
1035 3205 1277 3248 abstractae
1317 3205 1514 3247 notiones
1551 3204 1614 3246 sic
1655 3203 1698 3245 in
1737 3202 1841 3244 deas

137 3285 326 3326 mutatae
355 3287 482 3337 sunt,
511 3296 624 3327 nunc
654 3284 783 3328 etiam
815 3285 977 3330 Tibulli
1010 3286 1231 3344 phantasia
1262 3289 1466 3332 continuo
1497 3301 1522 3331 a
1554 3300 1600 3330 re
1630 3286 1686 3330 ad
1717 3286 1841 3328 deam

137 3364 313 3416 transit,
356 3377 437 3410 nec
477 3366 708 3422 quidquam
750 3368 843 3412 miri
884 3370 925 3413 in
968 3369 1049 3416 hoc
1094 3373 1285 3417 transitu.
1362 3373 1497 3416 Plane
1529 3371 1680 3437 eodem
1713 3367 1842 3413 modo
