2158 3750
729 261 912 314 LIBR.
950 262 991 312 I.
1064 256 1264 310 ELEG.
1302 255 1396 306 IV.
1811 258 1910 302 103

216 407 419 468 Cybeleia
449 413 592 450 mater
622 404 786 449 incitat
817 405 880 447 ad
909 403 1134 462 Phrygios
1173 401 1286 446 vilia
1317 397 1509 443 membra
1543 396 1717 444 modos,
1767 397 1908 455 deque

212 491 308 535 viro
328 491 429 548 fias
458 505 538 532 nec
558 488 738 548 femina
770 501 848 530 nec
878 485 971 539 vir,
1019 492 1073 526 ut
1103 482 1252 530 Attis,
1329 484 1455 529 Quae
1485 481 1661 524 laudant
1695 479 1910 535 interpre-

210 583 292 619 tes.
353 576 494 618 Porro
541 572 690 617 vilia
708 602 723 625 ‚
772 573 988 614 contemta
1033 580 1060 609 a
1105 580 1153 609 se
1199 571 1244 609 et
1288 564 1408 608 nihili
1448 564 1606 608 habita.
1670 562 1904 606 confertur

211 659 348 702 Ovm.
380 658 498 700 Fast.
529 657 606 709 lv,
632 656 746 697 2432
792 650 944 694 molles
985 649 1182 692 ministri
1222 671 1282 680 —-
1324 647 1520 690 caedant
1561 645 1750 688 iactatis
1793 643 1905 686 vilia

210 738 402 781 membra
458 737 612 780 modis.
697 735 898 778 Alienum
952 746 1058 775 vero
1109 737 1177 775 est
1228 731 1297 774 hic
1349 730 1464 785 quod
1517 731 1645 774 etiam
1707 729 1904 782 verbere,

210 822 393 877 flagellis
422 833 573 864 secare
601 831 669 875 pr.
699 818 883 861 caedere
925 816 1084 860 dicitur
1118 815 1302 868 Latinc3
1344 827 1443 857 nam
1486 827 1567 857 nec
1607 813 1799 857 additum
1840 818 1907 856 est

209 917 324 947 nunc
350 898 628 946 verberibus,
663 912 746 942 uec
774 898 879 941 satis
910 897 1053 952 gravis
1083 897 1257 939 omnino
1285 897 1498 939 sententia
1526 896 1652 939 foret.
1714 895 1826 939 Nam
1860 901 1907 938 ut

208 987 339 1030 toties
377 985 483 1027 alias
512 982 628 1039 apud
656 988 828 1037 veteres
858 987 904 1025 et
936 983 1078 1038 ipsum
1107 981 1356 1033 Tibullum,
1401 981 1464 1022 sic
1505 980 1635 1022 etiam
1667 978 1735 1021 hic
1768 993 1905 1035 poena

207 1069 318 1112 bene
348 1065 698 1110 accommodatur
725 1065 907 1108 crimini.
970 1063 1113 1106 Debet
1143 1062 1393 1105 mendicare
1426 1074 1505 1118 per
1534 1061 1690 1112 urbes,
1722 1062 1795 1115 qui
1825 1074 1904 1103 au-

205 1165 299 1195 rum
331 1164 411 1207 pro
441 1150 613 1194 Venere
643 1147 850 1204 sumpsit,
893 1145 1025 1189 debet
1066 1146 1256 1188 eviratus
1299 1144 1340 1187 in
1383 1148 1605 1201 posterum
1648 1143 1792 1185 vivere
1826 1155 1906 1185 nec

204 1234 273 1276 vir
301 1246 382 1276 nec
412 1232 594 1286 femina,
640 1231 716 1287 qui
754 1232 885 1275 vilem
920 1229 1069 1273 habuit
1108 1229 1288 1273 tbrmam
1318 1242 1440 1272 suam
1473 1233 1517 1271 et
1544 1228 1683 1284 pretio
1714 1226 1907 1269 vendidit

206 1330 331 1360 usum
363 1314 704 1372 pulchritudinis.
739 1335 798 1347 --
850 1313 904 1357 V.
941 1315 1018 1357 71.
1078 1312 1270 1356 Venus
1300 1313 1458 1367 ipsa,
1487 1311 1582 1366 ipsa
1611 1322 1782 1364 quoque
1816 1310 1905 1352 Ve-

204 1412 289 1443 nus
319 1399 425 1451 vult,
452 1402 503 1440 ut
533 1395 701 1439 blandis
731 1394 990 1438 carminibus
1020 1394 1102 1435 sibi
1138 1394 1369 1436 concilient
1399 1405 1555 1449 pueros
1586 1397 1813 1434 amatores.
1845 1414 1906 1423 —

204 1480 550 1534 Blanditiis,
579 1479 798 1522 amatoriis
821 1478 1093 1521 carminibus.
1126 1478 1264 1521 Ovm.
1295 1477 1464 1519 Amorr.
1495 1476 1553 1529 11,
1587 1479 1627 1528 1,
1656 1479 1743 1517 21:
1776 1474 1904 1516 blan-

205 1563 346 1606 ditias
370 1562 602 1621 elegosque
629 1561 760 1608 leves,
791 1574 888 1603 mea
918 1558 1026 1605 tela,
1055 1556 1273 1615 resumpsi
1283 1573 1300 1607 ‚-
1336 1557 1593 1599 mollierunt
1621 1555 1759 1598 duras
1787 1556 1907 1598 lenia
1947 1597 1959 1605 ,

202 1645 339 1690 verba
363 1644 510 1705 for-es.
539 1668 601 1678 —
642 1643 753 1687 Mox
783 1640 1022 1696 asyndeton
1036 1656 1055 1684 t·
1082 1639 1274 1699 querelis
1303 1636 1595 1696 supplicibus,
1625 1637 1795 1680 miseris
1813 1639 1906 1695 fle-

201 1729 326 1774 tibus
363 1743 565 1786 magnam
606 1729 693 1773 vim
741 1727 896 1779 habet3
941 1726 1134 1781 graviter
1171 1725 1266 1768 finit
1306 1725 1544 1768 orationem
1586 1723 1708 1766 deus·
1771 1724 1907 1768 Cete-

206 1826 303 1858 rum
334 1813 494 1856 favet
527 1810 812 1867 querelis,
852 1808 1108 1852 fletibus
1139 1812 1231 1850 est:
1275 1807 1578 1863 querentibuS,
1607 1807 1806 1849 fientibus
1838 1807 1930 1851 fa»

206 1900 304 1950 vet,
351 1907 515 1951 eosque
555 1893 731 1937 adiuvat
771 1897 821 1935 ut
865 1890 1109 1935 audiantur.
1183 1890 1383 1945 Denique
1423 1889 1478 1932 de
1521 1902 1604 1933 usu
1642 1890 1905 1946 pronominis

201 1981 308 2023 illa
338 1979 395 2023 cf.
425 1978 481 2022 ad
510 1978 548 2032 1,
576 1980 622 2032 2,
648 1980 725 2021 58.
785 1976 932 2020 Finita
961 1979 1063 2018 sunt
1091 1979 1325 2030 praecepta
1357 1973 1523 2029 Priapi.

319 2062 377 2106 V.
419 2059 588 2103 ⁷3-ad
628 2060 772 2102 tinem.
850 2057 1062 2100 Exitus
1107 2056 1398 2100 carmIniS.
1479 2057 1661 2099 Poeta
1711 2058 1904 2101 laetus

200 2144 541 2203 praeceptis
580 2155 608 2186 a
650 2142 868 2199 Priapo
910 2142 1151 2193 traditis
1194 2141 1317 2183 dum
1363 2141 1704 2195 magistrum
1753 2144 1903 2185 cele-

201 2231 351 2273 brem
384 2241 443 2272 se
472 2229 663 2271 iactat
691 2226 944 2270 futurum
976 2226 1214 2279 amoris,
1261 2237 1384 2268 mox
1427 2224 1679 2267 ridicule
1720 2226 1904 2267 sentit

201 2314 318 2358 sibi
363 2313 476 2369 ipsi
517 2325 579 2355 se
621 2323 783 2368 opem
833 2310 990 2354 ferre
1035 2322 1144 2353 uon
1197 2322 1392 2366 posse,
1443 2309 1696 2352 Maratbi
1745 2323 1903 2367 quem

204 2401 480 2453 torqueat
518 2397 714 2440 lentus
754 2407 920 2439 amor.

323 2480 378 2524 V.
411 2482 469 2523 73
501 2491 565 2534 sq.
626 2478 799 2522 Titio.
862 2480 1234 2534 Buoucxnusms,
1267 2480 1488 2533 Vtrumne»,
1518 2479 1710 2524 Vossrtrs
1738 2479 1904 2525 Titium

202 2562 461 2618 Septimium
491 2561 764 2616 intelligunt,
809 2541 996 2604 nobilem
1027 2561 1111 2603 ista
1141 2565 1285 2605 aetate
1316 2566 1489 2618 poetam
1523 2561 1704 2615 lyricum
1737 2567 1782 2604 et
1813 2568 1903 2604 tra-

200 2645 371 2698 gicum,
415 2643 472 2687 de
512 2657 599 2700 quo
641 2643 885 2687 Hommms
929 2643 1138 2686 videndus
1181 2643 1322 2698 Epist.
1365 2644 1400 2698 l,
1431 2648 1474 2698 3,
1507 2648 1550 2689 9.
1622 2645 1694 2688 Tu
1735 2658 1903 2688 mecum

201 2739 285 2768 uon
325 2725 542 2769 dubitabis
582 2727 728 2770 fictum
761 2725 829 2769 nic
859 2738 956 2769 esse
986 2737 1167 2779 nomen,
1215 2726 1576 2780 quemadmodum
1606 2733 1698 2771 tota
1729 2730 1904 2772 consul-

201 2810 310 2852 tatio
338 2811 489 2866 Priapi
516 2811 618 2854 ficta
646 2815 728 2854 est.
788 2810 891 2853 Fuit
922 2823 1076 2853 nomen
1113 2811 1242 2852 etiam
1275 2814 1427 2865 postea
1459 2812 1571 2854 inter
1603 2825 1679 2864 ea,
1721 2823 1903 2866 quorum

203 2906 305 2935 usus
335 2893 379 2935 in
407 2894 510 2936 ficta
535 2906 611 2947 τος
641 2907 738 2937 uam
769 2894 881 2950 apud
914 2896 1233 2937 iureconsultos
1267 2907 1415 2938 eorum
1447 2901 1554 2950 erat,
1585 2909 1768 2951 quorum
1797 2908 1904 2939 cau-

201 2988 292 3018 sam
321 2974 393 3029 agi
428 2975 661 3030 fingebant,
693 2975 949 3018 observante
980 2976 1339 3031 Bnoucxuus103
1369 2979 1481 3033 apud
1515 2978 1790 3019 luvnnunm
1821 2978 1898 3030 IV,

201 3062 272 3101 13.
335 3059 718 3114 Wuunsnmcmo
761 3062 938 3102 notante
980 3060 1244 3115 integritatis
1290 3061 1402 3103 sama
1445 3062 1656 3115 insignem
1690 3061 1902 3105 hominem

201 3142 433 3195 significat.
457 3165 517 3175 —
547 3143 811 3186 coniunx.
875 3143 1031 3186 Incidit
1062 3144 1198 3199 igitur
1226 3146 1390 3188 interea
1423 3147 1464 3188 in
1498 3148 1667 3202 puellae
1696 3160 1901 3200 amorem,

202 3227 316 3270 unde
344 3239 574 3284 puerorum
597 3228 732 3270 amori
764 3239 848 3270 nou
879 3228 1061 3284 amplius
1094 3230 1228 3273 locus.
1246 3253 1305 3262 —
1336 3231 1391 3275 V.
1412 3235 1469 3274 75
1488 3245 1549 3286 sq.
1584 3232 1901 3285 celebrate,

146 3369 153 3373 ἱ
204 3311 399 3366 probate,
422 3312 570 3366 colite,
600 3312 774 3355 laudate
805 3312 1071 3367 magistrum,
1102 3315 1162 3357 ait
1186 3314 1604 3369 Wuwnunmcmus,
1639 3315 1679 3357 h.
1703 3328 1738 3356 c.
1773 3327 1901 3370 prac-

205 3395 342 3448 ceptis
378 3394 485 3437 meis
516 3395 683 3440 utimini
716 3407 852 3451 eaque
891 3398 1051 3452 optima
1082 3396 1264 3452 liabete3
1311 3411 1408 3443 nam
1441 3397 1655 3441 celebrare
1689 3397 1901 3440 hominem
