2158 3750
306 257 410 304 400
705 251 1172 305 COMMENTAR.
1208 252 1282 302 IN
1319 253 1608 303 TIBULLI

312 394 495 436 Messala
535 394 576 434 in
612 395 796 445 utroque
838 404 996 445 genere
1041 393 1300 444 excelleret,
1343 391 1421 436 hos
1461 393 2004 438 duoscommemorandos

310 477 476 516 censuit
517 478 658 529 poeta.
719 472 908 515 Eosdem
941 475 1141 516 Sumtus
1181 475 1326 533 laudat
1366 476 1472 519 Silv.
1503 478 1557 529 V,
1587 480 1634 530 3,
1670 481 1772 520 114.
1800 499 1859 508 —
1916 479 2006 522 de-

309 561 591 600 curreret.
669 557 1096 610 Wuunssnmcnms,
1153 570 1281 611 quem
1323 559 1517 612 sequitur
1561 559 1851 614 Huscffluus,
1905 564 2007 615 per-

308 640 468 681 fectum
512 639 755 680 decurrerit
799 639 1011 694 praefert,
1063 639 1163 692 quia
1210 639 1473 693 praecedens
1511 639 1676 682 vixerit
1717 653 1800 683 non
1843 641 2008 693 antisti,

309 723 386 765 sed
420 722 602 779 perfecti
639 724 813 779 proprie
844 722 946 765 dicti
980 724 1063 765 vim
1106 721 1286 776 habeat,
1330 725 1400 766 cui
1435 737 1534 766 nonv
1557 724 1696 766 credit
1734 726 1854 766 recte
1886 724 2008 778 iungi

309 806 621 861 imperfectum.
695 805 785 848 Sed
829 806 1114 848 certissimum
1159 811 1226 848 est
1267 804 1369 848 nihil
1410 792 1722 849 incommodius
1761 804 1830 848 hie
1859 805 2010 848 inferri

310 903 440 944 posse
482 889 701 945 perfecto,
745 888 933 943 nihilque
974 890 1117 944 aptius
1152 895 1196 932 et
1234 891 1378 932 verius
1421 902 1518 935 esse
1559 889 1825 945 imperfecto.
1898 889 2013 934 vido

310 974 363 1015 ad
403 974 439 1026 I,
464 977 507 1026 2,
533 978 604 1016 65.
638 997 694 1004 -
755 986 855 1029 per
897 975 1111 1026 orbem,
1155 988 1234 1030 per
1265 974 1524 1042 caelum&
1546 976 1691 1028 2550.
1722 998 1784 1006 —
1845 978 2010 1016 terna

311 1056 582 1108 Saecula,
615 1055 774 1097 Graeci
812 1051 954 1107 γενεάς
986 1056 1159 1108 dicunt,
1182 1069 1308 1120 'quae
1347 1051 1777 1111 tamem-breviores,
1824 1060 1870 1098 ut
1901 1069 2007 1098 con-

309 1143 417 1192 stat,
460 1140 621 1182 Italicis
651 1140 846 1182 saeculis.
931 1139 1006 1181 Sic
1038 1139 1197 1180 factum
1232 1144 1282 1180 ut
1315 1139 1458 1181 Latini
1494 1144 1712 1182 trecentos
1744 1152 1886 1182 annos·
1915 1137 2009 1180 Ne-

309 1223 415 1264 stori
446 1221 667 1274 dederint,
699 1221 755 1263 de
787 1220 940 1276 quibus
970 1234 1056 1263 non
1086 1221 1293 1275 cogitavit
1321 1221 1562 1263 nonanus.
1586 1243 1647 1253 --
1706 1221 2010 1264 fertilibus

308 1303 494 1356 horis,
538 1302 578 1346 h.
611 1315 648 1346 e.
691 1303 1020 1358 tempestatibus
1059 1301 1183 1355 anni,
1226 1303 1357 1344 veluti
1399 1303 1579 1346 Hom-r.
1615 1304 1824 1346 notissim·
1861 1304 1944 1346 loc.
1972 1303 2010 1357 Ι,

311 1390 394 1440 12,
431 1390 516 1428 162
565 1385 791 1444 variisque
838 1384 1050 1426 mundum
1095 1387 1328 1441 Temperat
1374 1385 1509 1426 horis.
1567 1385 1822 1430 *Construes
1866 1389 2010 1428 autem
2084 1407 2087 1414 ν

310 1477 441 1510 terna
488 1467 671 1510 saecula
709 1465 949 1526 fertilibus
996 1467 1132 1509 horis.
1209 1467 1326 1509 Infra
1373 1468 1500 1510 dicit:
1566 1465 2013 1525 Centumxfecundos

315 1551 454 1592 Titan
492 1550 772 1593 renovaverit
812 1565 976 1595 annos,
1032 1557 1077 1593 et
1116 1565 1156 1595 v.
1183 1555 1294 1594 122:
1337 1551 1517 1609 fertilis
1558 1550 1680 1595 almi.
1755 1550 2016 1596 Inzviciszl-
2090 1543 2093 1546 Δ

309 1633 460 1676 tudine
507 1641 750 1688 temporum
798 1647 970 1676 causam
1020 1634 1254 1676 fertilitatis
1302 1636 1485 1690 positam
1532 1635 1627 1689 quis
1675 1635 1838 1688 nescit,
1898 1634 2013 1678 unde

314 1718 495 1759 Graecis
527 1703 669 1772 ἴΩραι
707 1711 937 1797 εῧκαρτῖοι,
979 1711 1287 1772 ἀγλαόκαρποι.
1351 1717 1550 1762 Quaeras
1580 1729 1866 1778 porrosquam
1895 1717 2016 1760 utili.-
2061 1701 2074 1714 ⁴

310 1803 444 1842 tatem
477 1798 558 1841 hoc
589 1800 686 1842 loco
717 1797 872 1841 habeat
899 1797 1131 1841 fertilitatis
1161 1799 1339 1841 mentio.
1400 1798 1569 1855 Nempe
1601 1800 1644 1841 in
1676 1799 1827 1853 elegiis
1850 1798 2013 1842 Tibulli
2051 1802 2063 1810 ‘

312 1892 396 1921 non
437 1893 542 1922 sane
582 1880 772 1923 occurrit
814 1878 1060 1922 huiusmodi
1092 1880 1220 1934 quid,
1262 1880 1376 1934 quod
1413 1893 1498 1923 non
1534 1882 1708 1925 adiuvet
1741 1882 2014 1950 sententiffiub

313 1963 389 2005 sed
434 1977 546 2006 nunc
587 1964 632 2005 in
675 1965 800 2018 epico
846 1965 1036 2006 carmine
1080 1977 1326 2016 versamur,
1376 1965 1492 2019 qnod
1534 1977 1672 2019 genus
1697 1967 1846 2009 multa
1885 1961 2014 2012 habet

314 2052 564 2088 ornamenta
605 2059 689 2088 non
731 2047 998 2100 singulorum
1047 2049 1239 2091 locorum
1271 2051 1413 2090 ”causa
1461 2049 1626 2104 posita,
1677 2043 1760 2091 'sed
1801 2053 1850 2091 ut
1894 2048 2016 2090 color

314 2129 542 2171 universae
585 2130 791 2172 orationis
839 2130 1106 2185 splendidior
1149 2132 1239 2175 fiat.
1278 2155 1335 2163 —
1385 2144 1507 2187 ‘per
1549 2120 2061 2192 ignotasv-u1b683
2103 2127 2110 2181 ’ᾗ

313 2213 375 2255 Et
419 2227 700 2268 quamquam,
754 2215 840 2267 ait,
893 2216 966 2257 ille
1007 2211 1177 2256 πόλλων
1218 2210 1462 2272 ἀνθρώπων
1503 2216 1593 2257 ἴδεν
1634 2211 1767 2256 ἄστεα
1809 2217 1882 2255 καὶ
1920 2209 2018 2256 νόον

314 2296 442 2350 ἔγνω,
489 2302 535 2340 et
575 2298 758 2352 plurima
792 2298 941 2340 didicit
982 2300 1042 2340 in>
1068 2297 1134 2341 his
1172 2299 1405 2343 erroribus.
1436 2321 1495 2328 —
1557 2299 1678 2343 Qua
1717 2297 1884 2339 maris
1926 2308 2020 2339 ex-
2094 2278 2109 2309 ‘³

314 2380 518 2423 tremis
565 2385 678 2434 cet.‚
741 2381 814 2423 ubi
861 2387 977 2424 terra
1025 2383 1204 2426 Oceano
1249 2383 1511 2436 includitur,
1569 2382 1643 2436 qui
1687 2386 1845 2438 postea
1888 2382 2066 2442 etiam„
2101 2387 2107 2395 ⁴

313 2477 434 2507 mare
474 2464 626 2507 dictus.
708 2464 942 2520 Comparat
985 2465 1203 2514 Hssrmus
1249 2467 1400 2509 Sever.
1445 2466 1570 2508 Aetn.
1607 2467 1690 2508 942
1738 2464 2017 2520 Quacunque

313 2543 551 2586 immensus
600 2552 748 2587 terrae
802 2560 848 2587 se
896 2546 1092 2604 porrigit
1145 2544 1287 2593 orbis,
1338 2546 1628 2605 Extremique
1681 2545 1819 2588 maris
1870 2544 2020 2587 curvis

314 2626 565 2686 incingitur
603 2628 748 2672 undis.
827 2629 950 2672 Adde
991 2630 1150 2673 Cxcssu.
1192 2632 1339 2674 Somn.
1374 2633 1494 2687 Scip.
1534 2645 1572 2675 c.
1597 2636 1649 2675 6:
1700 2629 1851 2678 Omnis
1895 2637 2022 2672 tenra

307 2723 461 2766 parva
492 2710 712 2768 quaedam
743 2711 896 2753 insula
926 2719 1020 2759 est,
1062 2711 1340 2770 circumfusa
1369 2712 1448 2754 illo
1479 2711 1618 2759 mari,
1659 2711 1780 2771 quod
1809 2710 2019 2754 Atlanti-

316 2808 443 2841 cum,
485 2794 605 2852 quod
633 2809 869 2852 magnum,
910 2809 1037 2852 quem
1069 2796 1290 2835 Oceanum
1320 2793 1562 2850 appellatis
1591 2793 1639 2836 in
1675 2792 1825 2836 terris.
1888 2793 2022 2838 Oete·
2079 2811 2083 2814 ·

316 2892 411 2922 rum
455 2879 616 2922 indicat
656 2884 786 2935 poeta
823 2878 888 2920 his
928 2878 1070 2920 verbis
1110 2880 1338 2922 terminum
1377 2891 1594 2933 errorum,
1634 2879 1749 2922 unde
1780 2879 1900 2922 vides
1939 2892 2022 2923 er-
2054 2872 2083 2885 ”

316 2964 539 3005 raverit
586 2975 694 3017 qua
738 2962 1072 3004 includitur
1117 2975 1214 3006 esse
1267 2964 1457 3007 breviter
1501 2963 1660 3006 dictum
1708 2975 1772 3018 pr.
1814 2962 2021 3012 errave&
2094 2965 2102 3026 J

317 3061 454 3102 usque
489 3060 541 3090 eo
574 3061 672 3101 qua.
735 3048 858 3090 Conf.
892 3049 1000 3090 infru
1031 3052 1134 3093 147.
1166 3053 1212 3092 et
1238 3050 1302 3092 sic
1333 3049 1535 3092 Pmnm.
1564 3047 1702 3092 Nem.
1733 3047 1821 3102 111,
1850 3050 1924 3091 25.
1964 3046 2020 3090 de
2087 3030 2095 3057 ¹*
2138 3053 2146 3098 f

318 3129 535 3173 Hercule:
580 3126 656 3171 διά
690 3126 730 3171 τ’
757 3125 991 3186 ἐξερεύνασε
1017 3133 1225 3184 τεναγέων
1250 3127 1403 3181 εΡοοὶς,
1436 3124 1524 3172 ὅπα
1551 3126 1770 3180 πόμπιμον
1799 3131 2022 3182 amarificare
2097 3138 2100 3143 '

317 3207 474 3253 νόστου
516 3213 661 3262 τέλος,
716 3217 760 3254 et
803 3218 1096 3268 perscrutatus
1136 3219 1203 3275 est
1243 3212 1453 3257 vadorum¹
1491 3213 1652 3258 fluenta
1679 3203 1919 3266 ⁴quousque
1960 3209 2043 3273 ad.

319 3300 556 3339 extremam
595 3295 759 3338 veniret
795 3297 1078 3350 navigationis
1110 3303 1280 3343 metam.
1304 3322 1364 3330 —
1422 3298 1476 3343 V.
1496 3299 1556 3340 54
1580 3309 1674 3350 sqq.
1721 3274 2027 3337 ciconum-2
2091 3287 2099 3307 ¹
2134 3310 2138 3313 ·

319 3394 346 3435 q
359 3393 387 3423 u
400 3393 424 3424 e
467 3394 508 3425 m
520 3393 546 3424 a
558 3393 585 3424 n
597 3393 626 3423 u
637 3393 658 3424 s
699 3393 722 3424 r
733 3393 757 3424 e
770 3395 796 3437 p
810 3395 836 3437 p
851 3381 986 3436 ulit,
1029 3383 1120 3426 scil.
1153 3395 1250 3427 cum
1281 3382 1448 3426 urbem³>
1466 3383 1668 3450 caperet,
1709 3377 1824 3434 quod
1858 3377 2016 3421 factum
