2158 3750
637 290 820 343 LIBR.
855 293 896 343 1.
969 290 1172 340 ELEG.
1209 291 1352 342 VIII.
1745 299 1839 343 177

146 434 343 489 querelas
374 435 498 490 pueri
528 438 684 490 poeta,
714 433 959 488 interpellat
988 433 1294 475 lamentantem
1329 437 1374 475 et
1405 431 1601 476 hortatur
1631 437 1679 476 ut
1708 434 1836 477 finem

145 516 274 558 faciat
317 521 362 558 et
402 516 542 570 erigat
581 516 795 567 animum,
841 528 940 557 cum
980 527 1066 557 non
1105 515 1251 557 audiat
1282 514 1465 558 Pholoe.
1536 517 1660 562 Quae
1691 530 1760 560 res
1790 523 1838 560 ut

143 599 363 640 miseranti
393 603 549 654 poetae
578 598 767 640 suaviter
795 598 1009 650 convenit,
1040 598 1101 639 ita
1131 611 1217 640 uon
1247 599 1386 641 minus
1417 598 1471 640 ad
1498 600 1682 655 puellam
1715 615 1836 644 com—

143 680 397 723 movendam
427 682 599 722 inventa
626 684 718 732 est3
746 691 847 723 nam
877 683 923 721 et
952 678 1145 721 discessu
1176 681 1299 734 pueri
1327 681 1471 724 futuro
1504 687 1638 724 terret
1668 697 1762 727 eam
1794 690 1846 742 etl

143 765 198 806 ad
228 765 397 806 divinae
427 776 592 819 poenae
618 762 756 805 mInas
781 763 1008 804 transitum
1038 761 1137 804 hinc
1164 763 1247 804 sibi
1279 770 1416 818 parat.
1446 789 1491 796 —
1525 766 1641 810 Nec
1673 770 1838 824 prod-

146 854 234 889 est
284 852 413 889 tura
465 845 698 889 dedisse
749 845 916 887 focis.
991 844 1225 900 Impiorum
1272 859 1395 888 sacra
1434 847 1538 891 deos
1578 851 1843 906 adspernari,

150 935 243 971 erat
281 934 475 971 veterum
515 927 683 983 opinio,
723 924 838 967 unde
870 924 1033 967 Cxcun.
1063 924 1120 966 de
1158 925 1301 980 Legg.
1330 927 1388 979 11,
1419 931 1462 970 9.
1505 929 1609 972 dicit
1639 932 1842 978 laudante

150 1013 548 1054 Wunnssnmcmo:
576 1007 750 1066 Impius
777 1022 834 1050 ne
862 1006 1028 1049 audeto
1051 1006 1239 1063 placare
1271 1007 1398 1050 donis
1428 1010 1543 1052 iram
1574 1012 1765 1057 deorum.
1784 1040 1844 1047 —

152 1095 201 1138 V.
227 1098 283 1136 71
316 1108 411 1149 sqq.
469 1093 579 1136 Hic
619 1091 928 1136 Marathus.
989 1092 1124 1134 Suavi
1162 1092 1300 1134 ironia
1340 1105 1453 1136 nune
1494 1095 1629 1149 ipsius
1661 1097 1845 1140 Marathi

148 1180 347 1234 exemplo
369 1179 519 1232 utitur,
548 1177 623 1232 qui
646 1177 845 1220 similiter
867 1181 996 1219 antea
1019 1179 1235 1218 amatores
1263 1188 1365 1219 suos
1393 1180 1437 1218 et
1461 1177 1601 1232 ipsum
1624 1178 1843 1222 Tibullum

147 1261 321 1303 luserat.
382 1260 546 1304 Notum
577 1273 680 1303 vero
710 1259 917 1303 ludere
947 1259 1002 1303 de
1032 1259 1148 1302 fastu
1176 1260 1220 1302 in
1250 1260 1481 1303 amoribus.
1509 1284 1569 1293 —
1598 1263 1846 1306 ultorem

147 1348 279 1398 post
309 1342 484 1399 capu't
513 1355 654 1388 esse.
715 1342 951 1398 comparat
979 1342 1198 1386 Vmerus·
1218 1343 1374 1386 Senec.
1407 1344 1587 1387 Hercul.
1616 1345 1696 1388 sur.
1728 1350 1848 1391 385:

149 1424 366 1482 Sequitur
393 1424 604 1482 superbos
634 1424 758 1468 ultor
787 1439 818 1465 a
842 1431 968 1483 tergo
997 1423 1120 1466 deus.
1181 1427 1326 1479 Atque
1355 1426 1414 1468 ita
1445 1428 1616 1483 saepius
1647 1443 1676 1469 a
1705 1437 1848 1488 tergo.

149 1509 350 1552 Tibullus
382 1516 492 1566 post
531 1516 671 1566 caput
701 1508 876 1562 dicens,
916 1509 1178 1562 imaginatur
1209 1521 1324 1564 pone
1354 1515 1606 1563 sequentem
1639 1511 1767 1553 deum
1800 1517 1851 1554 ut

149 1594 284 1636 irruat
313 1594 356 1636 in
386 1598 529 1650 eaputs
588 1593 657 1636 De
686 1593 828 1649 capite
857 1592 1007 1635 confer
1035 1592 1177 1635 Seru.
1207 1592 1356 1646 Antig.
1390 1595 1519 1635 1272.
1552 1595 1694 1635 1273:
1739 1594 1782 1634 ἐν
1811 1589 1853 1638 δ’,

151 1676 239 1730 ἐμῷ
268 1671 381 1734 κάρᾳ
417 1671 648 1723 θεὸξ·τὸτ’
676 1672 764 1733 ἄρα
791 1671 894 1718 τότε
922 1679 1031 1729 μέγα
1068 1670 1204 1732 βάρος
1244 1671 1289 1724 μ’
1317 1675 1423 1728 ἔχων
1453 1675 1637 1718 ἔπαισεν.
1671 1700 1729 1709 -
1774 1679 1850 1719 la-

155 1759 376 1812 crimis,
408 1763 458 1801 ut
488 1759 670 1802 HoRAT.
695 1761 827 1803 Satin
850 1759 910 1814 ll,
937 1764 980 1813 3,
1008 1762 1093 1802 72:
1126 1758 1258 1800 malis
1289 1758 1506 1800 ridentem
1538 1759 1697 1800 alienis
1727 1760 1852 1802 dixit.

155 1839 239 1882 Est
274 1840 408 1895 igitur
436 1842 691 1896 exquisitior
730 1842 874 1885 lectio.
935 1843 1210 1897 Quamquam
1243 1842 1390 1884 nescio
1434 1855 1511 1885 cur
1541 1842 1740 1884 Tibullus
1773 1856 1853 1898 pro

154 1921 430 1977 simplicitate
455 1935 536 1966 sua
567 1937 652 1966 non
684 1923 939 1980 praetulerit
970 1923 1236 1971 usitatiorem
1269 1925 1576 1967 accusativum.
1608 1948 1664 1956 —
1713 1925 1854 1967 ficta

155 2002 488 2048 detinuisse
530 2018 710 2058 mora,
752 1998 956 2048 causatus
997 2004 1302 2059 impedimenta
1344 2010 1388 2046 et
1418 2009 1672 2060 promittens
1705 2012 1858 2061 postea

156 2097 205 2127 se
233 2091 474 2140 venturum,
503 2098 587 2130 non
618 2092 763 2129 tamen
793 2084 982 2128 veniens.
1006 2106 1067 2116 -
1098 2086 1397 2149 opposita,
1427 2086 1620 2129 defendit
1650 2088 1856 2140 Vossms,

156 2182 253 2212 cum
283 2171 452 2213 dicant=
484 2171 647 2213 obdere
673 2170 840 2213 foribus
871 2169 1106 2225 pessulum,
1137 2169 1340 2211 obserare
1369 2169 1500 2223 sores,
1522 2171 1759 2225 oppositae
1790 2170 1859 2212 fo-

74 2251 78 2254 '
153 2262 241 2305 res,
273 2252 425 2296 elatliri
453 2253 627 2308 obiecti,
658 2254 800 2297 obiice
830 2253 1003 2306 clausae
1034 2252 1162 2296 fores.
1213 2254 1278 2296 Ac
1302 2254 1600 2296 Pnopmwws
1617 2253 1694 2307 IV,
1713 2257 1756 2306 5,
1776 2257 1858 2296 48:

157 2333 394 2377 obductam
435 2350 581 2378 seram
631 2336 764 2380 habet
809 2332 1012 2379 lauduuo
1052 2335 1312 2378 Huscnmo.
1398 2334 1670 2391 Appositum
1716 2349 1861 2378 seram

159 2418 386 2462 Hssmsms
415 2421 543 2463 unice
572 2420 785 2476 probabat
814 2417 884 2463 hic
913 2424 958 2463 et
987 2418 1104 2475 apud
1134 2419 1371 2470 Ovrmtru,
1408 2417 1465 2460 cf.
1495 2417 1551 2460 ad
1582 2418 1750 2460 Amorr.
1782 2417 1861 2470 111,

160 2505 230 2553 14,
264 2506 337 2546 lo.
398 2503 490 2547 Sed
520 2503 651 2547 modo
682 2502 765 2547 hoe
794 2503 924 2547 modo
954 2502 1063 2547 illud
1093 2502 1238 2545 sensui
1270 2501 1438 2557 aptius,
1469 2505 1515 2542 et
1546 2512 1658 2542 nune
1689 2499 1861 2554 quidem

159 2587 231 2629 vix
271 2587 451 2641 negabis
481 2585 901 2643 oppositam-magi·
929 2585 1156 2642 quadrare.
1218 2585 1286 2628 De
1332 2584 1652 2627 constructione
1693 2586 1863 2624 autem=

160 2673 330 2714 ianua
357 2672 498 2714 dura
524 2673 803 2728 oppositu
834 2681 964 2715 se-ra
993 2670 1115 2717 0621,
1149 2673 1191 2723 1,
1221 2672 1275 2711 32
1320 2667 1445 2709 labor
1477 2665 1691 2709 assiduus
1722 2664 1866 2706 vicino

160 2753 302 2796 hoste.
351 2755 418 2798 Ac
446 2755 602 2810 copula
623 2755 817 2798 subiecta
849 2758 937 2797 est
965 2759 1099 2808 auget
1129 2753 1215 2795 vim
1245 2752 1364 2793 vocis
1394 2748 1610 2806 opposita,
1641 2747 1698 2790 cf.
1723 2760 1761 2789 v.
1779 2750 1868 2800 43„

164 2850 299 2894 quare
337 2845 424 2881 n‘on
448 2823 653 2881 ‘debebat
684 2852 711 2882 a
741 2839 911 2882 Vossto'
936 2838 1050 2882 eiici.
1078 2858 1135 2872 —
1187 2835 1330 2879 hunc
1376 2835 1538 2886 diem,
1590 2846 1677 2888 quo
1708 2833 1870 2876 monita

166 2934 263 2965 mea
293 2919 416 2966 audis
444 2927 496 2967 et
519 2922 643 2978 sequi
672 2926 811 2979 potes.
948 2911 960 2922 ”

1335 3517 1397 3562 12
