2158 3750
311 273 418 321 414
710 270 1178 324 COMMENTAR.
1213 271 1288 322 IN
1325 271 1614 322 TIBULLI

312 413 430 455 vides
461 412 748 464 nervosioris,
794 424 891 454 cum
923 411 1053 455 modo
1095 413 1150 455 de
1192 414 1298 456 mari
1329 413 1488 457 dictum
1522 420 1664 466 esset,
1710 414 1898 469 ideoque
1937 421 2005 460 est

314 497 620 551 praepositum.
683 495 888 537 Ceterum
920 495 1072 536 αένίιιε
1103 509 1237 536 aures
1273 497 1463 552 reperias
1494 498 1623 539 etiam
1653 511 1722 553 ap.
1755 497 2005 541 Pnunsswr.

311 582 354 623 in
386 577 631 633 Symmach.
661 578 696 632 Ι,
728 582 827 621 449.
862 603 918 610 -
969 561 1295 636 quadrupes
1341 594 1567 636 aspera,
1610 594 1695 623 non
1725 594 1880 634 saeva,
1923 583 2007 624 im-

308 665 467 717 manis,
499 664 575 706 sed
607 664 778 706 omnino
812 664 915 706 fera.
980 665 1090 707 Nam
1121 667 1331 721 asperitas
1364 667 1521 720 ingenii
1556 672 1624 708 est
1653 668 1840 710 omnium
1873 679 2005 720 agre-

307 747 437 789 stium
468 751 512 789 et
541 747 799 790 silvestrium
831 747 1042 801 ferarum,
1074 749 1173 803 quia
1205 749 1357 804 procul
1387 748 1441 790 ab
1473 747 1656 791 humano
1688 750 1808 792 cultu
1838 750 2003 792 vivunt.

306 829 435 872 Patet
460 828 555 872 binc
583 843 668 872 non
698 843 824 886 posse
856 830 911 872 de
943 832 1174 873 mansuetis
1206 831 1416 885 gregibus
1440 831 1598 884 boum,
1631 832 1771 875 ovium
1803 832 1846 874 in
1877 831 2003 873 salti-

305 911 386 953 bus
430 913 613 966 cogitari
657 926 765 967 quos
811 913 1029 955 Hermus
1075 913 1220 966 addit3
1267 926 1526 968 quamquam
1574 911 1614 955 lui
1657 914 1786 955 etiam
1835 926 1914 969 per
1956 925 2006 955 se

305 993 434 1035 alieni
465 993 518 1035 ab
550 993 630 1036 boc
662 996 787 1048 loco,
822 995 894 1036 ubi
926 998 988 1037 sic
1020 996 1238 1048 cogitatur
1269 1009 1413 1038 rerum
1445 1002 1626 1048 natura,
1656 1000 1706 1038 ut
1736 1000 1803 1039 est
1834 995 2005 1038 diversa

304 1073 359 1114 ab
391 1071 580 1115 humanis
613 1074 754 1117 rebus.
779 1098 839 1106 -
872 1075 985 1115 tuis
1023 1075 1190 1117 votis.
1256 1075 1436 1117 Constat
1470 1089 1603 1117 novos
1634 1076 1833 1119 consules
1865 1077 2004 1131 primo

304 1157 375 1199 die
418 1158 694 1211 magistratus
735 1157 983 1199 solemniter
1026 1161 1125 1198 vota
1166 1169 1442 1211 nuncupasse
1484 1157 1527 1198 in
1569 1157 1784 1211 Capitolio
1819 1170 1900 1213 pro
1932 1170 2006 1199 sa-

304 1242 394 1284 lute
434 1241 609 1298 populi,
657 1240 754 1283 vide
787 1253 825 1283 v.
861 1253 898 1282 c.
932 1239 1034 1281 L1v.
1066 1238 1191 1282 XXI.
1225 1253 1262 1281 c.
1296 1243 1368 1282 63.
1427 1239 1563 1282 Ovm.
1594 1238 1735 1294 Epist.
1771 1251 1828 1281 ex
1860 1240 2003 1280 Ponto

302 1324 379 1377 lv,
410 1327 451 1377 4,
484 1327 540 1366 23
574 1338 666 1378 sqq.
713 1324 876 1367 TAcr'r.
911 1325 1020 1366 Ann.
1054 1324 1133 1375 IV,
1166 1328 1239 1366 70.
1273 1347 1333 1355 —
1395 1324 1543 1368 Quin
1592 1323 1810 1377 largita
1856 1327 2006 1367 sunt.

304 1409 411 1450 Cum
456 1408 563 1466 quin
605 1409 663 1451 sit
703 1408 860 1451 tradita
903 1409 1189 1463 genuinorum
1223 1409 1429 1450 librorum
1462 1408 1618 1460 lectio,
1671 1407 1829 1449 eximie
1859 1407 2004 1462 placet

304 1495 534 1536 Huscfflm
565 1493 839 1536 coniectura:
885 1493 995 1551 quin
1027 1492 1202 1551 largita
1236 1493 1330 1534 tuis
1360 1493 1422 1534 sit
1454 1498 1538 1535 etc.
1580 1506 1632 1535 ac
1673 1493 1758 1535 iam
1798 1493 1841 1534 in
1873 1493 2005 1535 Voss.

301 1582 343 1620 3.
377 1584 421 1621 et
453 1578 519 1622 ed.
552 1579 677 1620 Ln’s.
710 1583 920 1620 tentatum
955 1583 1071 1621 erat:
1123 1578 1232 1634 quin
1273 1577 1447 1635 largita
1490 1577 1584 1619 tuis
1625 1577 1719 1619 sint
1764 1576 1911 1619 multa
1941 1577 2006 1620 si-

301 1662 443 1703 lentia
481 1662 612 1705 votis.
674 1663 788 1704 Dicit
821 1667 975 1717 poeta:
1021 1662 1138 1703 nulla
1169 1663 1259 1704 avis
1292 1675 1372 1718 per
1407 1675 1532 1704 auras
1563 1663 1680 1705 volat
1710 1663 2003 1719 strepentibus

299 1747 401 1800 aliS,
433 1747 548 1788 nulla
581 1745 673 1788 fera
703 1747 834 1799 vulgo
870 1745 1119 1800 depascitur
1149 1745 1302 1797 silva8‚
1335 1758 1446 1799 quae
1479 1758 1564 1787 non
1592 1750 1684 1787 tum
1715 1745 1928 1799 quieverit
1956 1749 2003 1787 et

299 1832 464 1874 siluerit
504 1843 601 1873 cum
644 1834 692 1872 tu
733 1834 835 1872 vota
869 1829 1148 1884 nuncupabas
1187 1829 1229 1871 in
1271 1829 1504 1884 Capitolio.
1582 1829 1895 1872 Silentium
1938 1832 2004 1872 est

298 1927 394 1956 cum
441 1913 610 1955 favetur
656 1912 815 1966 linguis
860 1917 904 1954 et
947 1912 1119 1954 omnino
1163 1912 1426 1966 quiescitur,
1477 1925 1532 1955 ne
1575 1913 1760 1968 strepitu
1804 1910 2000 1956 ominoso

301 1999 527 2040 turbentur
558 2010 694 2040 sacra.
759 1997 934 2047 Muta,
979 2005 1234 2051 perpetuum
1280 1995 1529 2051 epitheton,
1573 2009 1684 2039 nunc
1715 1996 1998 2052 aptissimum.

299 2079 381 2120 Est
422 2080 555 2133 igitur
596 2079 809 2120 sententia
853 2079 968 2119 clara
1013 2082 1056 2118 et
1101 2078 1295 2132 poetica,
1342 2091 1393 2119 ac
1431 2091 1527 2120 cum
1570 2077 1788 2121 Hermus
1832 2079 2002 2133 longius

299 2163 478 2218 petitam
511 2161 669 2203 dixerit
701 2161 945 2203 animalium
984 2162 1023 2202 in
1056 2159 1135 2203 hac
1167 2173 1215 2203 re
1246 2161 1532 2215 mentionem,
1578 2161 1846 2204 Hoscmuus
1879 2175 2003 2204 com-

300 2248 426 2299 parat
456 2245 636 2286 similem
667 2242 917 2284 Enmmms
952 2244 1093 2284 locum
1127 2243 1168 2284 in
1200 2241 1362 2286 Bacch.
1396 2246 1672 2287 1071-1074.
1703 2245 1788 2288 iam
1819 2259 1846 2288 a
1876 2246 2004 2289 Vm,-

298 2341 373 2370 Ρῐο
405 2329 607 2380 citatum,
639 2328 714 2369 ubi
747 2325 918 2368 Baccho
951 2327 1177 2380 loquente,
1210 2331 1356 2383 σίγησε
1388 2323 1430 2368 δ’
1461 2323 1625 2384 αἰθήρ,
1658 2328 1761 2381 σΐγα
1791 2323 1835 2368 δ’
1863 2323 2001 2370 eine»

296 2428 376 2462 μσς
410 2412 524 2469 νάπη
561 2407 686 2462 φύλλ’
717 2405 823 2465 εἶχε·
872 2413 1026 2467 θηρῶν
1056 2409 1099 2454 δ’
1132 2409 1206 2455 οὐκ
1240 2407 1293 2454 s’iv
1322 2409 1511 2470 ἤκουσας
1542 2408 1663 2470 βοήν.
1724 2412 1871 2470 Vulgo
1903 2411 2002 2458 cuin

297 2494 629 2537 Bnouciffltxsro
663 2495 867 2537 scribitur
898 2509 922 2538 e
964 2495 1084 2537 libris
1115 2496 1354 2538 nonnullis:
1411 2497 1519 2537 Cum
1555 2495 1729 2554 largita
1761 2495 1856 2539 tuis
1893 2495 2003 2538 suizt

299 2586 427 2619 muta
459 2577 639 2620 silentia
670 2580 800 2624 votis,
834 2579 907 2621 ubi
938 2580 1116 2622 verbum
1147 2580 1293 2634 largiri
1329 2581 1499 2636 passive
1529 2581 1741 2637 accipitur
1770 2593 1851 2623 usu
1883 2579 1998 2636 apud

297 2662 560 2722 antiquiores
590 2662 816 2715 aliquoties
847 2666 1048 2717 reperto,
1095 2661 1368 2704 incommode
1400 2667 1548 2705 autem
1579 2661 1796 2704 hominum
1826 2662 1999 2706 silentia

293 2745 614 2796 immiscentur,
658 2745 779 2798 quasi
821 2744 927 2787 baec
961 2745 1135 2788 turbare
1170 2745 1388 2788 noluerint
1419 2746 1633 2790 animalia.
1714 2746 1780 2788 De
1813 2744 1998 2789 homini-

297 2826 378 2868 bus
409 2825 477 2868 liic
508 2828 643 2869 taceri
679 2827 834 2880 debet3
882 2827 1134 2881 augustiora
1177 2827 1376 2880 silentia,
1420 2840 1532 2881 quae
1572 2839 1716 2870 rerum
1746 2830 1900 2870 natura
1932 2822 1996 2870 liis

296 2909 433 2950 sacris
465 2909 658 2963 largitur.
718 2910 950 2951 Postremo
981 2908 1035 2951 ad
1066 2913 1204 2951 totum
1237 2910 1380 2951 locum
1413 2921 1593 2963 moneo,
1625 2919 1680 2952 ne
1711 2910 1807 2964 q'uis
1838 2910 2000 2952 nimia&

297 2991 649 3045 exaggerationis
696 2995 868 3047 poetam
917 2996 1107 3034 accuset.
1187 2992 1435 3034 Observant
1479 2992 1591 3033 enim
1645 2992 1994 3047 peregrinatores

295 3070 534 3127 hodieque,
583 3077 631 3114 ut
674 3072 958 3114 celeberrima
998 3072 1155 3114 femina
1198 3074 1250 3115 Β.
1295 3087 1356 3116 nn
1389 3058 1546 3116 Smiin
1587 3074 1632 3116 in
1675 3073 1862 3115 Corinna
1902 3087 1994 3126 sua,

298 3158 649 3209 tranquillitatem
681 3161 725 3199 et
757 3157 971 3200 silentium
1003 3158 1116 3201 aeris
1146 3160 1456 3214 universaeque
1499 3171 1643 3201 rerum
1684 3163 1862 3201 naturae
1893 3159 1993 3211 tale,

297 3237 425 3290 quale
457 3237 500 3279 in
525 3237 875 3280 meridionalibus
906 3240 1033 3281 terris
1065 3241 1239 3296 incidat,
1273 3242 1534 3295 incognitum
1568 3253 1664 3284 esse
1687 3239 1800 3296 apud
1833 3252 1911 3283 nos
1945 3246 1991 3284 et

293 3319 336 3361 in
367 3320 526 3362 nostris
558 3321 820 3375 regionibus.
854 3345 911 3353 ——
955 3324 1008 3367 V.
1042 3326 1131 3366 130
1159 3338 1252 3380 sqq.
1315 3325 1581 3381 Iuppiter
1611 3325 1764 3378 ipse,
1793 3323 1835 3364 in
1868 3322 1989 3365 cuius

293 3404 456 3460 templo
498 3417 668 3450 sacrum
713 3404 900 3461 factum,
949 3406 1172 3452 descendit
1215 3414 1264 3452 ut
1306 3421 1508 3465 praesens
1550 3406 1737 3450 adesset.
1800 3405 1866 3448 De
1895 3405 1991 3448 aliis

2119 3615 2124 3618 '
2129 3411 2145 3557 ΜΔΝ
2128 3263 2146 3400 eam-4:22
2135 3236 2147 3245 2
2120 3203 2147 3221 ζ
