2158 3750
335 265 435 311 218
735 254 1203 309 COMMENTAR.
1237 253 1315 306 IN
1351 254 1637 308 TIBULLI

330 411 428 443 cum
462 398 554 442 rivo
584 410 610 440 a
639 397 863 454 superiore
893 401 1017 452 parte
1050 394 1294 448 defluente,
1340 395 1396 442 cf.
1428 397 1637 441 PAnnAn.
1667 397 1703 452 1,
1733 402 1809 444 84.
1883 400 2025 445 Porro

326 480 527 540 irriguas
559 479 725 534 active,
767 485 816 522 ut
847 479 987 524 Vme.
1019 479 1186 533 Georg.
1215 477 1295 531 lv,
1324 480 1398 522 32.
1477 479 1675 534 Denique
1705 480 1826 523 vides
1855 495 2026 526 sensum

328 563 585 619 pentametri
617 574 736 606 esse:
781 566 885 604 tunc
928 561 1049 603 olera
1091 559 1207 603 horti
1248 561 1379 604 culta.
1449 560 1563 605 Nam
1593 563 1786 617 loquitur
1814 562 1871 606 de
1901 567 2028 608 variis

327 648 519 691 ciborum
550 647 796 702 generibus,
827 651 873 688 et
902 645 1087 702 primum
1116 644 1289 700 quidem
1318 645 1378 688 de
1407 645 1473 700 iis,
1505 659 1618 701 quae
1649 648 1847 704 proxime
1875 629 2029 692 absunt

326 745 353 775 a
385 732 530 788 priore
563 731 695 774 victu.
768 729 878 772 Cum
919 730 1034 773 enim
1069 734 1172 773 ante
1211 729 1443 785 glandibus
1483 735 1762 774 vescerentur
1801 734 1847 775 et
1885 728 2029 773 herbis

327 814 602 870 agrestibus,
647 827 761 857 nunc
797 827 928 871 poma
958 819 1004 857 et
1040 814 1160 858 olera
1189 814 1437 857 substituta.
1467 835 1527 844 —-
1578 815 1778 857 Aurea.
1837 813 2028 856 Sensus=

326 904 418 942 tum
460 898 644 955 primum
687 911 830 939 aurea
870 897 968 940 vina
1010 901 1146 953 parta.
1210 908 1470 952 pressos,
1517 893 1559 938 11.
1599 909 1638 939 e.
1681 907 1940 952 expressos,
1980 898 2029 937 ut

325 981 503 1024 chAN.
533 981 612 1035 IV,
642 983 760 1025 3172
802 979 991 1036 palmite
1030 980 1167 1022 crudo
1209 978 1382 1024 arboris
1414 987 1500 1022 aut
1531 986 1686 1022 tenera
1722 993 1877 1021 succos
1898 993 2030 1036 pres-

322 1076 420 1103 sere
459 1061 670 1106 medulla.
743 1062 968 1118 Simplicia
1006 1062 1141 1104 multa
1185 1075 1266 1118 pro
1306 1063 1558 1119 compositis
1597 1061 1713 1118 apud
1744 1067 1896 1119 poetas
1926 1061 2029 1118 poni

325 1143 512 1188 vidimus
543 1144 598 1188 ad
628 1145 665 1200 Ι,
695 1149 739 1198 2,
769 1149 845 1188 80.
873 1167 934 1176 -
974 1145 1187 1200 Mixta,
1233 1146 1424 1188 inventio
1455 1147 1585 1188 etiam
1616 1146 1721 1188 alias
1752 1145 1951 1199 laudata,
1980 1150 2029 1188 ut

327 1231 520 1280 constat,
552 1241 591 1271 v.
624 1240 662 1270 c.
693 1227 833 1270 Vnus.
867 1227 1033 1281 Georg.
1064 1225 1101 1280 Ι,
1133 1229 1175 1270 9.
1206 1249 1265 1258 -
1305 1227 1501 1269 sobria
1528 1225 1770 1283 lympha.
1830 1226 1945 1272 Hinc
1972 1228 2026 1270 il-

325 1310 401 1353 lud
433 1311 735 1355 Pmmmcmt
765 1306 943 1369 ἄριστον
972 1312 1048 1362 μὲν
1077 1304 1214 1370 ὕδωρ.
1274 1311 1473 1366 Denique
1507 1322 1738 1363 securo,
1769 1308 1886 1364 quod
1915 1309 2029 1353 curIs

325 1395 511 1437 exsolvit
541 1399 586 1439 et
617 1395 898 1439 sobrietatem
931 1397 1110 1451 eximit,
1153 1397 1235 1440 nisi
1261 1410 1375 1452 aqua
1405 1396 1593 1439 additur.
1655 1392 1782 1437 Unde
1810 1398 1933 1436 recte
1960 1393 2026 1436 vi·

325 1474 404 1519 des
446 1481 540 1520 est
581 1477 840 1522 collocatum
885 1482 986 1535 post
1026 1477 1110 1522 hoc
1155 1478 1443 1533 adiectivum,
1489 1478 1545 1521 cf.
1577 1478 1692 1521 dicta
1730 1477 1787 1521 ad
1815 1478 1851 1532 I,
1884 1480 1926 1531 1,
1954 1478 2026 1520 34.

322 1558 442 1602 Male
473 1560 546 1602 alii
575 1560 620 1602 in
650 1561 780 1603 finem
810 1561 1058 1604 reiecerunt
1098 1562 1301 1616 copulam
1343 1564 1495 1603 contra
1535 1561 1722 1616 optimos
1751 1559 1910 1612 libros,
1954 1557 2028 1600 alii

320 1642 450 1697 plane
482 1643 719 1688 eiecerunt.
749 1666 810 1675 —
840 1643 898 1688 V.
931 1645 990 1686 47
1020 1655 1115 1697 sqq.
1175 1643 1333 1686 Rura
1363 1642 1560 1686 ferunt
1589 1654 1820 1686 messes.
1881 1640 2026 1684 Mutat

322 1735 435 1767 nunc
466 1725 720 1779 orationem,
749 1738 805 1768 ne
835 1724 998 1768 diutius
1025 1724 1180 1769 eadem
1209 1727 1485 1769 continuetur
1515 1725 1669 1769 forma.
1730 1724 1890 1779 Neque
1919 1735 2023 1767 vero

318 1809 564 1863 praesentia
603 1821 668 1865 pr.
700 1808 949 1865 praeteritis
990 1809 1156 1865 posita,
1201 1814 1252 1851 ut
1284 1809 1691 1852 Wunnnnmcmus
1727 1810 1902 1860 censet,
1947 1805 2026 1850 sed

318 1905 417 1935 cum
451 1897 552 1936 ante
581 1893 819 1937 narraverit
848 1898 898 1936 ut
927 1907 1058 1950 poma
1086 1898 1211 1948 sata,
1253 1891 1367 1936 horti
1398 1893 1530 1947 culti,
1560 1893 1659 1936 vina
1687 1902 1895 1948 expressa
1924 1900 2024 1933 rure

320 1975 407 2018 sint
437 1979 636 2032 primum,
666 1990 780 2020 nunc
810 1978 983 2034 pergite
1014 1991 1089 2021 rus
1121 1985 1203 2033 est,
1235 1979 1305 2022 cui
1340 1978 1604 2022 frumentum
1633 1977 1784 2029 debes,
1812 1975 1887 2018 ubi
1917 1987 2023 2031 apes

317 2061 580 2105 mellificant.
610 2085 671 2093 —-
727 2075 912 2105 annua
953 2066 1112 2105 terra
1143 2059 1183 2104 h.
1217 2075 1256 2106 e.
1288 2062 1534 2116 quotannis.
1594 2074 1806 2114 comas,
1851 2061 2021 2113 aristas,

315 2145 452 2187 veluti
482 2145 620 2190 Ovm.
652 2146 820 2190 Amorr.
849 2145 930 2200 III,
963 2149 1035 2200 10,
1068 2149 1150 2190 11:
1202 2146 1359 2188 Prima
1391 2148 1518 2188 Ceres
1557 2143 1713 2187 docuit
1742 2159 1888 2187 semen
1918 2152 2024 2187 tur-

314 2241 492 2284 gescere
521 2226 569 2268 in
599 2227 748 2285 agris,
794 2227 932 2270 Falce
976 2228 1204 2271 coloratas
1239 2227 1555 2287 subsecuitque
1585 2243 1748 2272 comas.
1775 2252 1836 2260 —-
1881 2230 2021 2272 Porro

313 2310 467 2352 levis
507 2310 655 2366 apis,
696 2310 894 2364 mobiliS,
937 2311 1080 2366 agius.
1111 2332 1171 2342 —-
1212 2324 1390 2354 verno
1422 2312 1614 2365 alveo,
1657 2323 1756 2354 cum
1785 2309 1841 2353 eb
1869 2310 2021 2366 aequi-

314 2393 461 2435 noctio
503 2406 638 2436 verno
677 2407 783 2451 apes
825 2395 1075 2439 mellificare
1115 2395 1384 2452 inciperent,
1431 2401 1482 2438 ut
1524 2396 1812 2438 Cemmenus
1854 2393 1910 2438 de
1948 2394 2021 2438 Re

311 2476 440 2519 Rust.
473 2475 553 2530 IX,
586 2479 655 2520 14.
689 2477 834 2522 docet.
893 2478 1109 2521 Similiter
1140 2479 1304 2522 Graeci
1341 2491 1521 2522 vernum
1552 2479 1639 2521 mel
1670 2481 2018 2531 commemorant,

311 2558 368 2603 cf.
401 2559 722 2603 annotationem
753 2565 944 2604 nostram
986 2561 1042 2604 ad
1074 2561 1214 2605 Pmn.
1245 2561 1423 2616 Fragm·
1453 2559 1622 2616 Dithyr.
1653 2576 1698 2617 p.
1728 2564 1832 2604 618.
1895 2559 2019 2605 Adde

312 2640 615 2685 Genummm
648 2641 690 2686 h.
719 2645 749 2686 1.
812 2644 1018 2687 Ceterum
1058 2645 1251 2689 Vossms
1295 2659 1395 2688 cum
1438 2647 1703 2688 Gssmunno
1737 2657 1844 2686 rure
1884 2659 2018 2687 verno

309 2724 574 2779 iungendum
606 2725 853 2780 contendit,
883 2739 1139 2783 comparans
1169 2728 1348 2769 aestiva
1379 2726 1517 2768 tellus
1554 2727 1729 2770 Sanno.
1760 2725 1880 2769 Med.
1911 2729 2016 2769 759.

311 2811 356 2850 et
384 2806 499 2865 iuga
525 2807 652 2851 verni
681 2810 895 2863 Hymetti
925 2812 1104 2855 Virmn.
1133 2811 1302 2854 chc.
1327 2812 1383 2865 V,
1405 2814 1508 2855 343.
1555 2811 1765 2865 Sequitur
1793 2809 2012 2854 Barcinus·

310 2889 506 2934 Frustra·
580 2892 681 2937 Vox
712 2905 844 2935 rure
875 2905 1024 2934 carere
1054 2891 1124 2934 hic
1154 2892 1286 2936 debet
1317 2892 1535 2950 epitheto,
1581 2896 1632 2935 ut
1662 2905 1702 2936 v.
1732 2894 1804 2935 47.
1835 2895 1910 2937 59.
1941 2894 2014 2934 61.

310 2974 484 3020 sactum.
546 2976 711 3020 Verum
754 2974 888 3029 dicis,
931 2979 979 3018 ut
1013 2979 1134 3018 recte
1172 2989 1328 3018 vernus
1370 2976 1456 3019 dici
1487 2976 1626 3032 possit
1654 2975 1830 3029 alveus,
1875 2978 2014 3017 status

306 3059 420 3102 alvei
461 3059 590 3102 simul
631 3072 811 3103 necesse
857 3064 925 3103 est
969 3060 1080 3103 alius
1126 3061 1185 3104 sit
1228 3074 1333 3104 vere
1375 3074 1504 3116 quam
1550 3059 1691 3104 hieme
1739 3064 1785 3103 et
1829 3063 2008 3103 aestate.

308 3140 475 3194 Audi03
506 3145 636 3196 atque
664 3141 726 3185 ita
755 3146 835 3185 est.
901 3141 1013 3185 Nam
1044 3156 1147 3187 vere
1179 3157 1342 3188 vacuus
1375 3148 1442 3187 est
1473 3149 1517 3188 et
1546 3144 1698 3197 inanis,
1726 3142 1842 3198 quod
1871 3144 2011 3199 ipsum

308 3223 464 3279 probat
493 3231 624 3280 poeta
654 3225 698 3267 in
729 3227 930 3280 sequenti
961 3239 1086 3270 versu
1127 3228 1275 3272 dicens
1306 3229 1608 3286 compleat
1637 3233 1697 3272 ut
1728 3228 1918 3282 favos,
1965 3233 2011 3272 et

310 3308 594 3352 Cotoneum
628 3307 682 3352 de
711 3310 782 3353 Re
807 3311 937 3354 Rust.
963 3311 1041 3365 IX,
1072 3315 1143 3356 14.
1206 3314 1475 3356 Fnu‘rssnms
1506 3328 1662 3356 vernos
1692 3312 1900 3366 coniecit,
1931 3313 2010 3356 sed

307 3406 487 3434 vernum
507 3393 669 3450 florem
702 3398 832 3451 poeta
863 3395 1006 3451 pauilo
1037 3401 1135 3452 post
1166 3411 1204 3440 v.
1236 3400 1309 3441 59.
1342 3396 1500 3440 laudat.
1535 3419 1593 3428 —-
1637 3396 1833 3441 flores.
1900 3394 2007 3440 Vul-
