2086 3756
773 252 1075 306 TlBULLI.
1675 270 1697 301 c
1708 270 1773 306 xv

70 402 296 467 puellam
346 398 510 450 voluit
558 400 658 449 hoc
702 397 960 460 carmine,
1016 394 1162 464 quod
1199 411 1307 447 non
1343 410 1620 462 possumus
1663 414 1770 446 non

70 495 308 560 credere,
370 494 500 546 duas
550 471 775 544 debebat
820 492 963 542 hunc
1009 494 1068 543 in
1115 489 1331 545 modum
1378 491 1550 543 facere
1598 501 1770 558 partes

67 611 246 646 rerum
263 629 277 652 ‚
344 592 572 659 primum
622 586 836 656 quidem
889 606 1103 640 narrare
1155 588 1418 641 somnium
1466 596 1519 638 et
1570 586 1770 638 tristem

69 688 311 739 nuntium
348 682 633 750 Apollinis,
655 694 657 696 ’
682 679 872 732 deinde
912 699 1040 733 vero
1086 680 1294 734 dolores
1332 684 1638 751 luctumque
1677 680 1770 733 de-

66 782 280 847 pingere
312 777 473 828 animi
505 776 793 842 ingentem,
829 791 938 843 quo
965 775 1072 826 iam
1102 793 1171 826 ex
1200 777 1302 828 hoc
1330 778 1519 830 nuntio
1550 778 1769 841 laboret,

66 873 251 925 additis
298 873 543 940 precibus
592 867 814 922 blandis.
900 868 1059 921 Nunc
1106 880 1280 921 autem
1329 871 1566 922 habitum
1615 872 1769 922 nobis

62 964 343 1036 pulchre&
389 961 476 1016 'dei
501 961 645 1016 'Rata
692 980 855 1030 opera
900 960 1173 1028 describit,
1229 963 1323 1032 qui
1366 966 1517 1016 locus
1559 965 1771 1030 longior

60 1046 390 1115 hic-‘'fflenus
411 1059 763 1127 ·“esf;‘*ieiuna
797 1061 955 1112 etiam
995 1070 1052 1112 et*
1083 1061 1196 1112 sine
1235 1061 1287 1114 vi
1329 1071 1441 1113 tota
1481 1062 1768 1113 consolatio

60 1158 341 1225 Apollinis,
378 1147 736 1215 afflf‘autem
762 1157 845 1207 sui
871 1154 1291 1223 desperationem
1312 1156 1557 1222 graphice
1583 1154 1768 1207 adum-

59 1255 214 1304 brare
250 1263 360 1302 no'n
392 1251 558 1305 novit.
627 1251 877 1320 Denique
909 1250 1126 1303 omnino
1155 1253 1257 1303 hoc
1287 1251 1545 1318 ineptum,
1585 1268 1769 1319 quem-

59 1343 343 1398 admodum
376 1345 484 1397 iam
511 1346 751 1414 Heynius
783 1346 965 1412 sensit,
986 1365 989 1370 “
1007 1343 1151 1414 quod
1181 1347 1247 1397 ab
1272 1347 1517 1414 Apolline
1551 1345 1770 1398 docetur

57 1441 318 1494 Neaeram
354 1440 443 1492 alii
476 1442 677 1491 nubere
707 1441 865 1503 velle,
901 1450 953 1491 et:
988 1450 1095 1490 tam
1128 1440 1242 1492 leve
1278 1440 1544 1506 negotium
1582 1439 1769 1492 tribuit

58 1538 149 1588 tali
185 1536 302 1590 deo.
372 1536 647 1588 Sufficiant
682 1538 812 1590 haec
843 1537 945 1589 hoc
974 1538 1118 1600 loce,
1156 1536 1256 1587 alia
1291 1535 1349 1585 in
1376 1534 1766 1586 Commentario

57 1631 252 1684 notavi.
277 1660 350 1671 —
421 1629 628 1683 Accedo
675 1630 743 1684 ad
787 1631 995 1700 reliqua
1043 1630 1300 1693 carmina,
1355 1647 1585 1704 quorum
1629 1647 1767 1681 non-

57 1728 203 1777 nulla
249 1725 436 1777 melius
484 1727 797 1795 composita,
851 1736 913 1778 ut
957 1736 1134 1777 tamen
1175 1727 1376 1794 ubique
1423 1725 1688 1779 diversum
1735 1742 1766 1774 a

57 1819 271 1872 Tibullo
311 1831 520 1889 poetam
561 1817 770 1874 sentiaS.
854 1822 930 1881 Ac
965 1822 1237 1873 secundum,
1261 1837 1500 1885 carmen,
1550 1818 1615 1870 de
1656 1834 1765 1888 quo

54 1915 285 1984 primum
304 1916 508 1983 dicam,
545 1915 734 1969 ultima
755 1916 1003 1970 mandata
1028 1927 1216 1986 poetae
1243 1915 1490 1968 morituri
1517 1915 1766 1966 continet.

19 2051 21 2053 >
56 2009 192 2062 Cum
227 2011 367 2063 ferre
409 1994 516 2063 non
563 2010 729 2080 po'ssit
768 2015 1004 2080 ereptam
1042 2030 1074 2063 a
1108 2012 1261 2066 rivali
1298 2027 1574 2079 sponsam,
1622 2025 1766 2059 mor-

54 2116 159 2158 tem
200 2104 302 2157 sibi
345 2106 545 2169 inferre
589 2105 850 2173 decernit,
901 2116 1050 2177 quos·
1073 2115 1258 2161 Sensus
1299 2109 1475 2161 brevis
1519 2105 1766 2156 introitus

55 2201 287 2270 exponit.
355 2203 496 2256 Tum
533 2214 829 2272 sequuntur
869 2203 1144 2271 mandata3
1188 2204 1434 2257 describit
1474 2213 1647 2255 autem
1684 2219 1764 2253 se-

11 2283 15 2286 *
51 2298 310 2363 pulcrales
350 2298 612 2364 honores,
667 2317 802 2369 quos
848 2301 950 2353 sibi
991 2305 1057 2353 ab
1099 2311 1270 2352 amata
1319 2300 1560 2351 exhiberi
1607 2299 1766 2364 cupit,

55 2402 114 2444 ut
154 2410 312 2461 quem
350 2395 533 2446 vivum
577 2394 894 2462 deseruerit,
944 2397 993 2448 ei
1036 2406 1245 2448 mortuo
1292 2397 1476 2445 saltem
1520 2393 1658 2444 iusta
1698 2407 1765 2440 ne

53 2500 284 2561 recuset,
350 2487 706 2559 additquejn
756 2490 861 2542 fine
910 2493 1065 2543 etiam
1112 2490 1508 2556 inscriptionem
1559 2487 1764 2538 tumulo

51 2583 440 2651 imponendam.
511 2583 598 2636 Sic
639 2594 813 2652 poeta.
884 2585 984 2635 Hic
1027 2602 1092 2634 ne
1136 2583 1200 2634 de
1247 2582 1465 2634 consilio
1504 2577 1764 2632 moriendi

53 2675 246 2743 dicam,
289 2677 435 2747 quod
466 2678 867 2749 fundamentum
908 2680 1150 2730 carminis
1186 2677 1562 2742 iniucundum,
1605 2693 1635 2725 a
1674 2674 1765 2725 Ti-

51 2774 185 2824 bulli
231 2785 340 2825 arte
386 2773 608 2839 recedit,
662 2786 722 2827 ut
774 2775 880 2827 iam
929 2793 1090 2843 supra
1141 2785 1519 2838 memoratum,
1580 2769 1765 2839 putida

51 2867 315 2934 diligentia
371 2869 567 2920 omnia>
602 2881 870 2923 momenta
928 2873 1228 2939 sepulturae
1283 2886 1638 2938 persequens,
1708 2885 1766 2918 ac

53 2980 171 3014 cum
204 2965 435 3016 clausula
467 2965 710 3017 carminis
738 2967 856 3034 ipso
883 2965 989 3016 fine
1020 2964 1390 3017 mandatorum
1423 2963 1767 3024 contineatur,

54 3056 198 3126 quod
235 3068 374 3109 recte
414 3058 532 3111 fieri
570 3060 747 3128 potuit
781 3070 834 3111 et
870 3078 969 3129 per
1006 3078 1062 3113 se
1104 3060 1318 3111 minime
1368 3077 1398 3110 a
1437 3060 1591 3111 nobis
1626 3059 1765 3111 vitu-

51 3162 290 3218 peratur,
334 3153 478 3204 Albii
511 3163 689 3207 tomen
726 3165 896 3208 certus
932 3173 1060 3207 usus
1095 3156 1256 3221 magis
1291 3152 1547 3204 directum
1581 3165 1765 3221 postu-

50 3247 193 3298 labat
229 3251 426 3301 exitum
460 3250 618 3303 finitis
651 3251 927 3304 mandatis.
994 3252 1182 3304 Exitus
1218 3249 1504 3303 indirectos
1533 3248 1763 3301 vidimus

54 3344 118 3390 ab
158 3354 338 3395 exacta
378 3355 639 3399 structura
676 3348 1006 3401 Tibullianae
1051 3349 1242 3415 elegiae
1288 3349 1512 3405 alienos,
1562 3343 1657 3395 etsi
1696 3345 1759 3394 ab

1163 3442 1266 3489 112
