2086 3756
834 210 1141 263 TIBULLI.
1665 228 1845 262 Lxxx'n

139 367 231 424 gat-
258 365 309 408 et
345 373 374 408 a
412 374 464 409 se
500 358 633 426 ips0,
672 359 867 408 solator
905 360 997 425 qui
1034 361 1188 411 vellet
1225 374 1351 421 esse,
1398 355 1586 409 iterum
1626 360 1839 412 iterum-

137 468 239 520 que
277 454 536 520 quaesitas
568 451 763 502 moras·⁴
830 453 1000 501 Porro
1032 453 1096 515 ΙΙ,
1126 453 1175 515 4,
1204 453 1398 504 45-50.
1433 453 1663 504 honores
1700 472 1842 506 mor-

135 556 255 597 tuae
294 548 501 614 puellae
534 547 707 596 bonae
748 544 821 596 sic
857 549 1110 612 explicat:
1158 550 1344 600 Fletur
1385 559 1504 599 ante
1540 566 1727 615 rogum
1765 561 1842 600 at-

136 662 237 711 que
275 644 428 694 etiam
464 643 654 693 annuis
689 641 839 693 sertis
874 642 932 692 in
968 645 1172 694 tumulo
1214 646 1398 711 positis
1435 646 1640 698 colitur.
1721 648 1842 700 Alio

133 741 249 789 loco
297 740 346 801 1,-
377 745 423 802 6,
461 739 652 789 77-84.
697 737 1010 790 describitur
1043 755 1217 804 poena
1252 744 1487 805 puellae,
1535 761 1671 810 quae
1710 743 1843 795 nulli

129 831 235 884 fida
266 833 381 896 fuit,
414 833 684 900 bipartito.
753 833 818 882 In
853 841 1115 884 senectute
1151 832 1312 884 vitam
1351 851 1563 899 egenam
1598 838 1720 888 lana
1761 839 1842 888 fa-

130 926 314 979 cienda
348 937 628 990 sustentat,
681 929 937 978 ferentem
983 935 1159 977 autem
1202 927 1333 977 haec
1367 930 1506 980 mala
1540 899 1650 982 non
1684 934 1842 984 mise-

127 1034 342 1086 rantur,
390 1021 479 1074 sed
521 1020 779 1089 gaudente
816 1021 993 1073 animo
1029 1020 1212 1073 vident
1259 1022 1508 1087 iuvenes»,
1558 1034 1611 1075 et
1654 1027 1839 1078 Venus

128 1119 364 1169 sublimis
401 1135 467 1168 ex
501 1119 609 1169 alto
646 1114 875 1185 Olympo
911 1126 1124 1184 spectat.
1196 1114 1283 1168 Sic
1318 1127 1531 1184 praeter
1564 1131 1841 1186 egestatem

128 1216 282 1266 etiam
320 1225 639 1267 contemtum
674 1214 948 1282 experitur
977 1213 1255 1265 hominum
1292 1225 1344 1265 et
1378 1214 1616 1270 deorum.
1686 1218 1841 1270 Simi-

125 1313 190 1364 lis
225 1313 396 1364 forma
431 1312 535 1364 loci
567 1312 612 1376 1,
642 1317 697 1376 2,
723 1316 916 1362 91-98.
954 1309 1020 1362 de
1059 1327 1233 1379 poena
1270 1311 1396 1374 eius,
1431 1311 1524 1380 qui
1560 1314 1617 1363 in
1650 1313 1840 1366 iuven-

127 1419 235 1459 tute
282 1410 401 1459 risit
453 1417 710 1470 amantes,
756 1423 926 1459 senex
972 1419 1149 1458 autem
1191 1407 1304 1473 ipse
1340 1407 1566 1458 Veneris
1611 1409 1837 1460 vinculis

127 1506 259 1555 colla
294 1500 485 1554 subdit.
555 1503 725 1552 Porro
761 1503 803 1567 Ι,
842 1504 891 1567 9,
927 1504 1120 1552 53-72.
1157 1500 1222 1551 de
1256 1518 1431 1568 poena
1463 1503 1709 1568 hominis,
1745 1505 1838 1572 qui

126 1606 433 1665 corruperat
468 1613 722 1663 puerum,
778 1595 850 1646 sic
887 1595 991 1660 agit
1038 1605 1099 1645 ut
1143 1595 1374 1662 primum
1420 1617 1473 1650 v.
1511 1601 1700 1649 53-64.
1738 1599 1836 1651 im-

123 1703 368 1761 precetur
409 1690 458 1742 ei
500 1691 771 1760 perfidiam
816 1692 1004 1743 uxoris
1052 1691 1433 1759 turpissimam,
1489 1692 1676 1744 deinde
1719 1712 1750 1744 a
1786 1714 1837 1747 v.

125 1789 316 1840 64·72.
351 1786 592 1840 ostendat
629 1787 735 1838 iam
769 1786 949 1839 adesse
988 1784 1119 1838 adeo
1155 1787 1460 1839 huiusmodi
1496 1787 1641 1855 quid.
1727 1789 1835 1839 Ve-

123 1886 214 1937 nio
266 1883 333 1936 ad
381 1885 498 1936 alia.
584 1882 758 1935 Carm.
801 1884 867 1948 Π,
906 1889 954 1949 6,
1006 1883 1196 1935 31-40.
1244 1885 1513 1951 praeclara
1559 1887 1834 1938 obtestatio

120 1983 358 2035 Nemesis
394 1999 492 2050 per
525 1999 706 2032 manes
741 1982 938 2033 sororis
972 1981 1045 2032 sic
1074 1991 1341 2045 tractatur,
1375 1992 1435 2032 ut
1457 1982 1690 2049 primum
1720 2001 1834 2034 mo-

47 2128 51 2132 .
120 2089 241 2132 veat
280 2079 660 2145 supplicatione
695 2075 956 2144 descripta
989 2077 1250 2139 manium,
1286 2094 1446 2144 quam
1483 2079 1717 2129 facturus
1755 2079 1835 2142 sit,

123 2185 233 2225 tum
281 2174 362 2226 ira
412 2185 464 2224 et
506 2172 799 2223 terroribus
843 2170 1116 2222 nocturnis
1152 2181 1392 2222 mortuae
1440 2173 1741 2223 monstratis
1777 2174 1830 2222 in

67 2258 71 2261 ’
120 2288 307 2322 somno
345 2269 691 2337 appariturae.
762 2267 848 2317 De
886 2267 1210 2334 simplicitate
1245 2266 1419 2332 prisca
1454 2267 1511 2317 in
1550 2268 1694 2318 cultu
1729 2268 1834 2318 La-

121 2368 262 2418 rium
296 2369 336 2430 1,
380 2371 464 2430 10,
507 2366 698 2416 17-24.
735 2362 806 2414 sic
843 2362 1039 2429 agitur,
1076 2373 1134 2412 ut
1171 2364 1235 2412 ab
1271 2362 1455 2414 habitu
1495 2382 1726 2431 paupere
1767 2365 1834 2416 ad

123 2482 268 2516 sacra
288 2461 542 2528 simplicia
564 2470 747 2528 pergat
771 2458 1067 2526 descriptio.
1119 2460 1289 2510 Porro
1313 2461 1354 2523 Ι,
1379 2463 1427 2522 1,
1449 2461 1604 2509 7-24.
1637 2464 1833 2510 29-36.

119 2562 343 2612 rusticae
392 2559 531 2610 vitae
577 2555 954 2607 iucunditatem
1000 2557 1268 2607 illustrans
1303 2556 1532 2623 primum
1570 2556 1634 2607 dc
1672 2575 1833 2622 nego-

120 2655 204 2707 tiis
239 2656 473 2717 rusticis‚
513 2649 702 2703 deinde
739 2649 803 2701 de
843 2652 986 2701 cultu
1021 2649 1243 2702 deorum
1281 2649 1422 2702 dicit.
1495 2650 1602 2703 Sed
1634 2653 1833 2718 magui-

119 2751 357 2804 ficentior
388 2752 536 2802 locus
565 2759 639 2800 est
664 2749 730 2813 II,
760 2751 809 2813 5,
845 2749 1077 2798 83-104.
1114 2747 1208 2797 ubi
1241 2746 1462 2798 felicitas
1495 2747 1675 2797 futura
1709 2746 1835 2797 anni

123 2863 190 2898 ex
227 2845 402 2897 omine
439 2847 615 2897 fausto
650 2840 922 2897 sacrorum
971 2843 1299 2895 describitur.
1369 2842 1541 2894 Etiam
1576 2845 1706 2894 haec
1743 2842 1833 2895 de-

121 2941 334 3008 scriptio
371 2941 618 3008 bipartita
653 2956 750 3007 per
784 2939 1161 3006 gradationem.
1233 2938 1410 2990 Prima
1445 2956 1567 3007 pars
1605 2940 1677 2989 sic
1707 2955 1834 3006 pro-

123 3036 287 3088 cedit:
324 3035 439 3087 Erit
477 3036 688 3103 frugum
721 3038 963 3100 ubertas,
997 3037 1171 3086 fetura
1206 3036 1440 3103 pecoriS,
1472 3047 1834 3088 matronarum

121 3131 441 3195 iucunditas,
489 3149 548 3183 ac
594 3130 821 3182 familiae
867 3132 1138 3182 fortunam
1175 3130 1508 3183 domesticam
1543 3130 1834 3184 disertiori-

120 3229 220 3278 bus
251 3227 431 3279 verbis
464 3237 666 3291 tractat,
701 3228 932 3279 suaviter
970 3228 1069 3277 hac
1105 3227 1310 3277 minore
1346 3227 1551 3295 pictura
1588 3227 1832 3279 claudens

119 3332 302 3385 totum,
338 3321 481 3390 quod
511 3334 564 3374 ct
595 3325 767 3391 ipsum
798 3323 942 3377 vides
979 3323 1264 3376 secundum
1291 3324 1642 3390 gradationem
1675 3325 1828 3375 ador-
