2158 3750
324 248 426 293 232
720 238 1186 291 COMMENTAR.
1225 239 1300 289 lN
1338 239 1626 291 Tlssunm

328 388 546 439 Ginaia„
590 390 633 428 et
678 397 806 427 socco
850 386 966 427 luteo
1009 385 1120 428 idem
1162 386 1296 433 utitur
1337 385 1541 428 Carum.
1577 386 1672 438 LX,
1704 389 1798 442 10;,
1834 400 2026 451 νψρηεειο

327 483 431 513 vero
463 470 703 511 flammeum
735 469 960 522 gerebant.
1021 469 1146 512 Adde
1179 471 1314 512 PLIN.
1347 469 1470 521 XXI,
1498 472 1540 511 8.
1573 493 1631 501 -
1680 469 1770 511 Sed
1801 453 2026 513 dit-:endum

328 567 440 596 nunc
483 553 538 594 de
579 550 875 608 phantasmate
917 554 1027 608 ipso.
1090 552 1339 596 Secundum
1385 555 1588 597 Vossmm
1631 553 1779 596 aderat
1818 554 1862 595 in
1899 554 2027 596 domo

329 633 521 678 Cerintbi
550 648 686 690 prope
711 635 838 677 Genii
873 635 1044 688 signum
1076 635 1249 677 Amoris
1281 635 1465 677 volantis
1496 636 1785 687 simulacrum,
1817 635 2030 678 vinculum

327 719 481 759 ssavum
514 730 684 771 gerens.
747 719 806 760 At
840 719 952 760 enim
993 718 1174 774 primum
1219 720 1405 774 permira
1439 723 1504 761 est
1536 718 1793 774 compositio
1826 718 1954 760 Genii
1987 723 2031 761 et

327 801 498 842 Amoris
529 800 584 842 ad
615 801 784 855 focum,
833 803 1003 857 qualem
1037 803 1108 845 vix
1151 803 1324 846 aliunde
1367 803 1644 858 probaveris,
1691 801 1848 844 deinde
1879 803 2034 845 ominis

327 885 447 927 notio
478 887 690 942 postulat,
735 891 783 930 ut
815 886 974 942 aliquid
1007 899 1118 929 nunc
1150 888 1248 940 fiat3
1296 900 1408 930 nunc
1450 892 1593 930 autem
1637 886 1719 930 hoc
1749 887 1918 942 siguum
1949 887 2033 930 iam

327 973 427 1011 ante
469 970 591 1012 stetit
632 971 715 1012 isto
756 970 902 1013 habitu
948 970 1000 1013 ad
1034 970 1189 1014 focum.
1251 971 1320 1015 Ne
1353 974 1510 1025 multa3
1558 977 1650 1014 tota
1681 985 1750 1015 res
1783 977 1852 1015 est
1880 972 2032 1026 visum,

328 1054 577 1110 phantasma
610 1061 795 1111 poetae,
824 1057 956 1098 veluti
989 1069 1120 1111 supra
1151 1057 1187 1108 l,
1219 1060 1263 1109 5,
1295 1060 1368 1100 57.
1402 1057 1599 1099 dicebat:
1633 1056 1716 1098 dat
1745 1057 1875 1114 signa
1910 1057 2034 1100 deus.

332 1140 459 1182 Gerit
489 1144 633 1182 autem
664 1153 776 1182 nunc
809 1141 944 1182 Amor
973 1140 1157 1182 taeniam
1192 1141 1370 1192 flavam3
1419 1153 1515 1182 nam
1558 1142 1743 1182 taeniam
1775 1142 1902 1183 etiam
1936 1153 2036 1182 ero-

329 1221 464 1264 ticum
494 1221 628 1264 fuisse
661 1227 957 1265 ornamentum
989 1223 1138 1266 docuit
1168 1224 1465 1265 WssncKsssz
1496 1224 1539 1265 in
1568 1221 1874 1278 Ephemeridd.
1905 1223 2036 1266 sebo-

334 1305 498 1347 lasticc.
532 1304 795 1350 Darmstadt.
835 1308 963 1347 1831.
996 1305 1114 1347 Part.
1141 1305 1198 1346 11.
1234 1319 1298 1347 nr.
1319 1308 1392 1347 84.
1455 1304 1516 1347 Et
1546 1305 1692 1360 quidni
1724 1305 1850 1347 simul
1880 1306 2039 1361 strepi-

333 1392 425 1435 tum
456 1388 538 1431 sibi
569 1389 683 1430 visus
710 1390 770 1430 sit
805 1388 955 1430 audire
987 1389 1199 1439 volantis,
1248 1389 1379 1430 veluti
1425 1388 1630 1430 CATULL.
1661 1387 1801 1430 XLV.
1842 1387 2039 1449 sternuit

333 1470 511 1514 Amor?
570 1472 670 1514 Non
701 1472 892 1514 obstabit
922 1470 1052 1512 viden
1086 1478 1165 1516 ut,
1213 1470 1326 1524 quod
1362 1469 1417 1512 ad
1449 1475 1587 1512 totum
1620 1469 1870 1526 phantasma
1901 1469 2040 1512 refer-

334 1561 416 1599 tur.
450 1580 506 1588 —
537 1558 592 1601 V.
624 1560 697 1600 21.
728 1559 802 1600 22.
866 1556 977 1598 Cum
1006 1555 1049 1598 iu
1081 1555 1202 1597 libris
1234 1555 1292 1597 sit
1323 1555 1420 1607 hic,
1452 1554 1564 1601 Ῐιιιε,
1597 1554 1734 1601 haec,
1767 1562 1857 1597 tum
1888 1554 2043 1596 veniat

335 1639 404 1681 vel
440 1638 586 1680 veniet
617 1637 816 1684 etavis,
850 1638 1174 1680 LacnuANNUs
1208 1635 1368 1679 edidit:
1402 1636 1494 1677 Hic
1527 1636 1677 1678 veniat
1710 1636 1896 1679 Natalis
1927 1636 2041 1685 avis,

337 1733 590 1778 comparans
634 1722 844 1764 ANTnoL.
887 1721 1003 1764 Lm.
1047 1720 1127 1773 111,
1175 1724 1279 1774 260,
1325 1725 1368 1764 6.
1410 1720 1485 1762 ubi
1529 1720 1584 1763 de
1628 1722 1822 1764 Venere:
1876 1720 2042 1764 consti-

336 1813 444 1847 tuat
468 1814 627 1862 patres
657 1813 703 1847 et
728 1805 817 1847 cito
848 1805 1009 1848 reddat
1040 1819 1163 1848 avos.
1227 1806 1318 1848 Sed
1349 1806 1407 1848 ita
1443 1805 1644 1862 displicet
1675 1807 1790 1862 quod
1821 1807 2042 1862 sequitur:

337 1890 587 1950 prolemque
645 1890 890 1939 ministret,
951 1895 995 1933 et
1056 1891 1332 1934 iniucundum
1385 1890 1797 1947 hysteronproteron
1856 1891 2043 1933 exsistit.

341 1978 486 2021 Quare
519 1977 651 2019 redeo
689 1976 743 2018 ad
776 1977 1018 2030 elegantem
1052 1978 1341 2019 coniecturam
1373 1976 1590 2018 Hssmsu:
1638 1977 1744 2016 Hac
1779 1974 1881 2019 avi,
1922 1979 2043 2016 cete-

342 2071 434 2100 rum
468 2071 565 2100 cum
597 2059 839 2100 Huscnmo
870 2058 1023 2100 veniat
1058 2062 1102 2100 et
1134 2057 1356 2098 ministret
1389 2058 1601 2111 retinens,
1633 2069 1743 2112 quae
1773 2056 1904 2099 verba
1931 2056 2044 2098 idem

342 2141 433 2183 sine
477 2142 734 2184 necessitate
775 2142 819 2183 in
862 2142 1016 2184 venias
1061 2147 1106 2184 et
1149 2141 1373 2184 ministres
1404 2142 1597 2184 mutavit.
1658 2142 1798 2195 Igitur
1827 2140 1932 2183 dicit
1964 2142 2045 2183 Ti-

346 2227 511 2267 bullus:
552 2225 651 2267 Hoc
680 2225 820 2267 fausto
853 2226 995 2267 omine
1032 2226 1173 2267 veniat
1204 2225 1396 2276 Natam,
1426 2225 1614 2266 suaviter
1644 2223 1699 2265 ad
1733 2226 1932 2266 Amorem
1965 2223 2046 2266 ad-

343 2307 556 2348 volantem
581 2306 788 2360 alludenS‚
820 2320 872 2349 ac
904 2306 1035 2348 salsus
1067 2311 1133 2348 est
1158 2307 1562 2349 thnnnmcmus
1596 2319 1775 2349 censens
1800 2319 2044 2362 repugnare

347 2390 409 2432 his
440 2390 592 2432 verba:
629 2389 754 2431 viden
788 2397 838 2430 ut
871 2403 908 2432 v.
945 2394 1012 2432 17.
1047 2402 1125 2444 pro
1158 2389 1312 2443 quibus
1345 2393 1578 2444 propterea
1611 2387 1783 2429 utinam
1815 2390 2048 2432 revocavit.

346 2471 443 2514 Non
476 2472 580 2514 dicit
613 2485 713 2514 vero
745 2472 970 2513 Tibullus:
1017 2470 1095 2514 hac
1139 2472 1208 2513 avi
1250 2477 1452 2524 ventura,
1501 2471 1858 2525 quemadmodum
1902 2473 2046 2516 th-

349 2567 630 2595 Dssnmcuws
662 2555 855 2610 accepit,
901 2554 976 2595 sed
1010 2552 1089 2595 hac
1121 2555 1188 2595 avi
1222 2559 1464 2608 praesente.
1500 2576 1558 2583 —-
1608 2553 1674 2595 Ad
1711 2554 1907 2596 ultimum
1947 2567 2048 2597 ver-

345 2649 464 2678 sum:
499 2636 686 2677 Ludat
716 2641 769 2678 et
801 2640 930 2678 ante
964 2641 1091 2677 tuos
1123 2636 1289 2677 turba
1321 2636 1554 2676 novella
1581 2636 1755 2691 pedes
1779 2637 2046 2679 Huscnxms

347 2726 567 2775 comparat
597 2720 718 2762 ΗΘΜ.
752 2719 801 2761 ll.
834 2719 886 2771 V,
919 2720 1031 2760 408:
1083 2713 1183 2757 οὐδέ
1221 2720 1266 2756 τί
1299 2733 1372 2765 μιν
1406 2717 1559 2763 παῖδες
1590 2720 1690 2757 ποτὶ
1719 2713 1899 2771 γούνασι
1927 2732 2048 2760 παπ-

348 2799 565 2849 πάζουσιν.
639 2802 720 2845 Est
753 2803 863 2845 enim
908 2809 1009 2842 tuos
1042 2801 1094 2842 ad
1125 2799 1372 2843 Cerinthum
1404 2801 1678 2844 referendum
1714 2803 1863 2857 procul
1902 2801 2051 2856 dubio,

348 2886 463 2940 quod
495 2886 720 2929 Hnmsms
763 2887 916 2928 venias
958 2891 1002 2927 et
1043 2885 1267 2927 ministres
1298 2887 1489 2929 scribens
1534 2886 1587 2927 de
1622 2886 1765 2928 Genio
1804 2887 2052 2942 intelligen-

349 2970 449 3011 dum
481 2969 671 3025 putabat.
736 2968 823 3011 Sed
858 2968 1124 3010 Huscnxms
1158 2969 1361 3023 proponit
1392 2967 1526 3008 ludat
1559 2975 1637 3015 ut,
1685 2968 1739 3011 de
1783 2981 1868 3023 quo
1909 2969 1948 3011 ei
1979 2982 2054 3012 as-

349 3056 525 3097 sentior.
589 3054 775 3096 Suavior
817 3058 861 3094 et
894 3054 1032 3107 magis
1075 3054 1244 3108 poetica
1290 3058 1356 3095 est
1401 3054 1506 3095 alias
1547 3053 1684 3094 altera
1725 3052 1948 3103 iunctura,
1998 3051 2052 3094 de

351 3151 434 3190 qua
476 3138 744 3179 Huscnxrus
789 3150 917 3192 supra
961 3137 1070 3180 dixit
1111 3138 1165 3180 ad
1205 3139 1263 3192 ΙΙ,
1297 3127 1454 3192 1‚'64;
1501 3137 1580 3180 sed
1621 3137 1664 3178 in
1707 3134 1786 3178 hac
1816 3137 2052 3179 mutatimle

351 3223 534 3266 subiecti
567 3223 713 3264 durior
744 3223 898 3276 copula
930 3230 998 3269 et,
1029 3224 1251 3266 nervosior
1281 3223 1418 3265 finalis
1449 3221 1659 3278 particula
1691 3226 1758 3262 ut.

916 3375 1488 3395 ‘w—

2148 1527 2158 1536 ,
2144 1469 2158 1485 ,·
2144 1379 2158 1438 ...κ
2131 1107 2158 1367 ann-amavi<-
