<?xml version="1.0" encoding="UTF-8"?>
<!DOCTYPE html PUBLIC "-//W3C//DTD XHTML 1.0 Transitional//EN"
    "http://www.w3.org/TR/xhtml1/DTD/xhtml1-transitional.dtd">
<html xmlns="http://www.w3.org/1999/xhtml" xml:lang="en" lang="en">
 <head>
  <title>
</title>
<meta http-equiv="Content-Type" content="text/html;charset=utf-8" />
  <meta name='ocr-system' content='tesseract 3.04.00' />
  <meta name='ocr-capabilities' content='ocr_page ocr_carea ocr_par ocr_line ocrx_word'/>
</head>
<body>
  <div class='ocr_page' id='page_1' title='image "./carminaexrecensi01tibuuoft_0429.png"; bbox 0 0 2158 3750; ppageno 0'>
   <div class='ocr_carea' id='block_1_1' title="bbox 688 278 1876 337">
    <p class='ocr_par' dir='ltr' id='par_1_1' title="bbox 688 278 1876 337">
     <span class='ocr_line' id='line_1_1' title="bbox 688 278 1876 337; baseline 0.006 -8"><span class='ocrx_word' id='word_1_1' title='bbox 688 278 870 330; x_wconf 87' lang='lat' dir='ltr'><strong>LIBR.</strong></span> <span class='ocrx_word' id='word_1_2' title='bbox 908 281 946 330; x_wconf 92' lang='grc' dir='ltr'><strong>Ι.</strong></span> <span class='ocrx_word' id='word_1_3' title='bbox 1020 279 1220 332; x_wconf 86' lang='lat' dir='ltr'><strong>ELEG.</strong></span> <span class='ocrx_word' id='word_1_4' title='bbox 1259 281 1352 334; x_wconf 90' lang='lat' dir='ltr'><strong>IV.</strong></span> <span class='ocrx_word' id='word_1_5' title='bbox 1813 293 1876 337; x_wconf 79' lang='grc'><strong>97</strong></span> 
     </span>
    </p>
   </div>
   <div class='ocr_carea' id='block_1_2' title="bbox 155 420 1926 2893">
    <p class='ocr_par' dir='ltr' id='par_1_2' title="bbox 163 420 1926 1895">
     <span class='ocr_line' id='line_1_2' title="bbox 171 420 1875 478; baseline 0.005 -18"><span class='ocrx_word' id='word_1_6' title='bbox 171 423 321 461; x_wconf 75' lang='lat' dir='ltr'><strong>ventus</strong></span> <span class='ocrx_word' id='word_1_7' title='bbox 360 420 532 462; x_wconf 83' lang='lat' dir='ltr'><strong>Graeca</strong></span> <span class='ocrx_word' id='word_1_8' title='bbox 577 421 795 463; x_wconf 84' lang='lat' dir='ltr'><strong>intonsum</strong></span> <span class='ocrx_word' id='word_1_9' title='bbox 839 422 1001 464; x_wconf 86' lang='lat' dir='ltr'><strong>crinem</strong></span> <span class='ocrx_word' id='word_1_10' title='bbox 1042 434 1180 476; x_wconf 84' lang='lat' dir='ltr'><strong>usque</strong></span> <span class='ocrx_word' id='word_1_11' title='bbox 1221 421 1274 464; x_wconf 85' lang='lat' dir='ltr'><strong>ad</strong></span> <span class='ocrx_word' id='word_1_12' title='bbox 1318 423 1483 467; x_wconf 87' lang='lat' dir='ltr'><strong>virilem</strong></span> <span class='ocrx_word' id='word_1_13' title='bbox 1525 427 1738 478; x_wconf 78' lang='lat' dir='ltr'><strong>aetatem,</strong></span> <span class='ocrx_word' id='word_1_14' title='bbox 1785 429 1875 469; x_wconf 89' lang='lat' dir='ltr'><strong>tum</strong></span> 
     </span>
     <span class='ocr_line' id='line_1_3' title="bbox 170 499 1873 559; baseline 0.005 -15"><span class='ocrx_word' id='word_1_15' title='bbox 170 502 450 544; x_wconf 79' lang='lat' dir='ltr'><strong>consecrabat</strong></span> <span class='ocrx_word' id='word_1_16' title='bbox 475 499 962 559; x_wconf 66' lang='lat' dir='ltr'><strong>Apollini-atottporpdqoq1</strong></span> <span class='ocrx_word' id='word_1_17' title='bbox 987 508 1034 547; x_wconf 90' lang='lat' dir='ltr'><strong>et</strong></span> <span class='ocrx_word' id='word_1_18' title='bbox 1058 505 1210 558; x_wconf 78' lang='lat' dir='ltr'><strong>fluviis,</strong></span> <span class='ocrx_word' id='word_1_19' title='bbox 1242 505 1297 548; x_wconf 80' lang='lat' dir='ltr'><strong>cs.</strong></span> <span class='ocrx_word' id='word_1_20' title='bbox 1317 506 1612 552; x_wconf 63' lang='lat' dir='ltr'><strong>Bnomrmm».</strong></span> <span class='ocrx_word' id='word_1_21' title='bbox 1638 508 1691 550; x_wconf 91' lang='lat' dir='ltr'><strong>ad</strong></span> <span class='ocrx_word' id='word_1_22' title='bbox 1717 509 1873 552; x_wconf 80' lang='lat' dir='ltr'><strong>Aesch.</strong></span> 
     </span>
     <span class='ocr_line' id='line_1_4' title="bbox 170 583 1874 646; baseline 0.006 -20"><span class='ocrx_word' id='word_1_23' title='bbox 170 583 360 640; x_wconf 83' lang='lat' dir='ltr'><strong>Choeph.</strong></span> <span class='ocrx_word' id='word_1_24' title='bbox 394 599 434 629; x_wconf 81' lang='lat' dir='ltr'><strong>v.</strong></span> <span class='ocrx_word' id='word_1_25' title='bbox 466 589 509 630; x_wconf 83' lang='lat'><strong>6.</strong></span> <span class='ocrx_word' id='word_1_26' title='bbox 569 587 998 634; x_wconf 72' lang='lat' dir='ltr'><strong>Similiternomani</strong></span> <span class='ocrx_word' id='word_1_27' title='bbox 1030 588 1206 632; x_wconf 85' lang='lat' dir='ltr'><strong>iuvenes</strong></span> <span class='ocrx_word' id='word_1_28' title='bbox 1237 590 1416 646; x_wconf 84' lang='lat' dir='ltr'><strong>primam</strong></span> <span class='ocrx_word' id='word_1_29' title='bbox 1452 605 1619 636; x_wconf 88' lang='lat' dir='ltr'><strong>comam</strong></span> <span class='ocrx_word' id='word_1_30' title='bbox 1650 593 1874 637; x_wconf 83' lang='lat' dir='ltr'><strong>detonsam</strong></span> 
     </span>
     <span class='ocr_line' id='line_1_5' title="bbox 169 670 1874 733; baseline 0.005 -22"><span class='ocrx_word' id='word_1_31' title='bbox 169 671 478 713; x_wconf 81' lang='lat' dir='ltr'><strong>consecrabant</strong></span> <span class='ocrx_word' id='word_1_32' title='bbox 501 670 596 714; x_wconf 87' lang='lat' dir='ltr'><strong>diis.</strong></span> <span class='ocrx_word' id='word_1_33' title='bbox 654 671 858 717; x_wconf 79' lang='lat' dir='ltr'><strong>Intonsus</strong></span> <span class='ocrx_word' id='word_1_34' title='bbox 886 684 992 714; x_wconf 87' lang='lat' dir='ltr'><strong>vero</strong></span> <span class='ocrx_word' id='word_1_35' title='bbox 1023 672 1222 716; x_wconf 86' lang='lat' dir='ltr'><strong>Bacchus</strong></span> <span class='ocrx_word' id='word_1_36' title='bbox 1253 672 1493 719; x_wconf 82' lang='lat' dir='ltr'><strong>habebatur</strong></span> <span class='ocrx_word' id='word_1_37' title='bbox 1522 683 1702 733; x_wconf 91' lang='lat' dir='ltr'><strong>propter</strong></span> <span class='ocrx_word' id='word_1_38' title='bbox 1731 682 1874 721; x_wconf 84' lang='lat' dir='ltr'><strong>aeter-</strong></span> 
     </span>
     <span class='ocr_line' id='line_1_6' title="bbox 168 751 1872 814; baseline 0.006 -21"><span class='ocrx_word' id='word_1_39' title='bbox 168 765 264 795; x_wconf 87' lang='lat' dir='ltr'><strong>nam</strong></span> <span class='ocrx_word' id='word_1_40' title='bbox 306 753 571 797; x_wconf 83' lang='lat' dir='ltr'><strong>iuventutem</strong></span> <span class='ocrx_word' id='word_1_41' title='bbox 613 758 658 796; x_wconf 89' lang='lat' dir='ltr'><strong>et</strong></span> <span class='ocrx_word' id='word_1_42' title='bbox 702 754 889 809; x_wconf 82' lang='lat' dir='ltr'><strong>Apollo,</strong></span> <span class='ocrx_word' id='word_1_43' title='bbox 930 754 1003 808; x_wconf 89' lang='lat' dir='ltr'><strong>qui</strong></span> <span class='ocrx_word' id='word_1_44' title='bbox 1042 754 1142 797; x_wconf 89' lang='lat' dir='ltr'><strong>inde</strong></span> <span class='ocrx_word' id='word_1_45' title='bbox 1187 751 1471 814; x_wconf 71' lang='grc' dir='ltr'><strong>ἀκερσεκόμης</strong></span> <span class='ocrx_word' id='word_1_46' title='bbox 1515 759 1684 802; x_wconf 88' lang='lat' dir='ltr'><strong>dicitur.</strong></span> <span class='ocrx_word' id='word_1_47' title='bbox 1759 760 1872 804; x_wconf 83' lang='lat' dir='ltr'>Vide</span> 
     </span>
     <span class='ocr_line' id='line_1_7' title="bbox 167 835 1871 897; baseline 0.004 -19"><span class='ocrx_word' id='word_1_48' title='bbox 167 837 296 879; x_wconf 89' lang='lat' dir='ltr'><strong>etiam</strong></span> <span class='ocrx_word' id='word_1_49' title='bbox 325 838 559 879; x_wconf 68' lang='lat' dir='ltr'><strong>Ammon.</strong></span> <span class='ocrx_word' id='word_1_50' title='bbox 589 835 837 889; x_wconf 61' lang='lat' dir='ltr'><strong>Runa-11,</strong></span> <span class='ocrx_word' id='word_1_51' title='bbox 869 839 970 878; x_wconf 76' lang='lat'><strong>708.</strong></span> <span class='ocrx_word' id='word_1_52' title='bbox 999 857 1058 870; x_wconf 92' lang='lat'>—</span> <span class='ocrx_word' id='word_1_53' title='bbox 1090 836 1118 879; x_wconf 96' lang='lat' dir='ltr'><strong>d</strong></span> <span class='ocrx_word' id='word_1_54' title='bbox 1129 842 1283 897; x_wconf 75' lang='lat' dir='ltr'><strong>ecet,</strong></span> <span class='ocrx_word' id='word_1_55' title='bbox 1314 837 1355 880; x_wconf 91' lang='lat' dir='ltr'><strong>h.</strong></span> <span class='ocrx_word' id='word_1_56' title='bbox 1384 853 1422 882; x_wconf 90' lang='lat' dir='ltr'><strong>e.</strong></span> <span class='ocrx_word' id='word_1_57' title='bbox 1453 842 1641 883; x_wconf 86' lang='lat' dir='ltr'><strong>suaviter</strong></span> <span class='ocrx_word' id='word_1_58' title='bbox 1673 843 1871 886; x_wconf 84' lang='lat' dir='ltr'><strong>convenit</strong></span> 
     </span>
     <span class='ocr_line' id='line_1_8' title="bbox 167 917 1874 976; baseline 0.004 -15"><span class='ocrx_word' id='word_1_59' title='bbox 167 931 316 961; x_wconf 89' lang='lat' dir='ltr'><strong>eorum</strong></span> <span class='ocrx_word' id='word_1_60' title='bbox 355 922 553 961; x_wconf 21' lang='lat' dir='ltr'><strong>naturae.</strong></span> <span class='ocrx_word' id='word_1_61' title='bbox 579 922 625 959; x_wconf 86' lang='lat' dir='ltr'><strong>et</strong></span> <span class='ocrx_word' id='word_1_62' title='bbox 667 917 801 963; x_wconf 89' lang='lat' dir='ltr'><strong>indoli</strong></span> <span class='ocrx_word' id='word_1_63' title='bbox 843 917 912 972; x_wconf 68' lang='lat' dir='ltr'><strong>(es</strong></span> <span class='ocrx_word' id='word_1_64' title='bbox 954 917 1114 959; x_wconf 79' lang='lat' dir='ltr'><strong>kleidet</strong></span> <span class='ocrx_word' id='word_1_65' title='bbox 1155 919 1229 961; x_wconf 79' lang='lat' dir='ltr'><strong>ihr</strong></span> <span class='ocrx_word' id='word_1_66' title='bbox 1273 920 1477 976; x_wconf 80' lang='lat' dir='ltr'><strong>Wesen).</strong></span> <span class='ocrx_word' id='word_1_67' title='bbox 1549 923 1675 965; x_wconf 87' lang='lat' dir='ltr'><strong>Unde</strong></span> <span class='ocrx_word' id='word_1_68' title='bbox 1717 922 1874 969; x_wconf 74' lang='lat' dir='ltr'><strong>liabent</strong></span> 
     </span>
     <span class='ocr_line' id='line_1_9' title="bbox 166 997 1872 1060; baseline 0.005 -16"><span class='ocrx_word' id='word_1_69' title='bbox 166 1015 269 1058; x_wconf 86' lang='lat' dir='ltr'><strong>prae</strong></span> <span class='ocrx_word' id='word_1_70' title='bbox 293 1003 401 1044; x_wconf 88' lang='lat' dir='ltr'><strong>aliis.</strong></span> <span class='ocrx_word' id='word_1_71' title='bbox 461 1003 758 1048; x_wconf 68' lang='lat' dir='ltr'><strong>Ammonius</strong></span> <span class='ocrx_word' id='word_1_72' title='bbox 784 1002 868 1046; x_wconf 83' lang='lat' dir='ltr'><strong>ait=</strong></span> <span class='ocrx_word' id='word_1_73' title='bbox 899 997 985 1049; x_wconf 74' lang='grc' dir='ltr'><strong>τῶς</strong></span> <span class='ocrx_word' id='word_1_74' title='bbox 1013 998 1098 1060; x_wconf 72' lang='grc' dir='ltr'><strong>γάρ</strong></span> <span class='ocrx_word' id='word_1_75' title='bbox 1128 1005 1271 1052; x_wconf 74' lang='grc' dir='ltr'>θέμις.</span> <span class='ocrx_word' id='word_1_76' title='bbox 1293 1024 1350 1056; x_wconf 83' lang='lat'><strong>·.··</strong></span> <span class='ocrx_word' id='word_1_77' title='bbox 1381 1006 1610 1050; x_wconf 90' lang='lat' dir='ltr'><strong>Postremo</strong></span> <span class='ocrx_word' id='word_1_78' title='bbox 1635 1010 1675 1050; x_wconf 91' lang='lat' dir='ltr'><strong>in</strong></span> <span class='ocrx_word' id='word_1_79' title='bbox 1702 1010 1787 1052; x_wconf 83' lang='lat' dir='ltr'><strong>fine</strong></span> <span class='ocrx_word' id='word_1_80' title='bbox 1816 1011 1872 1053; x_wconf 89' lang='lat' dir='ltr'><strong>de</strong></span> 
     </span>
     <span class='ocr_line' id='line_1_10' title="bbox 166 1070 1873 1150; baseline 0.005 -21"><span class='ocrx_word' id='word_1_81' title='bbox 166 1089 364 1131; x_wconf 82' lang='lat' dir='ltr'><strong>universo</strong></span> <span class='ocrx_word' id='word_1_82' title='bbox 389 1089 488 1131; x_wconf 82' lang='lat' dir='ltr'><strong>loeo</strong></span> <span class='ocrx_word' id='word_1_83' title='bbox 511 1087 692 1130; x_wconf 74' lang='lat' dir='ltr'><strong>verbum</strong></span> <span class='ocrx_word' id='word_1_84' title='bbox 717 1070 848 1132; x_wconf 77' lang='lat' dir='ltr'><strong>addo.</strong></span> <span class='ocrx_word' id='word_1_85' title='bbox 912 1088 1060 1142; x_wconf 88' lang='lat' dir='ltr'><strong>Utere,</strong></span> <span class='ocrx_word' id='word_1_86' title='bbox 1090 1089 1165 1142; x_wconf 81' lang='lat' dir='ltr'><strong>ait,</strong></span> <span class='ocrx_word' id='word_1_87' title='bbox 1199 1093 1346 1132; x_wconf 81' lang='lat' dir='ltr'><strong>aetate</strong></span> <span class='ocrx_word' id='word_1_88' title='bbox 1374 1089 1477 1132; x_wconf 92' lang='lat' dir='ltr'><strong>dum</strong></span> <span class='ocrx_word' id='word_1_89' title='bbox 1506 1092 1623 1136; x_wconf 90' lang='lat' dir='ltr'><strong>licet.</strong></span> <span class='ocrx_word' id='word_1_90' title='bbox 1687 1095 1750 1136; x_wconf 88' lang='lat' dir='ltr'><strong>Ac</strong></span> <span class='ocrx_word' id='word_1_91' title='bbox 1783 1097 1873 1150; x_wconf 87' lang='lat' dir='ltr'><strong>pri-</strong></span> 
     </span>
     <span class='ocr_line' id='line_1_11' title="bbox 165 1167 1872 1227; baseline 0.004 -14"><span class='ocrx_word' id='word_1_92' title='bbox 165 1183 281 1213; x_wconf 88' lang='lat' dir='ltr'><strong>mum</strong></span> <span class='ocrx_word' id='word_1_93' title='bbox 324 1167 536 1226; x_wconf 68' lang='lat' dir='ltr'><strong>erkemplis</strong></span> <span class='ocrx_word' id='word_1_94' title='bbox 578 1183 635 1213; x_wconf 84' lang='lat' dir='ltr'><strong>ex</strong></span> <span class='ocrx_word' id='word_1_95' title='bbox 678 1181 823 1215; x_wconf 83' lang='lat' dir='ltr'><strong>rerum</strong></span> <span class='ocrx_word' id='word_1_96' title='bbox 863 1176 1017 1215; x_wconf 83' lang='lat' dir='ltr'><strong>natura</strong></span> <span class='ocrx_word' id='word_1_97' title='bbox 1060 1175 1107 1213; x_wconf 91' lang='lat' dir='ltr'><strong>et</strong></span> <span class='ocrx_word' id='word_1_98' title='bbox 1147 1172 1394 1215; x_wconf 86' lang='lat' dir='ltr'><strong>animalium</strong></span> <span class='ocrx_word' id='word_1_99' title='bbox 1438 1186 1600 1227; x_wconf 83' lang='lat' dir='ltr'><strong>genere</strong></span> <span class='ocrx_word' id='word_1_100' title='bbox 1632 1171 1872 1219; x_wconf 72' lang='lat' dir='ltr'><strong>ostenditur</strong></span> 
     </span>
     <span class='ocr_line' id='line_1_12' title="bbox 166 1253 1872 1313; baseline 0.004 -17"><span class='ocrx_word' id='word_1_101' title='bbox 166 1254 269 1309; x_wconf 74' lang='lat' dir='ltr'><strong>fuga</strong></span> <span class='ocrx_word' id='word_1_102' title='bbox 306 1255 478 1296; x_wconf 85' lang='lat' dir='ltr'><strong>aetatis.</strong></span> <span class='ocrx_word' id='word_1_103' title='bbox 541 1253 656 1297; x_wconf 88' lang='lat' dir='ltr'><strong>Tum</strong></span> <span class='ocrx_word' id='word_1_104' title='bbox 699 1253 756 1296; x_wconf 83' lang='lat' dir='ltr'><strong>ad</strong></span> <span class='ocrx_word' id='word_1_105' title='bbox 799 1254 943 1309; x_wconf 83' lang='lat' dir='ltr'><strong>ipsum</strong></span> <span class='ocrx_word' id='word_1_106' title='bbox 973 1266 1216 1297; x_wconf 87' lang='lat' dir='ltr'><strong>moerorem</strong></span> <span class='ocrx_word' id='word_1_107' title='bbox 1251 1267 1401 1299; x_wconf 87' lang='lat' dir='ltr'><strong>eorum</strong></span> <span class='ocrx_word' id='word_1_108' title='bbox 1438 1261 1722 1311; x_wconf 87' lang='lat' dir='ltr'><strong>provocatur,</strong></span> <span class='ocrx_word' id='word_1_109' title='bbox 1763 1272 1872 1313; x_wconf 88' lang='lat' dir='ltr'><strong>quos</strong></span> 
     </span>
     <span class='ocr_line' id='line_1_13' title="bbox 165 1335 1870 1398; baseline 0.004 -20"><span class='ocrx_word' id='word_1_110' title='bbox 165 1348 263 1378; x_wconf 87' lang='lat' dir='ltr'><strong>sero</strong></span> <span class='ocrx_word' id='word_1_111' title='bbox 289 1337 503 1391; x_wconf 89' lang='lat' dir='ltr'><strong>poenituit</strong></span> <span class='ocrx_word' id='word_1_112' title='bbox 531 1336 742 1392; x_wconf 82' lang='lat' dir='ltr'><strong>temporis</strong></span> <span class='ocrx_word' id='word_1_113' title='bbox 770 1335 983 1379; x_wconf 85' lang='lat' dir='ltr'><strong>inutiliter</strong></span> <span class='ocrx_word' id='word_1_114' title='bbox 1012 1336 1163 1391; x_wconf 81' lang='lat' dir='ltr'><strong>elapsi,</strong></span> <span class='ocrx_word' id='word_1_115' title='bbox 1195 1340 1325 1391; x_wconf 88' lang='lat' dir='ltr'><strong>atque</strong></span> <span class='ocrx_word' id='word_1_116' title='bbox 1357 1336 1427 1380; x_wconf 88' lang='lat' dir='ltr'><strong>hic</strong></span> <span class='ocrx_word' id='word_1_117' title='bbox 1459 1339 1579 1382; x_wconf 83' lang='lat' dir='ltr'><strong>locus</strong></span> <span class='ocrx_word' id='word_1_118' title='bbox 1610 1340 1652 1382; x_wconf 90' lang='lat' dir='ltr'><strong>in</strong></span> <span class='ocrx_word' id='word_1_119' title='bbox 1686 1340 1870 1398; x_wconf 85' lang='lat' dir='ltr'><strong>epipho-</strong></span> 
     </span>
     <span class='ocr_line' id='line_1_14' title="bbox 164 1420 1926 1478; baseline 0.002 -14"><span class='ocrx_word' id='word_1_120' title='bbox 164 1434 292 1464; x_wconf 88' lang='lat' dir='ltr'><strong>nema</strong></span> <span class='ocrx_word' id='word_1_121' title='bbox 332 1422 448 1475; x_wconf 83' lang='lat' dir='ltr'><strong>exit,</strong></span> <span class='ocrx_word' id='word_1_122' title='bbox 492 1422 598 1464; x_wconf 86' lang='lat' dir='ltr'><strong>solis</strong></span> <span class='ocrx_word' id='word_1_123' title='bbox 639 1421 734 1465; x_wconf 38' lang='lat' dir='ltr'><strong>diis*</strong></span> <span class='ocrx_word' id='word_1_124' title='bbox 766 1420 935 1470; x_wconf 83' lang='lat' dir='ltr'><strong>duobus</strong></span> <span class='ocrx_word' id='word_1_125' title='bbox 976 1421 1141 1463; x_wconf 87' lang='lat' dir='ltr'><strong>formae</strong></span> <span class='ocrx_word' id='word_1_126' title='bbox 1172 1434 1337 1464; x_wconf 87' lang='lat' dir='ltr'><strong>moram</strong></span> <span class='ocrx_word' id='word_1_127' title='bbox 1367 1421 1522 1465; x_wconf 87' lang='lat' dir='ltr'><strong>datam.</strong></span> <span class='ocrx_word' id='word_1_128' title='bbox 1585 1422 1668 1466; x_wconf 91' lang='lat' dir='ltr'><strong>Est</strong></span> <span class='ocrx_word' id='word_1_129' title='bbox 1698 1425 1871 1478; x_wconf 89' lang='lat' dir='ltr'><strong>quidem</strong></span> <span class='ocrx_word' id='word_1_130' title='bbox 1921 1431 1926 1434; x_wconf 85' lang='grc'><strong><em>’</em></strong></span> 
     </span>
     <span class='ocr_line' id='line_1_15' title="bbox 164 1505 1870 1562; baseline 0.002 -14"><span class='ocrx_word' id='word_1_131' title='bbox 164 1507 335 1549; x_wconf 86' lang='lat' dir='ltr'><strong>omniuo</strong></span> <span class='ocrx_word' id='word_1_132' title='bbox 367 1506 591 1562; x_wconf 84' lang='lat' dir='ltr'><strong>proprium</strong></span> <span class='ocrx_word' id='word_1_133' title='bbox 621 1506 789 1560; x_wconf 81' lang='lat' dir='ltr'><strong>elegiae</strong></span> <span class='ocrx_word' id='word_1_134' title='bbox 820 1505 980 1549; x_wconf 86' lang='lat' dir='ltr'><strong>diutius</strong></span> <span class='ocrx_word' id='word_1_135' title='bbox 1011 1505 1230 1549; x_wconf 86' lang='lat' dir='ltr'><strong>immorari</strong></span> <span class='ocrx_word' id='word_1_136' title='bbox 1260 1508 1303 1549; x_wconf 90' lang='lat' dir='ltr'><strong>in</strong></span> <span class='ocrx_word' id='word_1_137' title='bbox 1334 1520 1419 1549; x_wconf 84' lang='lat' dir='ltr'><strong>una</strong></span> <span class='ocrx_word' id='word_1_138' title='bbox 1450 1509 1687 1561; x_wconf 84' lang='lat' dir='ltr'><strong>sententia,</strong></span> <span class='ocrx_word' id='word_1_139' title='bbox 1718 1510 1870 1551; x_wconf 89' lang='lat' dir='ltr'><strong>obser-</strong></span> 
     </span>
     <span class='ocr_line' id='line_1_16' title="bbox 163 1588 1870 1644; baseline 0.002 -15"><span class='ocrx_word' id='word_1_140' title='bbox 163 1588 284 1630; x_wconf 76' lang='lat' dir='ltr'><strong>vabis</strong></span> <span class='ocrx_word' id='word_1_141' title='bbox 324 1593 466 1631; x_wconf 82' lang='lat' dir='ltr'><strong>tamen</strong></span> <span class='ocrx_word' id='word_1_142' title='bbox 507 1588 637 1630; x_wconf 86' lang='lat' dir='ltr'><strong>simul</strong></span> <span class='ocrx_word' id='word_1_143' title='bbox 681 1601 810 1642; x_wconf 80' lang='lat' dir='ltr'><strong>quam</strong></span> <span class='ocrx_word' id='word_1_144' title='bbox 841 1588 953 1630; x_wconf 88' lang='lat' dir='ltr'><strong>bene</strong></span> <span class='ocrx_word' id='word_1_145' title='bbox 981 1589 1110 1631; x_wconf 83' lang='lat' dir='ltr'><strong>etiam</strong></span> <span class='ocrx_word' id='word_1_146' title='bbox 1143 1601 1242 1631; x_wconf 92' lang='lat' dir='ltr'><strong>cum</strong></span> <span class='ocrx_word' id='word_1_147' title='bbox 1271 1590 1440 1644; x_wconf 85' lang='lat' dir='ltr'><strong>reliqua</strong></span> <span class='ocrx_word' id='word_1_148' title='bbox 1472 1591 1639 1633; x_wconf 88' lang='lat' dir='ltr'><strong>ratione</strong></span> <span class='ocrx_word' id='word_1_149' title='bbox 1671 1593 1870 1634; x_wconf 80' lang='lat' dir='ltr'><strong>carminis</strong></span> 
     </span>
     <span class='ocr_line' id='line_1_17' title="bbox 163 1669 1870 1726; baseline 0.002 -13"><span class='ocrx_word' id='word_1_150' title='bbox 163 1669 341 1713; x_wconf 82' lang='lat' dir='ltr'><strong>hae&#39;de</strong></span> <span class='ocrx_word' id='word_1_151' title='bbox 379 1670 485 1725; x_wconf 81' lang='lat' dir='ltr'><strong>suga</strong></span> <span class='ocrx_word' id='word_1_152' title='bbox 525 1671 760 1715; x_wconf 87' lang='lat' dir='ltr'><strong>iuventutis</strong></span> <span class='ocrx_word' id='word_1_153' title='bbox 783 1671 1058 1714; x_wconf 78' lang='lat' dir='ltr'><strong>conveniant</strong></span> <span class='ocrx_word' id='word_1_154' title='bbox 1101 1673 1319 1726; x_wconf 84' lang='lat' dir='ltr'><strong>querelae.</strong></span> <span class='ocrx_word' id='word_1_155' title='bbox 1394 1673 1541 1715; x_wconf 87' lang='lat' dir='ltr'><strong>Currit</strong></span> <span class='ocrx_word' id='word_1_156' title='bbox 1583 1678 1727 1726; x_wconf 84' lang='lat' dir='ltr'><strong>aetas3</strong></span> <span class='ocrx_word' id='word_1_157' title='bbox 1770 1672 1870 1716; x_wconf 85' lang='lat' dir='ltr'><strong>hinc</strong></span> 
     </span>
     <span class='ocr_line' id='line_1_18' title="bbox 163 1754 1864 1811; baseline 0.002 -14"><span class='ocrx_word' id='word_1_158' title='bbox 163 1754 386 1798; x_wconf 84' lang='lat' dir='ltr'><strong>subeunda</strong></span> <span class='ocrx_word' id='word_1_159' title='bbox 417 1755 586 1808; x_wconf 79' lang='lat' dir='ltr'><strong>omnia,</strong></span> <span class='ocrx_word' id='word_1_160' title='bbox 616 1767 730 1809; x_wconf 84' lang='lat' dir='ltr'><strong>quae</strong></span> <span class='ocrx_word' id='word_1_161' title='bbox 759 1767 881 1798; x_wconf 89' lang='lat' dir='ltr'><strong>amor</strong></span> <span class='ocrx_word' id='word_1_162' title='bbox 911 1755 1092 1811; x_wconf 85' lang='lat' dir='ltr'><strong>imponit</strong></span> <span class='ocrx_word' id='word_1_163' title='bbox 1122 1756 1327 1809; x_wconf 88' lang='lat' dir='ltr'><strong>amatori,</strong></span> <span class='ocrx_word' id='word_1_164' title='bbox 1364 1769 1417 1798; x_wconf 85' lang='lat' dir='ltr'><strong>ne</strong></span> <span class='ocrx_word' id='word_1_165' title='bbox 1449 1757 1541 1799; x_wconf 89' lang='lat' dir='ltr'><strong>sine</strong></span> <span class='ocrx_word' id='word_1_166' title='bbox 1573 1756 1717 1804; x_wconf 81' lang='lat' dir='ltr'><strong>fructu</strong></span> <span class='ocrx_word' id='word_1_167' title='bbox 1745 1766 1864 1800; x_wconf 84' lang='lat' dir='ltr'><strong>amo-</strong></span> 
     </span>
     <span class='ocr_line' id='line_1_19' title="bbox 163 1838 1597 1895; baseline 0.001 -15"><span class='ocrx_word' id='word_1_168' title='bbox 163 1838 220 1880; x_wconf 84' lang='lat' dir='ltr'><strong>ris</strong></span> <span class='ocrx_word' id='word_1_169' title='bbox 252 1839 447 1881; x_wconf 89' lang='lat' dir='ltr'><strong>elabatur</strong></span> <span class='ocrx_word' id='word_1_170' title='bbox 477 1842 662 1894; x_wconf 83' lang='lat' dir='ltr'><strong>tempus.</strong></span> <span class='ocrx_word' id='word_1_171' title='bbox 723 1838 869 1893; x_wconf 83' lang='lat' dir='ltr'><strong>Atque</strong></span> <span class='ocrx_word' id='word_1_172' title='bbox 901 1840 964 1882; x_wconf 88' lang='lat' dir='ltr'><strong>ita</strong></span> <span class='ocrx_word' id='word_1_173' title='bbox 993 1839 1240 1883; x_wconf 87' lang='lat' dir='ltr'><strong>accedimus</strong></span> <span class='ocrx_word' id='word_1_174' title='bbox 1272 1839 1325 1890; x_wconf 88' lang='lat' dir='ltr'><strong>ad</strong></span> <span class='ocrx_word' id='word_1_175' title='bbox 1359 1841 1597 1895; x_wconf 88' lang='lat' dir='ltr'><strong>sequentia.</strong></span> 
     </span>
    </p>

    <p class='ocr_par' dir='ltr' id='par_1_3' title="bbox 160 1921 1868 2144">
     <span class='ocr_line' id='line_1_20' title="bbox 278 1921 1868 1977; baseline 0.001 -12"><span class='ocrx_word' id='word_1_176' title='bbox 278 1922 334 1965; x_wconf 91' lang='lat' dir='ltr'><strong>V.</strong></span> <span class='ocrx_word' id='word_1_177' title='bbox 375 1922 552 1963; x_wconf 78' lang='lat'><strong>39-72.</strong></span> <span class='ocrx_word' id='word_1_178' title='bbox 628 1921 958 1976; x_wconf 86' lang='lat' dir='ltr'><strong>Praecepta</strong></span> <span class='ocrx_word' id='word_1_179' title='bbox 1006 1924 1348 1977; x_wconf 86' lang='lat' dir='ltr'><strong>peculiaria.</strong></span> <span class='ocrx_word' id='word_1_180' title='bbox 1423 1925 1673 1966; x_wconf 86' lang='lat' dir='ltr'><strong>Docetur</strong></span> <span class='ocrx_word' id='word_1_181' title='bbox 1724 1937 1868 1967; x_wconf 89' lang='lat' dir='ltr'><strong>nunc</strong></span> 
     </span>
     <span class='ocr_line' id='line_1_21' title="bbox 161 2003 1867 2061; baseline 0.001 -14"><span class='ocrx_word' id='word_1_182' title='bbox 161 2003 627 2059; x_wconf 77' lang='lat' dir='ltr'><strong>quibusfar&#39;tibus</strong></span> <span class='ocrx_word' id='word_1_183' title='bbox 658 2003 1025 2060; x_wconf 82' lang='lat' dir='ltr'><strong>potissimum</strong></span> <span class='ocrx_word' id='word_1_184' title='bbox 1056 2005 1380 2060; x_wconf 88' lang='lat' dir='ltr'><strong>capiendus</strong></span> <span class='ocrx_word' id='word_1_185' title='bbox 1411 2005 1488 2048; x_wconf 89' lang='lat' dir='ltr'><strong>sit</strong></span> <span class='ocrx_word' id='word_1_186' title='bbox 1520 2019 1674 2061; x_wconf 89' lang='lat' dir='ltr'><strong>puer.</strong></span> <span class='ocrx_word' id='word_1_187' title='bbox 1740 2007 1867 2049; x_wconf 89' lang='lat' dir='ltr'><strong>Ute-</strong></span> 
     </span>
     <span class='ocr_line' id='line_1_22' title="bbox 160 2087 1776 2144; baseline 0 -11"><span class='ocrx_word' id='word_1_188' title='bbox 160 2102 214 2132; x_wconf 91' lang='lat' dir='ltr'><strong>re</strong></span> <span class='ocrx_word' id='word_1_189' title='bbox 245 2089 554 2144; x_wconf 79' lang='lat' dir='ltr'><strong>obsequio,</strong></span> <span class='ocrx_word' id='word_1_190' title='bbox 585 2089 669 2142; x_wconf 87' lang='lat' dir='ltr'><strong>ait,</strong></span> <span class='ocrx_word' id='word_1_191' title='bbox 701 2093 757 2131; x_wconf 91' lang='lat' dir='ltr'><strong>et</strong></span> <span class='ocrx_word' id='word_1_192' title='bbox 786 2087 1124 2142; x_wconf 85' lang='lat' dir='ltr'><strong>blanditiis;</strong></span> <span class='ocrx_word' id='word_1_193' title='bbox 1167 2089 1321 2132; x_wconf 86' lang='lat' dir='ltr'><strong>absit</strong></span> <span class='ocrx_word' id='word_1_194' title='bbox 1353 2103 1486 2132; x_wconf 90' lang='lat' dir='ltr'><strong>vero</strong></span> <span class='ocrx_word' id='word_1_195' title='bbox 1520 2091 1776 2144; x_wconf 82' lang='lat' dir='ltr'><strong>pecunia.</strong></span> 
     </span>
    </p>

    <p class='ocr_par' dir='ltr' id='par_1_4' title="bbox 155 2170 1868 2893">
     <span class='ocr_line' id='line_1_23' title="bbox 275 2170 1868 2231; baseline 0.002 -16"><span class='ocrx_word' id='word_1_196' title='bbox 275 2173 330 2215; x_wconf 89' lang='lat' dir='ltr'><strong>V.</strong></span> <span class='ocrx_word' id='word_1_197' title='bbox 359 2174 540 2215; x_wconf 79' lang='lat'><strong>39-56.</strong></span> <span class='ocrx_word' id='word_1_198' title='bbox 579 2171 678 2214; x_wconf 73' lang='lat' dir='ltr'><strong>‘De</strong></span> <span class='ocrx_word' id='word_1_199' title='bbox 722 2171 1021 2226; x_wconf 79' lang='lat' dir='ltr'><strong>obsequio.</strong></span> <span class='ocrx_word' id='word_1_200' title='bbox 1084 2170 1167 2214; x_wconf 82' lang='lat' dir='ltr'><strong>Est</strong></span> <span class='ocrx_word' id='word_1_201' title='bbox 1209 2173 1487 2227; x_wconf 83' lang='lat' dir='ltr'><strong>obsequium,</strong></span> <span class='ocrx_word' id='word_1_202' title='bbox 1535 2178 1582 2216; x_wconf 90' lang='lat' dir='ltr'><strong>ut</strong></span> <span class='ocrx_word' id='word_1_203' title='bbox 1613 2179 1743 2230; x_wconf 89' lang='lat' dir='ltr'><strong>poeta</strong></span> <span class='ocrx_word' id='word_1_204' title='bbox 1774 2176 1868 2231; x_wconf 86' lang='lat' dir='ltr'><strong>ipse</strong></span> 
     </span>
     <span class='ocr_line' id='line_1_24' title="bbox 158 2254 1864 2312; baseline 0.001 -14"><span class='ocrx_word' id='word_1_205' title='bbox 158 2256 371 2312; x_wconf 81' lang='lat' dir='ltr'><strong>explicat,</strong></span> <span class='ocrx_word' id='word_1_206' title='bbox 415 2254 571 2298; x_wconf 86' lang='lat' dir='ltr'><strong>cedere</strong></span> <span class='ocrx_word' id='word_1_207' title='bbox 600 2263 738 2311; x_wconf 85' lang='lat' dir='ltr'><strong>puero</strong></span> <span class='ocrx_word' id='word_1_208' title='bbox 768 2259 814 2297; x_wconf 84' lang='lat' dir='ltr'><strong>et</strong></span> <span class='ocrx_word' id='word_1_209' title='bbox 842 2255 1099 2309; x_wconf 83' lang='lat' dir='ltr'><strong>morigerari</strong></span> <span class='ocrx_word' id='word_1_210' title='bbox 1130 2256 1172 2296; x_wconf 92' lang='lat' dir='ltr'><strong>in</strong></span> <span class='ocrx_word' id='word_1_211' title='bbox 1204 2255 1431 2309; x_wconf 86' lang='lat' dir='ltr'><strong>omnibus,</strong></span> <span class='ocrx_word' id='word_1_212' title='bbox 1476 2270 1588 2311; x_wconf 86' lang='lat' dir='ltr'><strong>quae</strong></span> <span class='ocrx_word' id='word_1_213' title='bbox 1621 2258 1661 2300; x_wconf 90' lang='lat' dir='ltr'><strong>ei</strong></span> <span class='ocrx_word' id='word_1_214' title='bbox 1695 2262 1864 2302; x_wconf 86' lang='lat' dir='ltr'><strong>tentare</strong></span> 
     </span>
     <span class='ocr_line' id='line_1_25' title="bbox 159 2337 1868 2394; baseline 0.001 -13"><span class='ocrx_word' id='word_1_215' title='bbox 159 2339 323 2382; x_wconf 86' lang='lat' dir='ltr'><strong>libebit.</strong></span> <span class='ocrx_word' id='word_1_216' title='bbox 384 2338 583 2381; x_wconf 79' lang='lat' dir='ltr'><strong>Eundem</strong></span> <span class='ocrx_word' id='word_1_217' title='bbox 609 2338 755 2380; x_wconf 88' lang='lat' dir='ltr'><strong>locum</strong></span> <span class='ocrx_word' id='word_1_218' title='bbox 778 2337 979 2382; x_wconf 80' lang='lat' dir='ltr'><strong>vams</strong></span> <span class='ocrx_word' id='word_1_219' title='bbox 1009 2341 1168 2380; x_wconf 88' lang='lat' dir='ltr'><strong>tractat</strong></span> <span class='ocrx_word' id='word_1_220' title='bbox 1197 2337 1243 2379; x_wconf 91' lang='lat' dir='ltr'><strong>in</strong></span> <span class='ocrx_word' id='word_1_221' title='bbox 1268 2338 1361 2380; x_wconf 86' lang='lat' dir='ltr'><strong>Art.</strong></span> <span class='ocrx_word' id='word_1_222' title='bbox 1388 2338 1484 2382; x_wconf 87' lang='lat' dir='ltr'><strong>Am.</strong></span> <span class='ocrx_word' id='word_1_223' title='bbox 1504 2338 1563 2391; x_wconf 88' lang='grc' dir='ltr'><strong>Π,</strong></span> <span class='ocrx_word' id='word_1_224' title='bbox 1587 2342 1672 2382; x_wconf 84' lang='grc'><strong>179</strong></span> <span class='ocrx_word' id='word_1_225' title='bbox 1693 2354 1788 2394; x_wconf 89' lang='lat' dir='ltr'><strong>sqq.</strong></span> <span class='ocrx_word' id='word_1_226' title='bbox 1807 2364 1868 2373; x_wconf 88' lang='lat'><strong>--</strong></span> 
     </span>
     <span class='ocr_line' id='line_1_26' title="bbox 159 2420 1864 2477; baseline -0.001 -11"><span class='ocrx_word' id='word_1_227' title='bbox 159 2423 252 2467; x_wconf 87' lang='lat' dir='ltr'><strong>Tu.</strong></span> <span class='ocrx_word' id='word_1_228' title='bbox 284 2422 512 2465; x_wconf 87' lang='lat' dir='ltr'><strong>Transitus</strong></span> <span class='ocrx_word' id='word_1_229' title='bbox 534 2420 604 2464; x_wconf 84' lang='lat' dir='ltr'><strong>hic</strong></span> <span class='ocrx_word' id='word_1_230' title='bbox 630 2426 721 2464; x_wconf 83' lang='lat' dir='ltr'><strong>est:</strong></span> <span class='ocrx_word' id='word_1_231' title='bbox 753 2425 801 2464; x_wconf 90' lang='lat' dir='ltr'><strong>tu</strong></span> <span class='ocrx_word' id='word_1_232' title='bbox 830 2434 935 2465; x_wconf 85' lang='lat' dir='ltr'><strong>vero</strong></span> <span class='ocrx_word' id='word_1_233' title='bbox 963 2434 1018 2465; x_wconf 87' lang='lat' dir='ltr'><strong>ne</strong></span> <span class='ocrx_word' id='word_1_234' title='bbox 1045 2421 1160 2465; x_wconf 83' lang='lat' dir='ltr'><strong>siuas</strong></span> <span class='ocrx_word' id='word_1_235' title='bbox 1192 2422 1348 2464; x_wconf 87' lang='lat' dir='ltr'><strong>stultos</strong></span> <span class='ocrx_word' id='word_1_236' title='bbox 1380 2421 1616 2477; x_wconf 89' lang='lat' dir='ltr'><strong>praeterire</strong></span> <span class='ocrx_word' id='word_1_237' title='bbox 1647 2421 1753 2475; x_wconf 88' lang='lat' dir='ltr'><strong>dies,</strong></span> <span class='ocrx_word' id='word_1_238' title='bbox 1785 2422 1864 2464; x_wconf 87' lang='lat' dir='ltr'><strong>sed</strong></span> 
     </span>
     <span class='ocr_line' id='line_1_27' title="bbox 159 2502 1865 2560; baseline -0.001 -13"><span class='ocrx_word' id='word_1_239' title='bbox 159 2517 335 2560; x_wconf 85' lang='lat' dir='ltr'><strong>operam</strong></span> <span class='ocrx_word' id='word_1_240' title='bbox 365 2503 421 2546; x_wconf 88' lang='lat' dir='ltr'><strong>da</strong></span> <span class='ocrx_word' id='word_1_241' title='bbox 450 2508 500 2545; x_wconf 86' lang='lat' dir='ltr'><strong>ut</strong></span> <span class='ocrx_word' id='word_1_242' title='bbox 530 2503 676 2559; x_wconf 88' lang='lat' dir='ltr'><strong>capias</strong></span> <span class='ocrx_word' id='word_1_243' title='bbox 707 2516 902 2559; x_wconf 87' lang='lat' dir='ltr'><strong>puerum.</strong></span> <span class='ocrx_word' id='word_1_244' title='bbox 963 2502 1198 2547; x_wconf 78' lang='lat' dir='ltr'><strong>Substituit</strong></span> <span class='ocrx_word' id='word_1_245' title='bbox 1223 2515 1328 2547; x_wconf 89' lang='lat' dir='ltr'><strong>vero</strong></span> <span class='ocrx_word' id='word_1_246' title='bbox 1357 2505 1501 2546; x_wconf 83' lang='lat' dir='ltr'><strong>statim</strong></span> <span class='ocrx_word' id='word_1_247' title='bbox 1540 2506 1733 2558; x_wconf 87' lang='lat' dir='ltr'><strong>generali</strong></span> <span class='ocrx_word' id='word_1_248' title='bbox 1763 2517 1865 2547; x_wconf 86' lang='lat' dir='ltr'><strong>sen—</strong></span> 
     </span>
     <span class='ocr_line' id='line_1_28' title="bbox 158 2585 1865 2643; baseline -0.001 -14"><span class='ocrx_word' id='word_1_249' title='bbox 158 2588 322 2630; x_wconf 86' lang='lat' dir='ltr'><strong>sentiae</strong></span> <span class='ocrx_word' id='word_1_250' title='bbox 351 2586 571 2643; x_wconf 84' lang='lat' dir='ltr'><strong>peculiare</strong></span> <span class='ocrx_word' id='word_1_251' title='bbox 601 2585 798 2639; x_wconf 85' lang='lat' dir='ltr'><strong>obsequii</strong></span> <span class='ocrx_word' id='word_1_252' title='bbox 827 2589 1120 2641; x_wconf 86' lang='lat' dir='ltr'><strong>praeceptum.</strong></span> <span class='ocrx_word' id='word_1_253' title='bbox 1176 2586 1290 2630; x_wconf 91' lang='lat' dir='ltr'><strong>Vide</strong></span> <span class='ocrx_word' id='word_1_254' title='bbox 1323 2599 1434 2640; x_wconf 81' lang='lat' dir='ltr'><strong>quae</strong></span> <span class='ocrx_word' id='word_1_255' title='bbox 1464 2585 1554 2628; x_wconf 89' lang='lat' dir='ltr'><strong>dixi</strong></span> <span class='ocrx_word' id='word_1_256' title='bbox 1587 2586 1641 2629; x_wconf 91' lang='lat' dir='ltr'><strong>de</strong></span> <span class='ocrx_word' id='word_1_257' title='bbox 1671 2585 1752 2629; x_wconf 82' lang='lat' dir='ltr'><strong>hoc</strong></span> <span class='ocrx_word' id='word_1_258' title='bbox 1786 2599 1865 2629; x_wconf 87' lang='lat' dir='ltr'><strong>usu</strong></span> 
     </span>
     <span class='ocr_line' id='line_1_29' title="bbox 159 2666 1866 2723; baseline -0.001 -10"><span class='ocrx_word' id='word_1_259' title='bbox 159 2671 201 2713; x_wconf 85' lang='lat' dir='ltr'><strong>in</strong></span> <span class='ocrx_word' id='word_1_260' title='bbox 232 2670 317 2714; x_wconf 84' lang='lat' dir='ltr'><strong>fine</strong></span> <span class='ocrx_word' id='word_1_261' title='bbox 346 2668 671 2712; x_wconf 84' lang='lat' dir='ltr'><strong>Dissertationis</strong></span> <span class='ocrx_word' id='word_1_262' title='bbox 699 2667 755 2711; x_wconf 93' lang='lat' dir='ltr'><strong>de</strong></span> <span class='ocrx_word' id='word_1_263' title='bbox 780 2666 1042 2711; x_wconf 90' lang='lat' dir='ltr'><strong>Elocutione</strong></span> <span class='ocrx_word' id='word_1_264' title='bbox 1067 2668 1319 2711; x_wconf 87' lang='lat' dir='ltr'><strong>Tibulli.-</strong></span> <span class='ocrx_word' id='word_1_265' title='bbox 1349 2670 1404 2713; x_wconf 89' lang='lat' dir='ltr'><strong>V.</strong></span> <span class='ocrx_word' id='word_1_266' title='bbox 1422 2671 1476 2710; x_wconf 87' lang='lat'><strong>41</strong></span> <span class='ocrx_word' id='word_1_267' title='bbox 1495 2682 1558 2723; x_wconf 92' lang='lat' dir='ltr'><strong>sq.</strong></span> <span class='ocrx_word' id='word_1_268' title='bbox 1587 2668 1719 2712; x_wconf 90' lang='lat' dir='ltr'><strong>Neu.</strong></span> <span class='ocrx_word' id='word_1_269' title='bbox 1755 2669 1866 2712; x_wconf 88' lang='lat' dir='ltr'><strong>Cum</strong></span> 
     </span>
     <span class='ocr_line' id='line_1_30' title="bbox 156 2751 1866 2810; baseline 0.001 -14"><span class='ocrx_word' id='word_1_270' title='bbox 156 2753 464 2810; x_wconf 83' lang='lat' dir='ltr'><strong>praecesserit:</strong></span> <span class='ocrx_word' id='word_1_271' title='bbox 523 2751 724 2801; x_wconf 78' lang='lat' dir='ltr'><strong>cedas,</strong></span> <span class='ocrx_word' id='word_1_272' title='bbox 768 2752 889 2797; x_wconf 82' lang='lat' dir='ltr'><strong>vides</strong></span> <span class='ocrx_word' id='word_1_273' title='bbox 920 2753 1024 2808; x_wconf 90' lang='lat' dir='ltr'><strong>quid</strong></span> <span class='ocrx_word' id='word_1_274' title='bbox 1055 2766 1126 2797; x_wconf 86' lang='lat' dir='ltr'><strong>res</strong></span> <span class='ocrx_word' id='word_1_275' title='bbox 1155 2754 1224 2799; x_wconf 80' lang='lat' dir='ltr'><strong>sit.</strong></span> <span class='ocrx_word' id='word_1_276' title='bbox 1285 2754 1564 2810; x_wconf 83' lang='lat' dir='ltr'><strong>Propositum</strong></span> <span class='ocrx_word' id='word_1_277' title='bbox 1595 2754 1756 2797; x_wconf 87' lang='lat' dir='ltr'><strong>dictum</strong></span> <span class='ocrx_word' id='word_1_278' title='bbox 1787 2767 1866 2810; x_wconf 89' lang='lat' dir='ltr'><strong>per</strong></span> 
     </span>
     <span class='ocr_line' id='line_1_31' title="bbox 155 2835 1862 2893; baseline 0.001 -15"><span class='ocrx_word' id='word_1_279' title='bbox 155 2840 302 2892; x_wconf 85' lang='lat' dir='ltr'><strong>partes</strong></span> <span class='ocrx_word' id='word_1_280' title='bbox 333 2835 652 2891; x_wconf 77' lang='lat' dir='ltr'><strong>explicaturus,</strong></span> <span class='ocrx_word' id='word_1_281' title='bbox 697 2835 844 2878; x_wconf 84' lang='lat' dir='ltr'><strong>statim</strong></span> <span class='ocrx_word' id='word_1_282' title='bbox 886 2837 1070 2891; x_wconf 89' lang='lat' dir='ltr'><strong>primum</strong></span> <span class='ocrx_word' id='word_1_283' title='bbox 1114 2840 1393 2893; x_wconf 82' lang='lat' dir='ltr'><strong>praeceptum</strong></span> <span class='ocrx_word' id='word_1_284' title='bbox 1437 2850 1516 2892; x_wconf 91' lang='lat' dir='ltr'><strong>per</strong></span> <span class='ocrx_word' id='word_1_285' title='bbox 1555 2838 1754 2893; x_wconf 86' lang='lat' dir='ltr'><strong>copulam</strong></span> <span class='ocrx_word' id='word_1_286' title='bbox 1785 2849 1862 2879; x_wconf 89' lang='lat' dir='ltr'><strong>an·-</strong></span> 
     </span>
    </p>
   </div>
   <div class='ocr_carea' id='block_1_3' title="bbox 155 2916 1939 2977">
    <p class='ocr_par' dir='ltr' id='par_1_5' title="bbox 155 2916 1939 2977">
     <span class='ocr_line' id='line_1_32' title="bbox 155 2916 1939 2977; baseline -0.001 -15"><span class='ocrx_word' id='word_1_287' title='bbox 155 2919 304 2962; x_wconf 87' lang='lat' dir='ltr'><strong>nectit.</strong></span> <span class='ocrx_word' id='word_1_288' title='bbox 365 2916 496 2964; x_wconf 80' lang='lat' dir='ltr'><strong>Quod</strong></span> <span class='ocrx_word' id='word_1_289' title='bbox 523 2918 690 2962; x_wconf 86' lang='lat' dir='ltr'><strong>monuit</strong></span> <span class='ocrx_word' id='word_1_290' title='bbox 720 2918 852 2962; x_wconf 90' lang='lat' dir='ltr'><strong>etiam</strong></span> <span class='ocrx_word' id='word_1_291' title='bbox 881 2919 1302 2963; x_wconf 63' lang='lat' dir='ltr'><strong>ernssnmcmus.</strong></span> <span class='ocrx_word' id='word_1_292' title='bbox 1365 2919 1526 2962; x_wconf 85' lang='lat' dir='ltr'><strong>Confer</strong></span> <span class='ocrx_word' id='word_1_293' title='bbox 1548 2920 1745 2975; x_wconf 87' lang='lat' dir='ltr'><strong>copulam</strong></span> <span class='ocrx_word' id='word_1_294' title='bbox 1779 2933 1864 2977; x_wconf 80' lang='lat' dir='ltr'><strong>que</strong></span> <span class='ocrx_word' id='word_1_295' title='bbox 1934 2942 1939 2951; x_wconf 71' lang='lat'><em>‹</em></span> 
     </span>
    </p>
   </div>
   <div class='ocr_carea' id='block_1_4' title="bbox 154 3000 1861 3555">
    <p class='ocr_par' dir='ltr' id='par_1_6' title="bbox 155 3000 1861 3059">
     <span class='ocr_line' id='line_1_33' title="bbox 155 3000 1861 3059; baseline 0.002 -16"><span class='ocrx_word' id='word_1_296' title='bbox 155 3000 265 3044; x_wconf 85' lang='lat' dir='ltr'><strong>iufra</strong></span> <span class='ocrx_word' id='word_1_297' title='bbox 294 3002 330 3055; x_wconf 89' lang='grc' dir='ltr'><strong>Ι,</strong></span> <span class='ocrx_word' id='word_1_298' title='bbox 359 3005 405 3055; x_wconf 87' lang='grc'><strong>5,</strong></span> <span class='ocrx_word' id='word_1_299' title='bbox 435 3003 507 3046; x_wconf 85' lang='lat'><strong>11.</strong></span> <span class='ocrx_word' id='word_1_300' title='bbox 538 3005 585 3044; x_wconf 86' lang='lat' dir='ltr'><strong>et</strong></span> <span class='ocrx_word' id='word_1_301' title='bbox 614 3015 694 3044; x_wconf 77' lang='lat' dir='ltr'><strong>nec</strong></span> <span class='ocrx_word' id='word_1_302' title='bbox 721 3001 759 3056; x_wconf 88' lang='lat' dir='ltr'><strong>l,</strong></span> <span class='ocrx_word' id='word_1_303' title='bbox 790 3005 835 3056; x_wconf 78' lang='grc'><strong>8,·</strong></span> <span class='ocrx_word' id='word_1_304' title='bbox 864 3005 936 3046; x_wconf 81' lang='grc'><strong>27.</strong></span> <span class='ocrx_word' id='word_1_305' title='bbox 1010 3004 1151 3047; x_wconf 90' lang='lat' dir='ltr'><strong>Porro</strong></span> <span class='ocrx_word' id='word_1_306' title='bbox 1183 3004 1300 3059; x_wconf 91' lang='lat' dir='ltr'><strong>quod</strong></span> <span class='ocrx_word' id='word_1_307' title='bbox 1329 3004 1443 3047; x_wconf 89' lang='lat' dir='ltr'><strong>inter</strong></span> <span class='ocrx_word' id='word_1_308' title='bbox 1474 3003 1629 3047; x_wconf 86' lang='lat' dir='ltr'><strong>verba:</strong></span> <span class='ocrx_word' id='word_1_309' title='bbox 1678 3008 1736 3045; x_wconf 91' lang='lat' dir='ltr'><strong>tu</strong></span> <span class='ocrx_word' id='word_1_310' title='bbox 1778 3016 1861 3047; x_wconf 86' lang='lat' dir='ltr'><strong>ce-</strong></span> 
     </span>
    </p>

    <p class='ocr_par' dir='ltr' id='par_1_7' title="bbox 154 3083 1861 3144">
     <span class='ocr_line' id='line_1_34' title="bbox 154 3083 1861 3144; baseline 0.002 -17"><span class='ocrx_word' id='word_1_311' title='bbox 154 3083 255 3127; x_wconf 88' lang='lat' dir='ltr'><strong>das</strong></span> <span class='ocrx_word' id='word_1_312' title='bbox 277 3106 336 3116; x_wconf 93' lang='lat'>—</span> <span class='ocrx_word' id='word_1_313' title='bbox 383 3097 488 3127; x_wconf 83' lang='lat' dir='ltr'><strong>neu</strong></span> <span class='ocrx_word' id='word_1_314' title='bbox 518 3095 721 3141; x_wconf 73' lang='lat' dir='ltr'><strong>comes.</strong></span> <span class='ocrx_word' id='word_1_315' title='bbox 752 3084 840 3128; x_wconf 89' lang='lat' dir='ltr'><strong>ire</strong></span> <span class='ocrx_word' id='word_1_316' title='bbox 870 3098 1074 3141; x_wconf 80' lang='lat' dir='ltr'><strong>neges,</strong></span> <span class='ocrx_word' id='word_1_317' title='bbox 1117 3088 1374 3144; x_wconf 85' lang='lat' dir='ltr'><strong>interposita</strong></span> <span class='ocrx_word' id='word_1_318' title='bbox 1404 3092 1505 3132; x_wconf 82' lang='lat' dir='ltr'><strong>sunt</strong></span> <span class='ocrx_word' id='word_1_319' title='bbox 1538 3086 1666 3131; x_wconf 80' lang='lat' dir='ltr'><strong>haec:</strong></span> <span class='ocrx_word' id='word_1_320' title='bbox 1700 3086 1861 3131; x_wconf 87' lang='lat' dir='ltr'><strong>obse-</strong></span> 
     </span>
    </p>

    <p class='ocr_par' dir='ltr' id='par_1_8' title="bbox 155 3170 1861 3229">
     <span class='ocr_line' id='line_1_35' title="bbox 155 3170 1861 3229; baseline 0.001 -16"><span class='ocrx_word' id='word_1_321' title='bbox 155 3171 287 3225; x_wconf 89' lang='lat' dir='ltr'><strong>quio</strong></span> <span class='ocrx_word' id='word_1_322' title='bbox 333 3170 581 3227; x_wconf 87' lang='lat' dir='ltr'><strong>plurima</strong></span> <span class='ocrx_word' id='word_1_323' title='bbox 632 3170 818 3214; x_wconf 84' lang='lat' dir='ltr'><strong>vincit</strong></span> <span class='ocrx_word' id='word_1_324' title='bbox 870 3184 1045 3226; x_wconf 86' lang='lat' dir='ltr'><strong>amor,</strong></span> <span class='ocrx_word' id='word_1_325' title='bbox 1102 3185 1330 3229; x_wconf 89' lang='lat' dir='ltr'><strong>compara,</strong></span> <span class='ocrx_word' id='word_1_326' title='bbox 1383 3173 1421 3215; x_wconf 87' lang='lat' dir='ltr'><strong>si</strong></span> <span class='ocrx_word' id='word_1_327' title='bbox 1466 3171 1575 3215; x_wconf 89' lang='lat' dir='ltr'><strong>tanti</strong></span> <span class='ocrx_word' id='word_1_328' title='bbox 1620 3177 1712 3226; x_wconf 87' lang='lat' dir='ltr'><strong>est,</strong></span> <span class='ocrx_word' id='word_1_329' title='bbox 1763 3185 1861 3215; x_wconf 89' lang='lat' dir='ltr'><strong>cum</strong></span> 
     </span>
    </p>

    <p class='ocr_par' dir='ltr' id='par_1_9' title="bbox 155 3253 1860 3311">
     <span class='ocr_line' id='line_1_36' title="bbox 155 3253 1860 3311; baseline -0.001 -13"><span class='ocrx_word' id='word_1_330' title='bbox 155 3255 533 3299; x_wconf 66' lang='lat' dir='ltr'><strong>Wunnssumcmo</strong></span> <span class='ocrx_word' id='word_1_331' title='bbox 564 3254 677 3299; x_wconf 75' lang='lat' dir='ltr'><strong>iufra</strong></span> <span class='ocrx_word' id='word_1_332' title='bbox 705 3255 742 3310; x_wconf 88' lang='lat'><strong>1,</strong></span> <span class='ocrx_word' id='word_1_333' title='bbox 771 3259 819 3310; x_wconf 84' lang='grc'><strong>8,</strong></span> <span class='ocrx_word' id='word_1_334' title='bbox 849 3258 1006 3301; x_wconf 79' lang='grc'><strong>47-49.</strong></span> <span class='ocrx_word' id='word_1_335' title='bbox 1039 3261 1084 3300; x_wconf 92' lang='lat' dir='ltr'><strong>et</strong></span> <span class='ocrx_word' id='word_1_336' title='bbox 1117 3261 1188 3311; x_wconf 83' lang='lat'><strong>10,</strong></span> <span class='ocrx_word' id='word_1_337' title='bbox 1219 3260 1379 3310; x_wconf 74' lang='lat'><strong>15—17.</strong></span> <span class='ocrx_word' id='word_1_338' title='bbox 1442 3256 1598 3311; x_wconf 89' lang='lat' dir='ltr'><strong>Neque</strong></span> <span class='ocrx_word' id='word_1_339' title='bbox 1632 3256 1743 3299; x_wconf 90' lang='lat' dir='ltr'><strong>enim</strong></span> <span class='ocrx_word' id='word_1_340' title='bbox 1780 3253 1860 3298; x_wconf 87' lang='lat' dir='ltr'><strong>hoc</strong></span> 
     </span>
    </p>

    <p class='ocr_par' dir='ltr' id='par_1_10' title="bbox 157 3337 1860 3395">
     <span class='ocr_line' id='line_1_37' title="bbox 157 3337 1860 3395; baseline 0 -15"><span class='ocrx_word' id='word_1_341' title='bbox 157 3349 295 3392; x_wconf 84' lang='lat' dir='ltr'><strong>genus</strong></span> <span class='ocrx_word' id='word_1_342' title='bbox 332 3337 671 3394; x_wconf 69' lang='lat' dir='ltr'><strong>interpositionis</strong></span> <span class='ocrx_word' id='word_1_343' title='bbox 714 3342 760 3382; x_wconf 87' lang='lat' dir='ltr'><strong>et</strong></span> <span class='ocrx_word' id='word_1_344' title='bbox 802 3339 1125 3395; x_wconf 86' lang='lat' dir='ltr'><strong>interruptionis</strong></span> <span class='ocrx_word' id='word_1_345' title='bbox 1156 3341 1337 3394; x_wconf 77' lang='lat' dir='ltr'><strong>mirum3</strong></span> <span class='ocrx_word' id='word_1_346' title='bbox 1381 3339 1520 3394; x_wconf 78' lang='lat' dir='ltr'><strong>magis</strong></span> <span class='ocrx_word' id='word_1_347' title='bbox 1550 3339 1860 3390; x_wconf 87' lang='lat' dir='ltr'><strong>memorabilia,</strong></span> 
     </span>
    </p>

    <p class='ocr_par' dir='ltr' id='par_1_11' title="bbox 156 3420 1858 3555">
     <span class='ocr_line' id='line_1_38' title="bbox 156 3420 1858 3480; baseline 0 -19"><span class='ocrx_word' id='word_1_348' title='bbox 156 3421 298 3474; x_wconf 81' lang='lat' dir='ltr'><strong>qualia</strong></span> <span class='ocrx_word' id='word_1_349' title='bbox 332 3420 653 3466; x_wconf 63' lang='lat' dir='ltr'><strong>LAcmrmuus</strong></span> <span class='ocrx_word' id='word_1_350' title='bbox 681 3421 809 3466; x_wconf 81' lang='lat' dir='ltr'><strong>affert</strong></span> <span class='ocrx_word' id='word_1_351' title='bbox 835 3422 889 3466; x_wconf 83' lang='lat' dir='ltr'><strong>ad</strong></span> <span class='ocrx_word' id='word_1_352' title='bbox 915 3424 1115 3478; x_wconf 87' lang='lat' dir='ltr'><strong>Propert.</strong></span> <span class='ocrx_word' id='word_1_353' title='bbox 1146 3424 1221 3478; x_wconf 82' lang='grc' dir='ltr'><strong>ΙΙΙ,</strong></span> <span class='ocrx_word' id='word_1_354' title='bbox 1245 3426 1289 3477; x_wconf 86' lang='grc'><strong>4,</strong></span> <span class='ocrx_word' id='word_1_355' title='bbox 1322 3438 1364 3480; x_wconf 82' lang='grc' dir='ltr'><strong>ρ.</strong></span> <span class='ocrx_word' id='word_1_356' title='bbox 1387 3425 1488 3466; x_wconf 82' lang='lat'><strong>242.</strong></span> <span class='ocrx_word' id='word_1_357' title='bbox 1524 3426 1569 3465; x_wconf 84' lang='lat' dir='ltr'><strong>et</strong></span> <span class='ocrx_word' id='word_1_358' title='bbox 1595 3421 1858 3465; x_wconf 74' lang='lat' dir='ltr'><strong>Lonsscxius</strong></span> 
     </span>
     <span class='ocr_line' id='line_1_39' title="bbox 1378 3513 1405 3555; baseline 0 0"><span class='ocrx_word' id='word_1_359' title='bbox 1378 3513 1405 3555; x_wconf 89' lang='lat'>7</span> 
     </span>
    </p>
   </div>
  </div>
 </body>
</html>
