2086 3756
895 227 1204 280 TIBULLI.
1725 248 1881 282 cnxm

328 373 457 439 Hic,
506 373 631 443 quia
665 372 816 425 fortis
854 372 999 424 adest
1038 370 1282 438 audacia,
1335 371 1497 440 cepit:
1548 380 1601 422 at
1639 371 1716 425 illi

395 469 678 534 Virgineus
711 476 916 516 teneras
956 476 1059 517 stat
1090 466 1269 534 pudor
1301 476 1421 518 ante
1460 483 1634 533 genas.

457 557 575 631 (ubi
609 560 738 628 quod
746 597 764 623 ‚
807 563 923 628 quia
955 561 1014 610 in
1047 562 1212 612 altero
1247 562 1485 613 membro
1522 557 1814 630 omissum.)

185 655 317 707 Aliis
348 655 405 704 in
433 652 562 704 locis
589 652 821 704 suaviter
849 669 1050 706 novum
1083 654 1375 706 subiectum
1407 655 1637 708 infertur
1667 656 1723 708 in
1754 672 1884 724 pen-

185 752 465 799 tametrum
499 763 620 797 cum
652 745 726 799 vi.

186 840 239 906 1,
273 846 339 904 2,
375 845 444 899 82
460 857 477 890 ε

294 943 299 947 “
328 934 384 987 N
385 951 476 986 um
506 932 732 985 Veneris
766 936 999 1000 magnae
1017 932 1216 986 violavi
1251 935 1470 986 numina
1506 938 1698 1002 verbo,

400 1030 469 1082 Et
499 1046 618 1082 mea
654 1046 806 1082 nunc⁴
826 1044 1029 1097 >poenas
1064 1028 1228 1096 impia
1260 1030 1441 1098 lingua
1477 1029 1618 1085 luit?

898 1121 1013 1191 (pr.
1045 1119 1181 1194 luo.)

188 1218 241 1280 1,
276 1222 310 1268 3
327 1254 343 1283 ,
375 1221 444 1268 63
462 1234 479 1268 z
548 1259 550 1261 .

329 1314 399 1364 At
431 1312 687 1364 iuvenum
719 1309 880 1362 series
906 1309 1106 1362 'teneris
1141 1310 1380 1361 immixta
1413 1312 1604 1378 puellis

399 1403 588 1471 Ludit3
635 1414 687 1456 et
721 1401 929 1455 assidue
962 1402 1166 1470 proelia
1200 1403 1380 1455 miscet
1414 1405 1595 1457 Amor.

299 1546 302 1548 .
718 1492 834 1568 (pr.
865 1497 1070 1564 proelia
1102 1491 1362 1567 miscent.)

191 1593 216 1642 I
231 1629 248 1657 ,
285 1592 346 1655 4,
384 1592 487 1642 47:
1015 1595 1019 1599 ’

335 1684 447 1737 Nec
485 1694 537 1736 te
556 1684 836 1752 paeniteat
872 1682 1034 1734 duros
1071 1682 1292 1735 subiisse
1327 1684 1537 1736 labores

401 1782 510 1832 Aut
544 1798 708 1848 opera
741 1780 971 1832 insuetas
1007 1780 1280 1832 atteruisse
1315 1796 1521 1831 manus.

596 1873 775 1944 (Certe
811 1875 884 1926 sic
920 1875 1164 1926 meliores
1200 1892 1282 1941 pr.
1312 1869 1489 1944 opere.)

337 1967 478 2033 Nec,
526 1969 654 2022 velit
686 1968 891 2020 insidiis
924 1970 1053 2019 altas
1091 1968 1135 2020 si
1171 1966 1412 2020 claudere
1449 1967 1637 2032 valleS,

405 2063 551 2115 Dum
587 2065 818 2132 placeas,
864 2062 1075 2115 humeri
1108 2062 1241 2119 retia
1278 2064 1418 2115 ferre
1454 2072 1661 2130 negent.

684 2157 802 2227 (pr.
835 2157 1070 2209 humeris
1104 2187 1178 2197 —
1213 2158 1414 2224 negeS.)

198 2250 223 2299 I
236 2287 252 2315 ,
289 2256 348 2314 8,
386 2255 452 2323 53
471 2268 487 2301 z
614 2311 617 2314 Δ
761 2305 765 2309 ,
1048 2310 1053 2316 ι

342 2344 457 2395 Vae
492 2343 652 2395 miser
686 2343 892 2413 absenti
924 2355 1146 2396 maestas
1183 2362 1341 2414 quam
1375 2362 1529 2412 saepe
1567 2347 1807 2414 querelas

418 2438 645 2491 Coniicit
677 2449 729 2491 et
765 2439 993 2492 lacrimis
1030 2440 1208 2492 omnia
1248 2443 1407 2508 plena
1447 2439 1687 2494 madent!

629 2534 744 2601 (pr.
774 2533 1002 2586 lacrimis
1041 2535 1218 2586 omnia
1255 2535 1476 2602 opplet.)

199 2627 493 2698 Aliquoties
523 2638 645 2696 post
669 2630 892 2680 verbum
918 2628 1303 2681 substantivum
1330 2647 1429 2680 esse
1463 2628 1689 2697 amplior
1714 2628 1911 2680 locutio

198 2725 344 2775 illata
381 2723 438 2773 in
474 2723 866 2776 continuatione
903 2723 1218 2788 sententiae,
1267 2733 1326 2775 ut

201 2821 278 2886 ΙΙ,
319 2823 343 2869 1
364 2856 378 2882 ,
418 2822 517 2868 63:
638 2807 662 2881 J
720 2888 723 2891 Ι

343 2913 481 2963 Hinc
519 2920 572 2962 et
603 2910 860 2964 femineus
899 2912 1054 2964 labor
1089 2922 1195 2977 est,
1236 2912 1360 2963 hinc
1396 2915 1558 2980 pensa
1593 2910 1883 2985 colusque)

419 3005 592 3057 Fusus
631 3015 683 3055 et
723 3006 962 3074 apposito
1001 3007 1191 3075 pollice
1232 3017 1406 3061 versat
1446 3025 1596 3077 opus.

203 3103 229 3153 I
243 3139 258 3168 ,
295 3106 325 3151 3
341 3137 356 3166 ,
394 3100 494 3150 47:
707 3101 709 3105 ’
1360 3092 1365 3098 ’

345 3193 471 3245 Non
509 3190 671 3253 acies,
719 3193 831 3242 n'on
863 3174 945 3243 ira
978 3192 1105 3257 fuit,
1155 3211 1263 3246 non
1300 3193 1468 3259 bella,
1520 3211 1617 3245 nec
1660 3210 1835 3243 ensem

420 3285 613 3338 Immiti
648 3301 834 3339 saevus
870 3283 1095 3339 duxerat
1131 3298 1240 3339 arte
1276 3289 1455 3351 faber,
1672 3282 1674 3284 ’

1345 3387 1362 3433 l
1392 3383 1416 3411 *-
