2158 3750
650 248 957 308 TIBULLI
1013 249 1153 307 LIB.
1187 247 1286 307 Ill.
1317 257 1361 306 6.
1773 248 1854 307 75

160 404 352 464 45Nec
395 426 494 464 vos
540 418 638 465 aut
681 404 907 487 capiant
948 403 1254 486 pendentia
1289 400 1526 462 brachia
1570 400 1714 462 collo

307 511 425 571 Aut
466 511 624 572 fallat
665 511 878 571 blanda
918 512 1153 572 sordida
1195 511 1392 592 lingua
1425 533 1609 593 prece.

224 618 347 677 Etsi
393 641 606 701 perque
644 641 779 677 suos
826 617 996 677 fallax
1038 619 1244 678 iuravit
1283 617 1491 678 ocellos

297 727 689 807 Iunonemque
734 748 894 784 suam
939 748 1154 807 perque
1195 749 1355 784 suam
1398 729 1711 796 Venerem,

163 896 167 901 ,
236 832 407 892 Nulla
444 831 588 892 fides
631 831 829 892 inerit:
886 832 1137 914 periuria
1183 832 1331 892 ridet
1375 848 1663 893 amantum

161 954 223 998 50
321 940 579 1023 Iuppiter
623 932 676 1001 et
712 954 909 999 ventos
951 939 1112 999 irrita
1155 939 1305 999 ferre
1348 940 1519 999 iubet.

231 1048 386 1127 Ergo
426 1047 568 1129 quid
611 1047 815 1107 totiens
858 1046 1076 1108 fallacis
1113 1047 1286 1107 verba
1323 1046 1546 1130 puellae

325 1155 698 1237 Conqueror?
735 1155 810 1215 ite
848 1179 879 1215 a
922 1179 1049 1230 me,
1102 1155 1248 1215 seria
1290 1155 1496 1228 verba,
1551 1152 1769 1237 procul.

237 1262 428 1342 Quam
472 1262 670 1324 vellem
710 1278 895 1324 tecum
939 1263 1140 1344 longas
1185 1263 1537 1346 requiescere
1577 1275 1772 1322 noctes

303 1372 376 1431 Et
419 1386 605 1432 tecum
646 1371 851 1453 longos
895 1371 1234 1455 pervigilare
1281 1371 1432 1444 dies,

168 1478 472 1540 55Perfida
515 1503 620 1539 nec
663 1479 866 1540 merito
910 1479 1079 1542 nobis
1124 1478 1356 1538 inimica
1401 1477 1671 1550 merenti,

318 1585 575 1660 Perfida,
624 1586 755 1661 sed,
807 1586 1063 1671 quamvis
1107 1585 1363 1668 perfida,
1422 1608 1554 1645 cara
1594 1586 1811 1643 tamen!

234 1695 422 1755 Naida
463 1694 728 1756 Bacchus
771 1708 949 1756 amat:
1007 1717 1224 1768 cessaS‚
1281 1719 1314 1754 o
1358 1693 1505 1754 lente
1549 1693 1846 1752 minister?

317 1804 620 1886 Temperet
659 1827 940 1864 annosum
983 1803 1202 1864 Marcia
1246 1792 1482 1889 lympha
1528 1825 1762 1861 merum.

230 1912 363 1972 Non
408 1936 546 1994 egr),
605 1912 654 1972 si
695 1912 879 1994 fugiat
920 1927 1148 1972 nostrae
1195 1911 1448 1972 convivia
1492 1935 1722 1971 mensae

171 2033 231 2077 60
327 2022 594 2102 Ignotum
634 2020 869 2105 cupiens
913 2045 1060 2081 vana
1102 2019 1292 2103 puella
1332 2034 1552 2094 torum,

234 2127 521 2190 Sollicitus
563 2144 815 2213 repelam
856 2144 971 2189 tota
1015 2128 1262 2211 suspiria
1304 2142 1487 2187 nocte.

331 2237 422 2295 Tu
457 2259 631 2318 puer,
686 2236 738 2310 i,
789 2236 1071 2319 liquidum
1112 2235 1316 2295 fortius
1364 2234 1512 2294 adde
1557 2256 1792 2292 merum.

240 2345 360 2404 lam
405 2343 627 2403 dudum
669 2344 838 2430 Syrio
882 2343 1233 2404 madefactus
1278 2357 1536 2425 tempora
1579 2341 1764 2402 nardo

328 2452 653 2513 Debueram
695 2452 856 2513 sertis
901 2451 1247 2535 implicuisse
1294 2473 1502 2511 comas,

295 2610 349 2653 V.
369 2612 441 2653 47.
482 2610 628 2664 Vulgo
668 2608 836 2651 iurarit
875 2609 928 2651 de
969 2610 1217 2652 coniectura
1252 2608 1501 2650 Famam.
1566 2605 1753 2653 Quidam
1792 2604 1890 2646 libri

175 2686 371 2743 iurabit,
415 2692 664 2734 nominatim
695 2692 955 2734 PAmsmth.
1017 2691 1107 2733 Sed
1139 2703 1287 2733 verum
1327 2691 1451 2733 iura
1485 2690 1569 2733 vit
1608 2687 1725 2745 quod
1757 2687 1892 2731 ceteri

178 2785 327 2814 omnes
367 2771 539 2815 habent.
1304 2831 1307 2834 Ι

298 2855 354 2899 V.
374 2858 447 2897 52.
488 2854 676 2898 Codices
719 2855 811 2898 fere
850 2870 1032 2911 precor,
1079 2857 1209 2898 etiam
1250 2856 1471 2911 Excerpta
1511 2855 1722 2897 Fmsma.
1798 2853 1889 2896 Sed

181 2937 383 2991 procul
422 2937 637 2982 Paccius.
713 2936 930 2980 confusae
972 2951 1101 2980 voces
1146 2939 1276 2980 etiam
1320 2938 1385 2991 11,
1418 2941 1470 2990 1,
1501 2940 1575 2980 82.
1605 2959 1666 2968 --
1740 2935 1790 2979 V.
1814 2938 1887 2977 53.

183 3019 330 3074 Vulgo
370 3018 530 3078 longas
561 3027 704 3061 tecum
738 3032 794 3062 ex
826 3021 956 3062 Anno
991 3023 1123 3063 1515.
1147 3043 1205 3052 —
1265 3021 1320 3064 V.
1339 3023 1413 3064 55.
1447 3018 1685 3061 inimica
1724 3017 1891 3073 optimi,

184 3106 317 3145 recte.
377 3115 457 3142 nec
491 3099 635 3142 amica
671 3101 928 3144 Rsscmnsm
963 3102 1158 3157 aliaeque
1199 3106 1381 3146 veteres.
1435 3100 1561 3144 Conf.
1593 3100 1800 3142 Huscnx.

306 3182 357 3225 V.
376 3185 447 3225 62.
478 3183 677 3226 Puccms
709 3183 819 3226 male
849 3185 902 3229 I,
936 3183 1142 3239 quidquid
1169 3183 1284 3227 dicat
1306 3184 1586 3227 Huscfflcms.
1648 3183 1893 3225 Pronomen

187 3265 281 3317 Tu,
311 3265 425 3319 quod
453 3278 602 3307 omnes
629 3263 802 3318 habent,
833 3267 1132 3309 necessarium.
1185 3267 1288 3308 Mox
1317 3265 1456 3310 ictu.
1490 3278 1592 3308 νεῖ.
1647 3264 1730 3307 Alii
1746 3270 1805 3316 et,
1836 3277 1896 3304 es.

755 3374 1315 3400 *
