2086 3756
220 256 359 288 cmm
903 235 998 283 DE
1038 230 1238 286 POESI

360 377 481 430 Non
519 395 767 443 agnamve
804 375 919 426 sinu
954 379 1114 442 pigeat
1150 375 1379 424 fetumve
1420 376 1642 440 capellae

431 474 711 525 Desertum
751 472 910 523 oblita
946 481 1110 522 matre
1150 469 1325 537 reffert-e
1361 467 1593 520 domum.

1018 576 1135 586 ...ι-..-

358 634 499 698 Quid
535 637 760 685 referam
797 644 855 687 ut
890 636 1036 685 volitet
1073 635 1280 686 crebras
1317 636 1509 686 intacta
1545 652 1641 702 per
1674 637 1831 687 urbes

430 733 562 782 Alba
599 731 890 782 Palaestino
933 740 1109 782 sancta
1147 732 1364 781 columba
1407 731 1560 799 Syro.

356 893 578 958 Qualem
612 905 657 946 te
691 903 985 946 memorant
1023 893 1252 945 Saturno
1293 911 1411 959 rege
1447 894 1623 960 fugato

426 990 634 1042 Victori
667 988 848 1041 laudes
885 992 1165 1040 concinuisse
1201 987 1331 1039 Iovi.

1010 1093 1126 1102 —--—

355 1155 466 1208 Nec
501 1171 662 1221 vagus
699 1153 890 1220 ignotis
924 1163 1166 1220 repetens
1205 1152 1512 1220 compendia
1547 1153 1699 1204 terris

433 1253 700 1303 Presserat
738 1261 958 1302 externa
994 1249 1170 1300 navita
1205 1265 1377 1299 merce
1413 1258 1595 1299 ratem.

358 1413 468 1464 Illic
508 1414 871 1480 percussisque
916 1415 1062 1481 genis
1098 1426 1321 1484 ustoque
1358 1415 1546 1480 capillo

427 1509 582 1559 Errat
620 1507 687 1559 ad
722 1511 976 1560 obscuros
1010 1507 1206 1576 pallida
1241 1511 1395 1560 turba
1435 1510 1597 1558 lacus.

213 1632 384 1700 Atque
421 1632 550 1682 haec
586 1631 814 1696 vulgaris
850 1631 1004 1682 ratio,
1075 1631 1257 1682 Altera
1292 1633 1463 1683 forma
1501 1641 1591 1696 est,
1626 1639 1746 1682 cum
1779 1641 1923 1698 post-

211 1727 427 1793 ponitur
469 1725 780 1778 adiectivum
817 1735 905 1775 aut
942 1726 1294 1792 participium.

284 1847 325 1911 Ι,
347 1849 398 1911 5,
429 1846 515 1897 14.
554 1846 673 1912 Ipse
710 1843 993 1912 procuravi
1029 1862 1096 1895 ne
1133 1853 1348 1912 possent
1384 1860 1538 1897 saeva
1574 1859 1764 1895 nocere

425 1939 671 2005 Somnia,
718 1951 800 1992 ter
835 1951 1014 1992 sancta
1051 1939 1419 1995 deveneranda
1454 1941 1610 1992 mola.

281 2058 320 2123 Ι,
350 2062 396 2122 7,
422 2061 474 2108 2.
547 2056 704 2108 Hunc
746 2055 982 2107 cecinere
1025 2054 1160 2106 diem
1197 2058 1391 2107 Parcae
1428 2055 1604 2106 fatalia
1640 2063 1820 2106 nentes

424 2151 686 2218 Stamina,
734 2170 846 2204 non
885 2152 983 2203 ulli
1019 2150 1354 2205 dissoluenda
1397 2150 1513 2204 deo.

282 2268 346 2334 II,
374 2271 424 2326 5,
450 2269 538 2319 24.
590 2267 850 2318 Romulus
888 2278 1129 2319 aeternae
1171 2267 1408 2319 nondum
1444 2266 1742 2319 firmaverat
1778 2266 1921 2316 urbis

425 2362 670 2427 Moenia,
709 2362 940 2414 consorti
973 2379 1084 2414 non
1120 2361 1407 2414 habitanda
1441 2362 1624 2413 Remo·

279 2479 317 2541 Ι,
346 2484 392 2541 7,
421 2483 510 2527 28.
565 2477 644 2527 Te
682 2476 821 2528 canit
857 2486 1015 2544 atque
1051 2494 1204 2527 suum
1243 2478 1412 2542 pubes
1450 2475 1673 2525 miratur
1710 2469 1887 2524 Osirin

425 2572 690 2634 Barbara,
734 2570 1067 2636 Memphiten
1099 2571 1349 2636 plangere
1388 2568 1542 2621 docta
1577 2573 1786 2622 bovem.

279 2686 320 2751 I,
337 2691 384 2749 8,
402 2690 489 2736 72.
513 2685 613 2735 Hic
628 2685 902 2735 Marathus
921 2683 1190 2752 quondam
1206 2684 1424 2734 miseros
1442 2681 1656 2735 ludebat
1676 2690 1921 2746 amantes,

419 2780 641 2832 Nescius
676 2780 902 2843 ultorem
937 2787 1058 2845 post
1093 2787 1250 2846 caput
1286 2795 1395 2830 esse
1433 2776 1607 2829 deum.

208 2903 438 2956 Nonnisi
486 2905 544 2955 in
593 2907 760 2958 allatis
811 2895 1093 2974 exemplis,
1153 2907 1197 2957 si
1249 2909 1385 2958 bene
1435 2906 1680 2971 memini,
1742 2902 1919 2958 videas

209 3018 319 3051 rem
356 2999 497 3070 apud
534 3002 833 3068 Tibullum,
883 3014 1063 3056 contra
1099 3019 1252 3072 saepe
1293 3014 1592 3072 usurpatam
1630 3002 1920 3070 Properti0,

211 3107 266 3148 ut
311 3095 365 3147 in
404 3097 518 3149 his:

353 3210 579 3280 Cynthia
614 3211 782 3278 prima
819 3212 924 3263 suis
964 3214 1211 3264 miserum
1251 3231 1331 3263 mc
1374 3213 1508 3279 cepit
1550 3211 1750 3274 ocellis,

422 3306 732 3360 Contactum
771 3309 929 3364 nullis
968 3320 1085 3361 ante
1127 3308 1492 3380 Cupidinibus.

1007 3412 1125 3425 .—
