2158 3750
651 255 957 315 TIBULLI
1016 258 1155 316 LIB.
1189 257 1229 315 I.
1261 268 1307 315 3.
1406 282 1413 286 ·
1753 258 1824 315 11

201 410 280 467 Ut
318 431 441 468 mea
480 409 694 471 votivas
737 410 1066 493 persolvens
1108 410 1274 472 Delia
1308 434 1473 472 voces

132 533 193 577 30
288 522 438 578 Ante
482 541 673 580 sacras
712 519 832 579 lino
869 533 1014 581 tecta
1053 521 1207 582 fores
1248 521 1443 582 sedeat

194 626 410 709 Bisque
454 626 547 686 die
586 625 833 686 resoluta
879 650 1070 688 comas
1114 630 1219 689 tibi
1265 630 1453 690 dicere
1494 628 1691 689 laudes

284 732 535 813 Insignis
577 733 747 794 turba
794 733 999 794 debeat
1036 735 1098 794 in
1136 736 1362 796 Pharia.

195 840 274 900 At
319 839 462 900 mihi
505 840 798 921 contingat
838 841 1054 924 patrios
1099 841 1384 903 celebrare
1427 845 1667 904 Penates

284 948 661 1031 Reddereque
698 949 935 1031 antiquo
977 963 1269 1010 menstrua
1307 964 1435 1010 tura
1473 952 1624 1010 Lari.

132 1068 192 1115 35
206 1053 396 1134 Quam
436 1058 583 1116 bene
621 1056 871 1117 Saturno
914 1057 1177 1117 vivebant
1215 1080 1348 1138 rege
1389 1058 1551 1140 prius
1591 1082 1761 1142 quam

292 1162 486 1223 Tellus
522 1163 582 1223 in
613 1163 831 1245 ·longas
877 1179 962 1226 est
1004 1165 1286 1249 patefacta
1330 1165 1479 1226 vias!

208 1269 483 1332 Nondum
530 1270 816 1332 caeruleas
858 1272 1032 1355 pinus
1072 1287 1488 1356 contempserat
1530 1273 1748 1346 undam,

286 1378 561 1440 Effusum
603 1379 784 1440 ventis
827 1380 1280 1463 praebueratque
1328 1381 1548 1454 sinum,

207 1486 325 1547 Nec
367 1510 545 1568 vagus
588 1487 800 1568 ignotis
843 1502 1106 1572 repetens
1146 1488 1470 1568 conpendia
1516 1487 1678 1548 terris

10 1657 67 1706 ἃ
134 1604 196 1652 40
305 1595 598 1654 Presserat
640 1607 868 1655 externa
906 1593 1096 1656 navita
1137 1618 1325 1655 merce
1367 1610 1562 1656 ratem.

24 1706 85 1755 *f
209 1701 315 1762 Illo
355 1723 474 1761 non
516 1701 740 1763 validus
783 1701 961 1763 subiit
995 1703 1133 1784 iuga
1175 1717 1431 1783 tempore
1479 1719 1705 1776 tam-m,
1770 1722 1785 1738 ·

289 1811 421 1871 Non
459 1809 676 1870 domito
721 1811 951 1871 fraenos
993 1835 1094 1871 ore
1138 1813 1449 1872 momordit
1492 1836 1700 1895 equus,

201 1921 332 1980 Non
373 1919 578 1980 domus
622 1918 738 1980 ulla
771 1919 924 1980 fores
968 1920 1188 1995 habuit,
1224 1945 1343 1981 non
1387 1921 1532 1981 fixus
1567 1922 1625 1980 in
1674 1921 1847 2001 agris,

304 2028 424 2108 Qui
466 2042 688 2109 regeret
726 2027 891 2088 certis
931 2026 1146 2088 finibus
1192 2053 1355 2103 arva,
1410 2029 1570 2112 lapis,

141 2138 375 2219 45Ipsae
413 2134 579 2197 mella
624 2135 841 2196 dabant
883 2159 1159 2219 quercus,
1218 2136 1481 2222 ultroque
1517 2138 1778 2200 ferebant

300 2244 487 2304 Obvia
524 2244 739 2303 securis
785 2243 964 2304 ubera
1001 2244 1160 2304 lactis
1206 2268 1352 2304 oves.

215 2352 348 2412 Non
395 2350 573 2423 acies,
628 2374 748 2410 non
792 2350 879 2409 ira
917 2350 1055 2423 fuit,
1117 2374 1234 2410 non
1273 2351 1453 2424 bella,
1505 2375 1610 2411 nec
1657 2375 1846 2411 ensem

295 2457 491 2517 Inmiti
526 2480 724 2518 saevus
765 2457 1002 2517 duxerat
1045 2472 1162 2518 arte
1205 2458 1382 2519 faber.

210 2569 378 2628 Nunc
420 2567 550 2625 Iove
585 2565 695 2625 sub
737 2565 971 2626 domino
1000 2566 1201 2626 caedes
1241 2581 1295 2626 et
1332 2565 1563 2626 vulnera
1609 2590 1851 2649 semper,

145 2692 207 2736 50
302 2676 469 2734 Nunc
511 2696 698 2746 mare,
752 2697 908 2733 nunc
952 2673 1047 2733 leti
1090 2669 1244 2734 mille
1283 2689 1515 2756 repente
1558 2674 1697 2738 viae.

211 2783 420 2854 Parce,
461 2794 638 2863 pater.
681 2781 941 2840 timidum
987 2805 1106 2840 non
1149 2805 1239 2840 me
1284 2782 1535 2864 periuria
1581 2797 1808 2855 terrent,

297 2890 428 2949 Non
468 2887 619 2949 dicta
656 2888 716 2948 in
762 2903 986 2950 sanctos
1033 2889 1208 2973 impia
1252 2889 1423 2950 verba
1471 2889 1623 2949 deos.

270 3098 322 3141 V.
342 3101 415 3143 47.
460 3098 616 3142 Obiter
655 3104 759 3141 noto
802 3112 974 3155 pravam
1021 3101 1247 3145 lectionem
1295 3118 1446 3155 enses;
1505 3103 1576 3146 ubi
1624 3103 1736 3145 enim
1782 3115 1852 3145 res

151 3192 229 3235 per
258 3193 306 3222 se
336 3184 582 3236 spectatur,
621 3180 850 3234 singularis
882 3183 1126 3237 ponendus,
1169 3183 1223 3227 cf.
1257 3184 1309 3226 ad
1344 3185 1378 3237 1,
1410 3189 1451 3237 8,
1482 3189 1554 3228 66.
1585 3208 1644 3216 —-
1707 3185 1761 3227 V.
1779 3186 1849 3227 49.

151 3262 357 3306 caedes
397 3267 454 3306 et
490 3263 729 3306 vulnera
767 3262 873 3304 libri.
936 3264 1032 3307 ltatt
1070 3281 1188 3306 nunc
1218 3279 1281 3322 pr.
1313 3274 1383 3318 et,
1419 3268 1555 3319 male,
1593 3267 1850 3310 defendente

154 3345 255 3387 licet
287 3344 541 3387 Huscmuo.
606 3345 715 3385 Sunt
744 3343 823 3385 tria
850 3345 1038 3387 membra
1072 3347 1110 3388 in
1148 3352 1242 3388 toto
1273 3346 1469 3389 disticho.
