2158 3750
573 258 760 311 LIBR.
795 259 887 312 IV.
962 258 1175 312 GARM.
1207 259 1305 312 IX.
1373 258 1444 310 X.
1755 261 1858 313 455

279 403 334 446 V.
368 405 392 444 1
427 414 520 457 sqq.
561 403 677 446 iter
705 415 770 446 ex
800 402 986 445 animo
1027 401 1318 445 sublatum
1348 401 1607 458 puellae,
1641 401 1751 454 scis,
1779 403 1854 454 ait,

160 496 332 538 curam,
375 484 617 538 tristitiam,
657 489 821 528 metum
852 485 982 527 istum
1012 484 1067 527 de
1096 485 1251 528 itinere
1280 483 1553 541 suscipiendo
1583 484 1798 526 sublatum
1828 497 1854 526 e

161 568 331 623 puellae
373 567 550 611 animo?
609 569 821 611 Similiter
864 569 972 611 alias
1014 569 1174 625 passim
1219 581 1291 611 res
1339 568 1514 624 ponitur
1557 570 1634 610 ant
1673 579 1855 624 persona

161 663 241 706 pro
281 651 495 705 imagine,
545 651 811 707 cogitatione
851 652 957 694 eius.
1017 653 1094 696 Sic
1122 652 1314 696 Vmem.
1346 652 1453 695 Aen.
1484 650 1521 704 Ι,
1548 653 1652 692 712.
1684 646 1857 690 abolere

155 734 409 791 Sychaeum
453 749 518 792 pr.
563 736 656 779 eius
697 735 959 779 desiderium
1002 740 1049 778 et
1091 735 1360 779 memoriam.
1407 736 1506 779 Su„
1546 734 1671 777 Pru..
1703 733 1739 786 1,
1769 735 1852 776 61:

73 822 76 824 ’
158 817 332 861 abolere
361 820 590 878 Aegates,
630 833 672 864 v.
702 822 805 862 345.
842 818 946 861 ibid.
979 817 1177 860 haustus
1208 815 1413 860 medullis
1443 815 1701 864 Hannibal,
1743 815 1785 861 h.
1815 829 1853 859 e.

157 902 289 946 verba
316 902 586 947 Hannibalis.
619 925 681 935 —
724 903 836 945 Mox
875 901 1110 957 legendum
1141 914 1240 945 cum
1267 902 1398 945 Anno
1429 901 1610 957 aliisque
1640 914 1744 946 suo
1775 906 1854 956 est,

154 982 195 1026 h.
220 997 261 1026 e.
292 985 378 1028 iam
407 985 510 1027 licet
540 984 712 1040 puellae
739 983 910 1027 Romae
942 996 1038 1027 esse
1071 983 1203 1026 natali
1233 996 1328 1027 su0.
1390 984 1502 1028 Nam
1533 986 1622 1028 sive
1653 998 1679 1027 a
1713 985 1855 1041 puella

152 1068 313 1123 scripta
343 1070 411 1110 est
442 1068 650 1124 epistola,
682 1072 732 1110 ut
762 1067 1004 1112 Huscmrm
1034 1072 1081 1111 et
1110 1069 1370 1111 Gotnmwo
1398 1068 1511 1111 male
1542 1067 1747 1120 videtur,
1766 1067 1858 1110 sive

152 1152 208 1194 ab
239 1153 377 1196 amico
409 1151 626 1206 Corinthi,
671 1157 720 1195 ut
753 1166 940 1208 sequens
974 1151 1187 1197 distichon
1220 1153 1403 1210 probat,
1445 1159 1528 1195 tuo
1559 1152 1660 1195 ferri
1690 1151 1853 1206 nequit,

154 1237 256 1291 qnia
291 1236 346 1280 de
376 1237 620 1293 Sulpiciae,
653 1250 739 1280 non
769 1237 825 1280 de
857 1236 1054 1281 Cerinthi
1087 1238 1219 1281 natali
1246 1250 1489 1281 sermonem
1519 1249 1615 1280 esse
1646 1235 1700 1279 ad
1731 1240 1855 1280 ante-

152 1318 312 1362 cedens
341 1332 514 1362 carmen
544 1319 817 1362 vidimus·—
847 1319 1119 1362 Omnibus
1149 1319 1256 1363 ille
1291 1319 1415 1362 dies
1449 1323 1533 1362 etc.
1596 1317 1725 1362 Clara
1755 1320 1854 1361 sunt

151 1402 307 1456 omnia,
337 1404 374 1446 si
403 1404 566 1446 amicus
597 1401 790 1446 Cerinthi
821 1404 1026 1458 loquitur,
1069 1404 1231 1459 inepta,
1262 1403 1299 1446 si
1330 1402 1534 1458 Sulpicia.
1598 1399 1854 1444 Celebrabi-

151 1495 272 1538 mus,
302 1484 364 1526 ait
393 1485 494 1538 ille,
525 1497 675 1528 omnes
713 1485 842 1527 amici
873 1485 938 1526 tui
969 1485 1131 1528 laetum
1169 1483 1310 1537 diem,
1354 1484 1427 1539 qui
1458 1483 1535 1526 tibi
1568 1487 1741 1540 praeter
1771 1494 1853 1525 ex-

153 1568 465 1624 spectationem
498 1582 612 1612 nunc
641 1569 772 1612 veuit.
833 1569 900 1612 Ac
930 1565 1164 1612 Cerinthus
1199 1567 1314 1624 apud
1343 1566 1581 1622 Sulpiciam
1611 1569 1704 1607 erat
1733 1563 1854 1606 futu-

149 1661 250 1704 rus,
291 1651 418 1693 amici
459 1651 545 1693 alio
586 1650 642 1694 ad
676 1650 918 1694 convivium
959 1649 1294 1702 conveniebant,
1334 1649 1418 1691 nisi
1448 1647 1563 1704 apud
1592 1660 1640 1690 se
1671 1647 1854 1702 quisque

150 1732 267 1774 domi
312 1732 570 1775 observabat
615 1731 728 1776 hunc
773 1733 902 1776 diem.
962 1731 1086 1775 Haec
1128 1733 1263 1786 igitur
1307 1733 1436 1775 clara.
1509 1729 1707 1774 Absurde
1752 1742 1854 1773 vero

150 1814 267 1857 dicat
307 1814 376 1858 hic
417 1815 635 1871 Sulpicia=
688 1814 1015 1858 celebrabimus
1046 1827 1195 1857 omnes
1226 1815 1412 1856 natalem
1453 1826 1622 1866 meum,
1671 1812 1744 1866 qui
1775 1811 1856 1854 tibi

148 1899 310 1940 amanti
351 1911 433 1941 nec
464 1898 656 1954 opinanti
684 1897 815 1941 veuit.
876 1897 996 1940 Male
1028 1898 1184 1939 etiamz
1234 1896 1560 1939 CelebrabImus
1595 1907 1744 1938 omnes
1775 1908 1853 1937 na-

153 1981 282 2024 talem
314 1985 436 2025 tuum
468 1981 529 2037 (si
563 1988 643 2023 tuo
673 1995 713 2024 v.
747 1980 942 2024 anteced.
974 1979 1220 2035 defendas),
1255 1980 1330 2035 qui
1361 1980 1440 2022 tibi
1474 1993 1588 2023 nunc
1618 1980 1855 2036 inopinanti

150 2065 280 2108 venit.
302 2089 363 2098 —
392 2069 624 2119 agatur,
655 2064 913 2117 celebretur,
945 2063 1128 2107 Hoaxr.
1159 2063 1237 2116 IV,
1268 2066 1340 2116 11,
1377 2066 1455 2105 142
1487 2061 1590 2103 idus
1622 2060 1708 2103 tibi
1741 2068 1852 2104 sunt

149 2146 364 2204 agendae.
437 2148 629 2191 Vossltss
673 2146 858 2202 denique
899 2145 1095 2205 genialis
1135 2146 1323 2202 recepit,
1372 2145 1488 2200 quod
1522 2147 1590 2189 vel
1622 2150 1854 2202 propterea

149 2231 256 2274 ferri
285 2244 372 2274 non
403 2244 533 2287 posse
564 2231 699 2285 dicas,
728 2232 829 2286 quia
858 2243 944 2274 non
979 2230 1150 2283 Genio,
1179 2229 1258 2271 sed
1288 2229 1442 2272 Iunoni
1473 2242 1598 2271 sacer
1628 2233 1722 2272 erat
1751 2227 1854 2271 Sul-

150 2315 291 2370 piciae
324 2315 490 2358 natalis.
522 2336 581 2346 -
627 2326 732 2357 uec
774 2314 1039 2371 opinanti
1081 2317 1126 2355 et
1166 2312 1350 2365 forte,
1397 2313 1614 2355 cumulate
1657 2323 1753 2355 cum
1796 2313 1850 2356 vi.

150 2398 317 2450 Recte3
348 2409 446 2440 nam
477 2409 531 2441 eo
562 2395 788 2440 iucundior
818 2407 918 2447 res,
947 2407 1036 2449 quo
1068 2394 1206 2437 minus
1239 2393 1583 2449 exspectabatur.

595 2835 1198 2898 CARMEN
1330 2837 1399 2894 X.

151 3186 481 3262 Incidet-at
525 3216 674 3259 forte
721 3199 975 3270 aliduid,
1022 3211 1166 3256 unde
1210 3211 1481 3268 Sulpicia
1524 3208 1854 3264 suspicare-

151 3306 243 3345 tur
285 3297 627 3344 Cerinthum
670 3298 787 3341 alia
831 3297 1030 3353 puella
1076 3296 1311 3350 vulgari
1353 3298 1589 3350 captum.
1667 3293 1856 3338 Quare

152 3396 356 3428 memor
399 3381 741 3428 nobilitatis
781 3393 917 3424 suae
960 3378 1045 3422 liis
1089 3379 1314 3423 litteris
1346 3377 1539 3434 carpit
1580 3380 1634 3419 et
1666 3374 1858 3427 exagi-
