2086 3756
270 276 351 309 mv
955 254 1052 303 DE
1089 250 1289 305 POESI

270 392 445 445 studet
478 394 662 445 Deliae
702 404 760 443 ut
789 402 964 443 tamen
996 377 1185 443 audeat
1222 391 1430 458 fallere3
1468 393 1631 443 altero
1665 401 1783 460 post
1817 389 1969 442 disci-

271 488 443 553 dium,
495 487 638 556 quod
685 497 857 538 ortum
898 497 1035 551 erat,
1085 488 1373 538 obtestatur
1411 489 1640 555 puellam
1687 498 1746 538 ut
1787 486 1972 538 reddat

269 587 523 639 favorem.
609 584 848 634 Tertium
899 601 1028 636 vero
1080 600 1289 635 carmen
1333 585 1391 635 in
1438 584 1670 653 Corcyra
1721 586 1971 651 scriptum

271 697 392 730 cum
423 689 725 745 aegrotaret,
758 679 815 728 in
841 678 1021 730 mortis
1051 679 1357 745 cogitatione
1392 690 1645 743 versatur,
1680 696 1814 747 quae
1839 694 1973 728 non-

270 774 373 824 nisi
419 775 475 823 in
511 773 657 824 exitu
698 772 990 825 dimittitur.
1072 773 1133 824 In
1181 772 1363 825 dolore
1402 785 1453 825 et
1489 775 1702 842 querela
1736 782 1976 826 versatur

271 869 427 920 etiam
462 880 608 920 sexta
644 870 832 936 elegia,
886 870 980 922 ubi
1025 869 1089 922 de
1128 866 1347 938 perfidia
1396 887 1534 922 nova
1571 868 1758 937 Deliae
1795 866 1977 934 agitur.

270 971 508 1023 Primum
555 971 780 1041 denique
825 991 1062 1036 carmen,
1116 971 1260 1041 quod
1297 972 1592 1022 felicitatem
1634 969 1725 1020 otii
1758 986 1884 1019 rure
1927 978 1978 1018 et

269 1069 327 1120 in
377 1087 554 1121 amore
597 1069 926 1136 'transigendi
978 1080 1195 1133 tractat,
1253 1071 1461 1137 qualem
1514 1069 1674 1120 habet
1727 1067 1975 1117 eroticam

271 1162 513 1230 partem?
587 1163 742 1216 Sedet
788 1175 944 1231 poeta
994 1163 1152 1215 duras
1205 1165 1398 1215 ianitor
1445 1173 1564 1214 ante
1611 1164 1778 1224 fores,
1833 1160 1981 1212 flebit

272 1257 398 1309 olim
431 1259 586 1309 Delia
619 1259 676 1308 in
707 1259 894 1308 funere
930 1257 1163 1321 amantis,
1200 1257 1412 1306 interim
1442 1258 1727 1321 iungantur
1763 1273 1982 1319 amores,

273 1351 401 1403 dum
436 1353 676 1418 frangere
723 1363 895 1419 postes
945 1369 1054 1403 non
1103 1351 1266 1420 pudet
1314 1361 1364 1402 et
1403 1352 1546 1401 rixas
1582 1350 1861 1402 inseruisse
1898 1350 1981 1400 iu-

272 1459 378 1500 vat.
464 1447 606 1511 Quid
646 1445 830 1502 vides?
864 1446 1132 1500 “Dolores
1183 1449 1374 1501 amoris
1429 1450 1720 1500 mollissimi
1771 1459 1823 1499 et
1869 1449 1983 1516 ipsa

272 1544 463 1610 gaudia
511 1544 643 1595 rixis
693 1546 958 1597 amatoriis
1010 1547 1190 1597 mixta.
1262 1547 1434 1614 Atque
1481 1548 1609 1596 haec
1653 1546 1709 1596 in
1756 1545 1983 1596 Deliam.

277 1639 524 1690 Carmina
561 1641 628 1691 ad
672 1639 938 1691 Nemesim
983 1640 1208 1694 vidimus
1246 1639 1404 1691 modo
1441 1651 1552 1692 tota
1600 1642 1757 1707 plena
1807 1641 1983 1708 queri-

278 1735 475 1786 monia.
546 1736 761 1787 Restant
796 1737 897 1788 tria
929 1737 1027 1789 ista
1063 1736 1468 1801 consideranda,
1511 1736 1603 1787 ubi
1639 1734 1702 1786 de
1738 1735 1984 1787 Mai-atho

274 1829 460 1895 agitur.
532 1832 704 1900 Atque
730 1832 784 1881 in
813 1843 1000 1900 quarto
1032 1833 1156 1882 libri
1183 1831 1342 1899 primi
1376 1841 1652 1899 praeceffa
1683 1829 1747 1881 de
1775 1829 1983 1897 capien-

275 1924 352 1978 dis
388 1928 564 1992 pueris
600 1939 986 1995 proponuntur,
1029 1943 1162 1996 quae
1194 1946 1311 1978 cum
1345 1929 1399 1978 in
1434 1927 1536 1979 fine
1570 1929 1741 1996 ipsum
1773 1938 1984 1995 poetam

276 2020 582 2086 destituant,
633 2033 693 2073 ut
736 2040 802 2073 ne
839 2023 939 2073 sibi
978 2021 1190 2090 quidem
1226 2022 1474 2088 prodesse
1511 2039 1566 2072 se
1609 2039 1763 2089 posse
1799 2021 1987 2073 sentiat

276 2134 396 2166 cum
448 2117 669 2183 gemitu,
723 2136 925 2169 summa
975 2120 1216 2169 carminis
1268 2120 1544 2169 manifesto
1599 2117 1666 2169 ad
1715 2118 1984 2186 querelam

274 2211 437 2275 redit,
486 2214 690 2265 fastidio
726 2215 959 2266 Marathi
1007 2233 1186 2266 omnes
1227 2215 1385 2266 modo
1423 2214 1638 2265 traditas
1687 2225 1821 2265 artes
1873 2215 1986 2265 elu-

278 2305 450 2358 dente.
522 2310 583 2359 In
625 2325 768 2361 nono
804 2312 1104 2377 gravissime
1153 2315 1378 2378 exagitat
1423 2311 1673 2362 infamem
1710 2309 1985 2377 perfidiam

275 2403 431 2468 pueri
467 2419 634 2471 usque
684 2403 750 2456 ad
797 2406 981 2470 finem,
1031 2407 1088 2457 in
1128 2415 1313 2459 octavo
1353 2403 1579 2474 denique
1618 2404 1824 2457 dolores
1866 2406 1985 2456 Ma-

274 2489 414 2549 rathi
461 2517 560 2565 per
605 2502 844 2552 Pholoen
880 2512 1082 2553 tractat.
1167 2503 1316 2553 Talia
1355 2512 1473 2553 sunt
1511 2503 1762 2552 amatoria
1798 2511 1984 2567 poetae

276 2596 523 2645 carmina.
593 2595 795 2646 Verum
833 2598 985 2647 etiam
1033 2596 1126 2647 ubi
1169 2597 1224 2646 in
1269 2597 1371 2646 alio
1423 2605 1728 2661 argumento
1780 2613 1984 2648 amores

273 2689 467 2754 tangit,
508 2698 563 2738 ut
598 2691 731 2739 solet
763 2691 950 2753 facere,
986 2707 1094 2740 non
1120 2692 1282 2741 laetos
1307 2693 1452 2741 lusus
1481 2700 1532 2740 et
1565 2692 1724 2755 iocOS‚
1759 2689 1852 2741 sed
1888 2689 1984 2743 do-

264 2780 415 2834 lores
447 2782 706 2848 describit,
740 2782 845 2836 vid.
869 2786 908 2849 I,
935 2789 1016 2848 10,
1040 2790 1106 2835 53
1127 2801 1242 2852 sqq.
1270 2786 1334 2847 ΙΙ,
1363 2789 1408 2848 1,
1431 2791 1495 2836 67
1520 2803 1633 2854 sqq.
1669 2790 1715 2849 5,
1747 2790 1844 2836 101
1868 2804 1983 2856 sqq.

278 2876 519 2941 Carmine
556 2880 727 2944 primo
761 2880 886 2930 libri
922 2879 1138 2930 secundi
1173 2897 1377 2930 sacrum
1430 2882 1725 2933 ambarvale
1763 2883 1983 2948 canitur,

276 2974 334 3023 in
370 2973 585 3041 praedio
619 2975 819 3026 Tibulli
855 2975 1000 3044 quod
1036 2977 1116 3040 fit3
1171 2987 1247 3027 est
1281 2978 1438 3043 igitur
1477 2990 1842 3044 argumentum
1875 2981 1984 3031 lae-

275 3080 413 3132 tum,
461 3068 550 3120 sed
588 3080 760 3120 tamen
797 3088 908 3121 non
951 3073 1142 3122 oblitus
1186 3082 1262 3122 est
1302 3084 1457 3138 poeta
1506 3075 1773 3140 querelam
1808 3075 1980 3124 immi-

277 3183 439 3218 scere.
513 3167 654 3217 Talis
707 3167 846 3218 enim
893 3178 969 3218 est
1013 3177 1153 3218 totus
1204 3165 1267 3216 de
1315 3168 1507 3219 Amore
1552 3169 1784 3218 intextus
1823 3169 1984 3231 locuS,
2059 3198 2063 3205 ν

279 3274 331 3313 et
383 3264 531 3313 facile
584 3265 773 3320 sentias
823 3282 943 3315 eum
993 3265 1146 3314 etiam
1196 3282 1409 3314 suarum
1456 3274 1575 3314 ante
1613 3281 1983 3314 aerumnarum
2054 3269 2059 3274 '

278 3358 544 3410 recordari
586 3358 708 3410 dum
746 3362 963 3419 scribat:
1013 3362 1114 3411 Hei
1152 3363 1278 3412 mihi
1316 3378 1472 3429 quam
1508 3359 1682 3412 doctas
1716 3378 1856 3412 nunc
1887 3361 1981 3411 ha-
2060 3350 2072 3366 ⁴
