2158 3750
495 265 678 317 LIBR.
713 266 806 317 lv.
879 265 1092 316 CARM.
1127 264 1250 315 XII.
1321 263 1468 314 XIII.
1719 266 1822 316 459

247 407 459 450 Perlectis
501 408 680 463 singulis
718 408 916 464 elegidiis
963 409 1160 452 omuibus
1205 421 1289 452 non
1335 396 1465 465 spero
1511 411 1556 451 te
1602 408 1827 464 invenisse,

134 491 249 544 quod
280 495 401 534 certo
432 491 516 534 dici
550 493 688 547 possit
717 494 904 536 alienum
947 507 974 536 a
1016 493 1178 536 iudicio
1207 492 1386 536 Tibulli.
1444 490 1526 533 Est
1554 489 1714 545 ubique
1745 492 1826 533 ali-

131 571 233 624 quid
264 573 507 626 argumenti
545 573 793 627 diversitas3
835 573 1109 617 nihilominus
1140 588 1274 629 aegre
1303 574 1494 630 reperias
1524 572 1640 628 quod
1670 572 1829 615 Tibul-

132 655 271 697 lianae
306 655 483 699 dictioni
525 658 704 700 similius
745 659 803 700 sit
846 657 912 700 his
956 658 1169 713 elegidiis.
1228 658 1386 701 Paullo
1427 656 1617 699 ornatius
1655 654 1829 710 quidem

132 735 312 790 primum
355 741 447 790 est,
485 739 563 780 sed
593 739 636 781 in
665 740 886 796 Sulpiciae
916 739 1042 783 laude
1073 744 1193 783 recte
1226 739 1431 783 iudicavit
1460 738 1660 782 Tibullus
1690 737 1828 781 maio-

124 831 221 869 ‚rem
251 825 447 865 ornatum
478 822 736 878 ponendum.

523 1134 1122 1195 CARMEN
1244 1135 1431 1194 XIII.

726 1452 1245 1510 INTRODUCTIO.

132 1608 284 1701 Quid
329 1636 498 1679 intersit
536 1637 718 1679 aliorum
761 1635 914 1690 aliquis
957 1650 1014 1679 an
1056 1650 1159 1679 suos
1198 1650 1369 1680 amores
1401 1642 1553 1692 canat,
1598 1640 1832 1682 clarissime

131 1716 215 1760 hoc
257 1732 430 1762 carmen
475 1719 604 1763 docet
647 1726 942 1777 comparatum
983 1734 1081 1763 cum
1124 1720 1492 1765 antecedentibus.
1564 1722 1725 1765 Suavia
1758 1723 1832 1764 illa

129 1807 230 1844 sunt
276 1807 323 1844 et
368 1808 546 1846 venusta
594 1805 902 1858 eleganterque
951 1805 1191 1860 composita
1238 1809 1288 1846 ut
1337 1804 1547 1858 vidimus,
1603 1818 1655 1847 ac
1702 1803 1832 1846 habet

130 1895 332 1937 maguum
363 1885 560 1928 ardorem
591 1885 812 1941 Sulpiciae
843 1886 1053 1939 affectus,
1096 1885 1172 1928 sed
1205 1891 1347 1929 tamen
1378 1888 1502 1929 abest
1529 1888 1728 1943 proprius
1759 1888 1833 1929 ille

131 1967 305 2009 Tibullo
348 1969 526 2023 insignis
570 1969 695 2023 vigor
736 1969 995 2021 affectuum,
1041 1969 1115 2023 qui
1157 1969 1200 2010 in
1244 1970 1380 2023 primo
1425 1974 1468 2011 et
1498 1970 1688 2012 secundo
1720 1970 1830 2011 libro

132 2050 405 2106 conspicuus,
436 2065 548 2095 nunc
579 2057 671 2095 tota
700 2065 797 2095 cum
827 2053 869 2095 vi
903 2066 981 2095 sua
1012 2053 1054 2094 in
1086 2051 1167 2094 hoc
1198 2053 1385 2094 carmine
1415 2053 1541 2094 redit.
1595 2052 1691 2107 (Tu
1724 2052 1834 2093 mihi

132 2147 343 2174 curarum
380 2133 579 2192 requies,
621 2142 675 2175 tu
715 2142 842 2175 nocte
871 2133 945 2175 vel
975 2142 1082 2175 atra
1111 2137 1307 2180 Lumen,
1352 2143 1397 2176 et
1427 2134 1475 2176 in
1506 2135 1613 2176 solis
1640 2143 1693 2176 tu
1725 2134 1835 2176 milti

129 2215 267 2260 turba
310 2217 451 2260 locis!
512 2219 623 2264 Quis
668 2219 711 2260 in
757 2218 916 2261 talibus
965 2231 1051 2260 non
1099 2217 1297 2271 agnoscit
1348 2217 1628 2272 Tibullum2)
1705 2217 1832 2261 Nunc

133 2301 245 2344 enim
276 2314 325 2344 se
355 2302 494 2357 ipsum
526 2307 656 2357 poeta
684 2302 840 2343 iterum
872 2299 1071 2352 exhibet,
1103 2304 1204 2341 ante
1238 2299 1420 2341 aliorum
1450 2312 1602 2342 seusus
1632 2301 1832 2343 imitaba-

130 2389 216 2426 tur.
276 2384 359 2428 Est
398 2389 543 2427 autem
586 2384 816 2427 verisimile
858 2384 900 2426 in
943 2384 1176 2436 Glyceram
1218 2383 1428 2438 scriptum
1470 2396 1665 2437 carmen,
1707 2384 1831 2428 utin

134 2465 232 2508 Vita
262 2467 427 2510 Tibulli
456 2469 661 2523 exposui,
692 2472 793 2523 post
821 2471 1002 2510 mortem
1035 2479 1140 2509 vero
1174 2465 1337 2508 Tibulli
1367 2471 1613 2522 repertum,
1643 2467 1706 2509 sic
1737 2467 1832 2510 edi-

131 2555 222 2592 tum
269 2563 364 2592 esse
411 2563 509 2593 cum
553 2548 921 2592 antecedentibus.
995 2547 1107 2591 Nam
1151 2547 1352 2590 Nemesis
1398 2549 1516 2591 nullo
1560 2548 1690 2591 modo
1735 2562 1832 2592 esse

132 2638 301 2690 potest,
345 2645 474 2690 quam
516 2633 774 2688 alloquitur:
819 2633 965 2689 puella
1006 2645 1135 2675 avara
1180 2637 1224 2675 et
1257 2631 1471 2688 superba,
1516 2633 1628 2687 quae
1659 2636 1832 2688 praeter

133 2717 354 2760 Tibullum
394 2717 525 2760 etiam
567 2717 676 2760 alios
707 2717 962 2760 admittebat
992 2730 1149 2774 saepe,
1196 2716 1414 2772 quomodo
1447 2717 1502 2760 de
1537 2717 1700 2761 Tibulli
1730 2731 1834 2775 per-

132 2800 236 2843 fidia
265 2799 388 2855 queri
418 2799 597 2855 potuit?
656 2799 891 2853 Foederis,
925 2800 1052 2854 quale
1081 2798 1150 2842 hic
1179 2800 1223 2843 in
1255 2800 1395 2856 primo
1425 2799 1608 2844 disticho
1639 2814 1832 2846 comme-

133 2887 351 2936 moratur,
391 2883 555 2925 nullum
586 2883 818 2938 vestigium
849 2884 995 2928 videas
1025 2885 1068 2927 in
1100 2884 1359 2927 carminibus
1390 2885 1444 2927 ad
1476 2884 1722 2940 Nemesim,
1754 2899 1835 2930 ne·

134 2977 218 3019 que
249 2963 374 3007 huius
402 2966 575 3019 generis
603 2964 687 3009 fuit
713 2966 795 3008 iate
823 2978 941 3009 usus.
1001 2966 1163 3009 Similis
1195 2967 1337 3022 potius
1369 2965 1438 3010 hic
1469 2980 1589 3010 amor
1619 2968 1673 3022 ei,
1705 2981 1833 3023 quem

133 3062 190 3092 ex
230 3049 485 3091 carminibus
522 3047 578 3091 ad
621 3049 788 3092 Deliam
829 3050 1039 3093 novimus.
1098 3050 1255 3105 Neque
1297 3054 1441 3094 tamen
1485 3051 1611 3093 Delia
1652 3050 1836 3106 cogitari

134 3137 306 3188 potest,
349 3133 470 3174 cuius
500 3144 710 3186 nusquam
739 3131 962 3174 servitium
994 3137 1381 3186 commemoratur,
1429 3145 1509 3174 nec
1541 3131 1658 3175 cadit
1688 3131 1835 3175 buius-

134 3215 250 3258 modi
287 3214 388 3270 quid
423 3216 465 3257 in
497 3213 605 3257 lianc
636 3216 782 3258 mitem
814 3216 1015 3271 puellam.
1079 3217 1135 3259 At
1167 3218 1355 3270 Glycera
1387 3217 1561 3259 immitis
1593 3221 1698 3260 erat.
1762 3217 1831 3260 Ne

133 3298 292 3350 multa;
337 3297 446 3340 hane
493 3310 660 3340 mecum
705 3297 912 3351 intellige.
974 3296 1157 3340 Videtur
1198 3312 1301 3341 vero
1338 3300 1529 3352 Glycera
1571 3303 1662 3342 tum
1705 3299 1832 3341 dubi-

137 3386 251 3425 tasse
288 3382 343 3425 de
383 3396 531 3426 amore
571 3382 758 3435 Tibulli,
804 3380 1048 3438 suspicione
1081 3381 1193 3426 sorte
1226 3388 1320 3424 orta
1358 3382 1468 3423 alius
1499 3380 1835 3435 consuetudinis,
