2158 3750
341 280 442 325 292
738 269 1207 326 COMMENTAR.
1243 270 1318 322 IN
1354 271 1645 323 TIBULLI

340 419 449 461 Cum
482 418 594 460 enim
624 418 726 457 ante
758 413 994 456 narraverit
1023 412 1127 467 quid
1161 413 1455 469 praedixerint
1497 410 1721 467 Sibyllae,
1763 424 1850 458 non
1891 416 2039 472 pergit

340 511 512 543 narrare
544 495 885 552 praedictiones,
919 494 996 536 sed
1027 495 1271 544 ἐμφατικῶς
1303 508 1382 551 pro
1414 495 1780 548 praedictionibus
1809 497 1894 540 iam
1920 499 2038 554 ipsas

339 594 409 624 res
439 582 739 636 portentosas,
786 588 897 631 quae
929 579 1021 618 tum
1060 566 1311 631 praedictae
1342 582 1608 630 evenerunt,
1653 582 1813 621 narrat.
1845 601 1906 612 —
1946 581 2038 623 At-

338 677 442 719 que
472 686 532 695 —-
562 666 745 716 atque.
807 660 926 703 Nota
967 660 1099 703 etiam
1141 660 1318 702 aliunde
1361 661 1565 716 repetitio
1596 662 1835 716 particulae
1868 674 1967 704 cum
1997 662 2039 704 vi

339 749 382 791 in
423 747 777 798 enumeratione,
822 751 873 787 ut
919 745 1059 789 Vme.
1103 745 1268 799 Georg.
1311 744 1392 798 IV,
1434 747 1536 788 463.
1583 744 1741 800 Eclog.
1783 745 1838 799 V,
1878 747 1948 788 24.
1979 767 2039 777 -

338 828 639 887 crepitantia,
682 827 904 884 proprium
947 839 1160 869 armorum
1199 826 1405 880 verbum,
1448 825 1507 870 cf.
1538 826 1791 870 Burmann.
1824 826 1880 869 ad
1911 826 2039 871 ovid.

336 913 446 955 Met.
487 911 588 965 XV,
632 914 737 953 783.
789 908 1007 951 laudatum
1061 909 1118 951 ab
1173 909 1381 952 Hssrnro.
1459 909 1599 952 Porro
1646 909 1703 952 ad
1747 921 1841 952 rem
1889 908 2040 952 confer

336 998 478 1041 Vmor.
526 997 692 1049 Georg.
733 993 768 1047 I,
800 996 913 1036 474:
975 992 1218 1035 Armorum
1258 990 1453 1034 sonitum
1495 999 1592 1034 toto
1636 992 1876 1034 Germania
1915 991 2038 1035 caelo

337 1077 521 1122 Audiit.
613 1076 851 1129 Videntur,
917 1075 980 1116 ait
1037 1075 1231 1117 Vossms
1290 1074 1475 1126 ibidem,
1543 1075 1740 1129 legiones
1806 1077 2041 1119 Germani-

337 1173 416 1204 cae
470 1164 603 1203 noctu
643 1157 827 1212 fulgenti
869 1155 1036 1198 boreali
1077 1155 1237 1196 lumine
1279 1155 1439 1197 vidisse
1480 1159 1528 1198 et
1568 1155 1741 1199 audisse
1771 1159 1953 1212 'pugnas
1994 1158 2039 1200 in

338 1243 529 1286 nubibus
572 1241 829 1297 peditesque
873 1244 918 1281 et
959 1238 1128 1292 equites
1173 1238 1303 1280 armis
1343 1242 1573 1281 certantes.
1646 1240 1844 1282 Pertinet
1885 1241 2039 1285 eodem

339 1327 480 1370 Ovm.
513 1326 625 1368 Met.
655 1325 756 1378 XV,
788 1326 891 1366 783.
955 1322 1243 1365 Contulerunt
1273 1322 1404 1365 etiam
1431 1322 1642 1365 Pmmmr
1670 1322 1728 1376 11,
1759 1326 1844 1366 582
1875 1323 2042 1367 Armo-

335 1422 436 1450 rum
478 1407 676 1464 crepitus
718 1413 764 1447 et
806 1403 943 1447 tubae
985 1404 1162 1447 sonitus
1205 1404 1389 1448 auditos
1427 1419 1452 1447 c
1493 1404 1617 1448 caelo
1646 1404 1875 1450 Cimbricis
1916 1405 2042 1452 bellis

336 1490 614 1549 accepimus,
661 1487 897 1549 crebroque
926 1495 972 1531 et
1007 1489 1141 1546 prius
1169 1496 1215 1531 et
1239 1497 1417 1546 postea.
1482 1490 1635 1532 Tertio
1667 1503 1770 1532 vero
1801 1489 2041 1533 consulatu

334 1575 480 1618 Marii
522 1574 580 1615 ab
621 1573 850 1617 Amerinis
889 1580 937 1614 et
982 1571 1255 1616 Tudertibus
1294 1579 1503 1630 spectata
1542 1586 1672 1614 arma
1719 1571 1934 1615 caelestia
1982 1570 2041 1614 ab

334 1668 438 1702 ortu
482 1673 731 1717 occasuque
761 1658 882 1700 inter
922 1673 969 1700 se
1003 1656 1331 1701 concurrentia.
1364 1680 1424 1688 —
1470 1658 1656 1711 lucos,
1702 1670 1834 1701 voces
1874 1669 1899 1700 e
1929 1657 2038 1700 lucis

333 1742 495 1786 editae.
546 1743 686 1787 Vme.
721 1743 887 1796 Georg.
918 1741 954 1796 I,
982 1744 1097 1785 476:
1146 1742 1244 1785 Vox
1287 1755 1463 1800 quoque
1499 1755 1583 1798 per
1622 1740 1746 1783 lucos
1782 1740 1920 1799 vulgo
1959 1755 2040 1782 ex·

333 1824 500 1866 audita
539 1823 722 1865 silentes
762 1823 941 1880 Ingens.
998 1824 1178 1868 Luem.
1210 1824 1246 1878 Ι,
1276 1827 1390 1868 569:
1449 1826 1564 1866 Tum
1597 1823 1770 1883 fragor
1814 1837 2039 1867 armorum

333 1921 612 1964 magnaeque
638 1921 721 1962 per
752 1907 861 1948 avia
891 1920 1018 1948 voces
1051 1904 1260 1947 Auditae
1289 1920 1542 1952 nemorum,
1586 1906 1789 1949 laudante
1818 1906 2038 1950 Bnoucx-

333 2005 471 2035 nusm
502 1996 547 2034 et
579 1991 788 2033 Hunno.
819 2013 879 2022 —
909 1990 1126 2044 fugam,
1158 1990 1324 2033 cladem
1356 1991 1626 2034 exercituum
1658 1995 1704 2034 et
1733 2002 1866 2034 novos
1895 1991 2040 2046 impe-

331 2080 402 2118 tus
433 2074 692 2131 populorum
723 2073 1136 2129 septentrionalium,
1170 2073 1419 2115 nominatim
1448 2074 1783 2126 Germanorum,
1824 2076 1875 2115 ut
1906 2072 2037 2116 docet

331 2172 465 2215 supra
495 2162 769 2212 comparatus
801 2157 921 2199 locus
964 2157 1188 2200 Vmermr.
1221 2179 1280 2188 —-
1346 2156 1746 2212 praecinuisse
1792 2156 2038 2200 thmm-

330 2255 518 2286 memus
550 2242 680 2283 etiam
712 2240 765 2283 ad
798 2240 968 2282 tubas
1001 2245 1045 2282 et
1087 2254 1236 2282 arma
1266 2240 1427 2293 refert,
1470 2240 1831 2295 quemadmodum
1860 2245 1964 2284 sane
1993 2242 2038 2285 in

330 2327 459 2370 simili
492 2326 588 2368 loco
630 2325 768 2366 Ovm.
800 2324 909 2366 Met.
941 2323 1040 2378 XV,
1071 2323 1311 2367 783-785.
1353 2323 1685 2380 praemonuisse
1728 2330 1796 2367 est
1832 2326 2038 2381 positum.

331 2409 410 2452 Me
441 2409 478 2450 si
508 2408 645 2461 audis,
679 2405 822 2449 divide
853 2405 922 2449 hie
954 2407 1336 2459 constructionem,
1367 2405 1483 2460 quod
1514 2405 1590 2447 ubi
1617 2406 1712 2448 fieri
1743 2411 1901 2463 potest,
1938 2408 2038 2450 ubi—

332 2506 419 2549 que
455 2491 666 2549 praet'erri
696 2490 828 2534 debet
862 2491 905 2532 in
935 2491 1102 2546 poetis,
1149 2495 1303 2546 utpote
1334 2490 1472 2545 magis
1501 2491 1748 2546 poeticum.
1811 2491 2037 2537 Quemad-

330 2574 507 2618 modum
538 2575 653 2616 enim
686 2586 816 2629 prosa
858 2573 1025 2623 orati0‚
1068 2572 1143 2614 ubi
1174 2572 1328 2614 mentis
1359 2572 1505 2615 sobria
1536 2574 1747 2628 cogitatio
1777 2573 2036 2629 dominatur,

331 2661 521 2702 unitates
550 2658 921 2701 constructionum
952 2657 1138 2698 maiores
1168 2657 1317 2710 fingit,
1348 2656 1410 2698 ita
1438 2670 1624 2712 poeseos
1653 2657 1838 2701 vividior
1867 2657 2034 2702 indoles

330 2745 559 2788 dissimiles
588 2744 879 2787 membrorum
911 2742 1100 2784 rationes
1131 2745 1259 2792 amat,
1291 2753 1372 2782 nec
1404 2740 1477 2783 diu
1510 2741 1748 2797 pendentes
1779 2747 2032 2798 structuraS,

329 2828 408 2872 sed
438 2829 625 2872 breviori
663 2829 828 2871 ambitu
864 2826 1087 2869 absolutas
1117 2825 1366 2868 sententias.
1397 2847 1458 2857 ·—-
1509 2826 1562 2870 V.
1594 2831 1653 2870 75
1684 2841 1780 2882 sqq·
1839 2828 2034 2873 Solem

329 2910 619 2956 defectum
662 2910 886 2953 lumine.
959 2909 1046 2948 Est
1073 2905 1359 2964 prodigiosus
1391 2914 1438 2948 et
1467 2906 1643 2966 longior
1671 2908 1780 2952 solis
1810 2908 2033 2968 defectus,

328 2995 409 3054 qui
428 2994 538 3053 fuit
567 2992 688 3036 Iulio
721 2995 909 3034 Caesare
942 2990 1095 3037 occiso,
1121 2990 1265 3033 totius
1291 3005 1436 3047 paene
1467 2991 1578 3033 anni
1600 2990 1778 3048 pallore
1809 2991 2033 3041 continuo,

326 3082 375 3119 ut
401 3078 598 3120 anms
629 3079 815 3119 testatur
843 3074 901 3127 II,
931 3077 1004 3116 30.
1067 3073 1178 3116 Add.
1210 3075 1483 3119 Pnumncir.
1515 3075 1559 3118 in
1590 3075 1718 3118 Caes.
1752 3082 1890 3120 ωηατ
1931 3068 2031 3118 ὅλον
2114 3086 2119 3099 ²
2148 3080 2153 3091 ’·

325 3154 409 3214 γάρ
444 3161 596 3200 ἐκεῖνον
625 3154 703 3200 τᾶν
731 3152 925 3199 ἔνιαυτόν
967 3151 1104 3213 ω’χρὸς
1137 3157 1213 3206 μὲν
1254 3152 1276 3197 ὅ
1317 3152 1472 3205 κύκλος
1515 3159 1588 3199 καὶ
1623 3154 1915 3216 μαρμαρυγοές
1955 3155 2031 3202 οὐκ

326 3239 432 3293 ἒχων
465 3236 695 3281 ἀνέτελλεν.
758 3238 819 3281 Et
861 3239 997 3283 D10N.
1040 3238 1166 3281 CAss.
1195 3237 1293 3292 XL,
1324 3244 1368 3283 7.
1414 3245 1461 3283 et
1489 3241 1630 3285 Vme.
1663 3242 1828 3296 Georg.
1860 3241 1897 3295 I,
1927 3245 2028 3286 466.

325 3335 437 3376 quae
467 3323 824 3366 Bnoucxmrsms
870 3326 917 3365 et
957 3322 1178 3367 Hermus
1219 3323 1409 3367 laudant.
1472 3326 1635 3368 Putant
1665 3325 1799 3368 fuisse
1828 3326 2027 3371 nebulam

323 3407 463 3460 istam,
502 3420 630 3462 quam
662 3419 740 3450 nos
772 3406 1038 3449 Heerrauclz
1068 3407 1275 3464 dicimus,
1307 3408 1362 3452 cf.
1395 3408 1552 3453 Ham.
1585 3414 1631 3453 et
1660 3410 1787 3456 Voss.
1818 3410 1874 3454 ad
1907 3412 2027 3467 Virg.

2144 1255 2158 1274 ἰ

2134 1335 2158 1401 «ἐ

2124 3314 2133 3327 0

2098 3341 2114 3355 ,μ
2133 3338 2135 3344 ⁴

2103 3333 2137 3381 ἦ
