<?xml version="1.0" encoding="UTF-8"?>
<!DOCTYPE html PUBLIC "-//W3C//DTD XHTML 1.0 Transitional//EN"
    "http://www.w3.org/TR/xhtml1/DTD/xhtml1-transitional.dtd">
<html xmlns="http://www.w3.org/1999/xhtml" xml:lang="en" lang="en">
 <head>
  <title>
</title>
<meta http-equiv="Content-Type" content="text/html;charset=utf-8" />
  <meta name='ocr-system' content='tesseract 3.04.00' />
  <meta name='ocr-capabilities' content='ocr_page ocr_carea ocr_par ocr_line ocrx_word'/>
</head>
<body>
  <div class='ocr_page' id='page_1' title='image "./carminaexrecensi01tibuuoft_0399.png"; bbox 0 0 2158 3750; ppageno 0'>
   <div class='ocr_carea' id='block_1_1' title="bbox 696 245 1875 298">
    <p class='ocr_par' dir='ltr' id='par_1_1' title="bbox 696 245 1875 298">
     <span class='ocr_line' id='line_1_1' title="bbox 696 245 1875 298; baseline 0 -1"><span class='ocrx_word' id='word_1_1' title='bbox 696 245 877 297; x_wconf 84' lang='lat' dir='ltr'><strong>LIBR.</strong></span> <span class='ocrx_word' id='word_1_2' title='bbox 914 247 953 297; x_wconf 88' lang='grc' dir='ltr'><strong>Ι.</strong></span> <span class='ocrx_word' id='word_1_3' title='bbox 1028 245 1228 298; x_wconf 87' lang='lat' dir='ltr'><strong>ELEG.</strong></span> <span class='ocrx_word' id='word_1_4' title='bbox 1264 246 1354 298; x_wconf 93' lang='lat' dir='ltr'><strong>III.</strong></span> <span class='ocrx_word' id='word_1_5' title='bbox 1813 252 1875 297; x_wconf 80' lang='grc'><strong>67</strong></span> 
     </span>
    </p>
   </div>
   <div class='ocr_carea' id='block_1_2' title="bbox 166 386 1882 2782">
    <p class='ocr_par' dir='ltr' id='par_1_2' title="bbox 166 386 1878 2363">
     <span class='ocr_line' id='line_1_2' title="bbox 177 386 1868 447; baseline -0.002 -13"><span class='ocrx_word' id='word_1_6' title='bbox 177 395 220 434; x_wconf 84' lang='lat' dir='ltr'><strong>et</strong></span> <span class='ocrx_word' id='word_1_7' title='bbox 249 387 432 434; x_wconf 87' lang='lat' dir='ltr'><strong>Remed.</strong></span> <span class='ocrx_word' id='word_1_8' title='bbox 468 389 562 434; x_wconf 78' lang='lat' dir='ltr'><strong>Am.</strong></span> <span class='ocrx_word' id='word_1_9' title='bbox 588 391 692 434; x_wconf 83' lang='lat'><strong>219.</strong></span> <span class='ocrx_word' id='word_1_10' title='bbox 725 403 837 445; x_wconf 87' lang='lat' dir='ltr'><strong>quae</strong></span> <span class='ocrx_word' id='word_1_11' title='bbox 869 390 1127 447; x_wconf 82' lang='lat' dir='ltr'><strong>interpretes</strong></span> <span class='ocrx_word' id='word_1_12' title='bbox 1162 390 1352 433; x_wconf 82' lang='lat' dir='ltr'><strong>laudant.</strong></span> <span class='ocrx_word' id='word_1_13' title='bbox 1411 386 1519 432; x_wconf 91' lang='lat' dir='ltr'><strong>Inde</strong></span> <span class='ocrx_word' id='word_1_14' title='bbox 1551 388 1683 444; x_wconf 83' lang='lat' dir='ltr'><strong>igitur</strong></span> <span class='ocrx_word' id='word_1_15' title='bbox 1714 386 1868 431; x_wconf 84' lang='lat' dir='ltr'><strong>Tibul-</strong></span> 
     </span>
     <span class='ocr_line' id='line_1_3' title="bbox 174 471 1871 530; baseline 0.001 -18"><span class='ocrx_word' id='word_1_16' title='bbox 174 471 240 514; x_wconf 91' lang='lat' dir='ltr'><strong>lus</strong></span> <span class='ocrx_word' id='word_1_17' title='bbox 271 485 386 516; x_wconf 90' lang='lat' dir='ltr'><strong>nunc</strong></span> <span class='ocrx_word' id='word_1_18' title='bbox 416 472 520 515; x_wconf 88' lang='lat' dir='ltr'><strong>dicit</strong></span> <span class='ocrx_word' id='word_1_19' title='bbox 550 477 824 530; x_wconf 81' lang='lat' dir='ltr'><strong>praetextum</strong></span> <span class='ocrx_word' id='word_1_20' title='bbox 868 484 917 515; x_wconf 89' lang='lat' dir='ltr'><strong>se</strong></span> <span class='ocrx_word' id='word_1_21' title='bbox 957 473 1192 528; x_wconf 79' lang='lat' dir='ltr'><strong>sumpsisse</strong></span> <span class='ocrx_word' id='word_1_22' title='bbox 1234 484 1412 526; x_wconf 87' lang='lat' dir='ltr'><strong>morae,</strong></span> <span class='ocrx_word' id='word_1_23' title='bbox 1460 472 1581 527; x_wconf 88' lang='lat' dir='ltr'><strong>quasi</strong></span> <span class='ocrx_word' id='word_1_24' title='bbox 1623 471 1871 515; x_wconf 84' lang='lat' dir='ltr'><strong>observaret</strong></span> 
     </span>
     <span class='ocr_line' id='line_1_4' title="bbox 174 554 1871 614; baseline 0.001 -17"><span class='ocrx_word' id='word_1_25' title='bbox 174 554 286 599; x_wconf 83' lang='lat' dir='ltr'><strong>hunc</strong></span> <span class='ocrx_word' id='word_1_26' title='bbox 326 557 440 601; x_wconf 86' lang='lat' dir='ltr'><strong>diem</strong></span> <span class='ocrx_word' id='word_1_27' title='bbox 482 562 527 602; x_wconf 89' lang='lat' dir='ltr'><strong>et</strong></span> <span class='ocrx_word' id='word_1_28' title='bbox 561 558 684 614; x_wconf 76' lang='lat' dir='ltr'><strong>ipse,</strong></span> <span class='ocrx_word' id='word_1_29' title='bbox 728 569 814 600; x_wconf 90' lang='lat' dir='ltr'><strong>non</strong></span> <span class='ocrx_word' id='word_1_30' title='bbox 842 561 988 600; x_wconf 83' lang='lat' dir='ltr'><strong>autem</strong></span> <span class='ocrx_word' id='word_1_31' title='bbox 1021 569 1173 600; x_wconf 84' lang='lat' dir='ltr'><strong>revera</strong></span> <span class='ocrx_word' id='word_1_32' title='bbox 1203 571 1251 601; x_wconf 90' lang='lat' dir='ltr'><strong>se</strong></span> <span class='ocrx_word' id='word_1_33' title='bbox 1281 559 1497 614; x_wconf 86' lang='lat' dir='ltr'><strong>significat</strong></span> <span class='ocrx_word' id='word_1_34' title='bbox 1533 556 1633 602; x_wconf 90' lang='lat' dir='ltr'><strong>huic</strong></span> <span class='ocrx_word' id='word_1_35' title='bbox 1671 558 1871 612; x_wconf 79' lang='lat' dir='ltr'><strong>religioni</strong></span> 
     </span>
     <span class='ocr_line' id='line_1_5' title="bbox 173 637 1871 695; baseline 0.002 -15"><span class='ocrx_word' id='word_1_36' title='bbox 173 638 404 682; x_wconf 79' lang='lat' dir='ltr'><strong>addictum.</strong></span> <span class='ocrx_word' id='word_1_37' title='bbox 434 660 494 673; x_wconf 90' lang='lat'><strong>—</strong></span> <span class='ocrx_word' id='word_1_38' title='bbox 537 639 594 684; x_wconf 85' lang='lat' dir='ltr'><strong>V.</strong></span> <span class='ocrx_word' id='word_1_39' title='bbox 624 642 697 686; x_wconf 79' lang='lat'><strong>19.</strong></span> <span class='ocrx_word' id='word_1_40' title='bbox 727 637 1033 694; x_wconf 75' lang='lat' dir='ltr'><strong>ingressus</strong></span> <span class='ocrx_word' id='word_1_41' title='bbox 1061 640 1188 683; x_wconf 88' lang='lat' dir='ltr'><strong>iter.</strong></span> <span class='ocrx_word' id='word_1_42' title='bbox 1251 640 1405 695; x_wconf 86' lang='lat' dir='ltr'><strong>Neque</strong></span> <span class='ocrx_word' id='word_1_43' title='bbox 1436 642 1600 695; x_wconf 83' lang='lat' dir='ltr'><strong>solum,</strong></span> <span class='ocrx_word' id='word_1_44' title='bbox 1631 640 1716 695; x_wconf 81' lang='lat' dir='ltr'><strong>ait,</strong></span> <span class='ocrx_word' id='word_1_45' title='bbox 1747 646 1871 684; x_wconf 82' lang='lat' dir='ltr'><strong>ante-</strong></span> 
     </span>
     <span class='ocr_line' id='line_1_6' title="bbox 172 720 1871 778; baseline 0.003 -15"><span class='ocrx_word' id='word_1_46' title='bbox 172 734 299 775; x_wconf 83' lang='lat' dir='ltr'><strong>quam</strong></span> <span class='ocrx_word' id='word_1_47' title='bbox 323 721 575 777; x_wconf 82' lang='lat' dir='ltr'><strong>ingrederer</strong></span> <span class='ocrx_word' id='word_1_48' title='bbox 595 720 695 775; x_wconf 82' lang='lat' dir='ltr'><strong>iter,</strong></span> <span class='ocrx_word' id='word_1_49' title='bbox 722 731 867 764; x_wconf 82' lang='lat' dir='ltr'><strong>moras</strong></span> <span class='ocrx_word' id='word_1_50' title='bbox 891 720 1167 775; x_wconf 78' lang='lat' dir='ltr'><strong>quaerebam,</strong></span> <span class='ocrx_word' id='word_1_51' title='bbox 1199 721 1277 764; x_wconf 87' lang='lat' dir='ltr'><strong>sed</strong></span> <span class='ocrx_word' id='word_1_52' title='bbox 1299 723 1427 766; x_wconf 87' lang='lat' dir='ltr'><strong>etiam</strong></span> <span class='ocrx_word' id='word_1_53' title='bbox 1454 723 1673 778; x_wconf 86' lang='lat' dir='ltr'><strong>ingressus</strong></span> <span class='ocrx_word' id='word_1_54' title='bbox 1698 725 1796 767; x_wconf 85' lang='lat' dir='ltr'><strong>iam.</strong></span> <span class='ocrx_word' id='word_1_55' title='bbox 1812 747 1871 756; x_wconf 91' lang='lat'><strong>-—</strong></span> 
     </span>
     <span class='ocr_line' id='line_1_7' title="bbox 169 802 1871 862; baseline 0.005 -18"><span class='ocrx_word' id='word_1_56' title='bbox 169 802 454 847; x_wconf 79' lang='lat' dir='ltr'><strong>offensum</strong></span> <span class='ocrx_word' id='word_1_57' title='bbox 484 802 986 860; x_wconf 48' lang='lat' dir='ltr'><strong>pedemp-tbaolute,</strong></span> <span class='ocrx_word' id='word_1_58' title='bbox 1016 816 1101 848; x_wconf 92' lang='lat' dir='ltr'><strong>non</strong></span> <span class='ocrx_word' id='word_1_59' title='bbox 1132 804 1303 848; x_wconf 86' lang='lat' dir='ltr'><strong>adiecta</strong></span> <span class='ocrx_word' id='word_1_60' title='bbox 1334 819 1409 859; x_wconf 91' lang='lat' dir='ltr'><strong>re,</strong></span> <span class='ocrx_word' id='word_1_61' title='bbox 1445 807 1488 849; x_wconf 81' lang='lat' dir='ltr'><strong>in</strong></span> <span class='ocrx_word' id='word_1_62' title='bbox 1518 821 1646 862; x_wconf 86' lang='lat' dir='ltr'><strong>quam</strong></span> <span class='ocrx_word' id='word_1_63' title='bbox 1678 809 1774 862; x_wconf 82' lang='lat' dir='ltr'><strong>quis</strong></span> <span class='ocrx_word' id='word_1_64' title='bbox 1803 809 1871 852; x_wconf 83' lang='lat' dir='ltr'><strong>os-</strong></span> 
     </span>
     <span class='ocr_line' id='line_1_8' title="bbox 169 881 1870 945; baseline 0.003 -16"><span class='ocrx_word' id='word_1_65' title='bbox 169 885 329 941; x_wconf 70' lang='lat' dir='ltr'><strong>tendit,</strong></span> <span class='ocrx_word' id='word_1_66' title='bbox 373 891 551 930; x_wconf 83' lang='lat' dir='ltr'><strong>notante</strong></span> <span class='ocrx_word' id='word_1_67' title='bbox 580 881 986 945; x_wconf 54' lang='lat' dir='ltr'><strong>Wunnfinuomm</strong></span> <span class='ocrx_word' id='word_1_68' title='bbox 1036 889 1110 945; x_wconf 90' lang='lat' dir='ltr'><strong>qui</strong></span> <span class='ocrx_word' id='word_1_69' title='bbox 1157 889 1306 932; x_wconf 87' lang='lat' dir='ltr'><strong>laudat</strong></span> <span class='ocrx_word' id='word_1_70' title='bbox 1347 889 1483 932; x_wconf 82' lang='lat' dir='ltr'><strong>Ovm.</strong></span> <span class='ocrx_word' id='word_1_71' title='bbox 1523 889 1633 933; x_wconf 89' lang='lat' dir='ltr'><strong>Met.</strong></span> <span class='ocrx_word' id='word_1_72' title='bbox 1665 890 1720 943; x_wconf 87' lang='lat' dir='ltr'><strong>X,</strong></span> <span class='ocrx_word' id='word_1_73' title='bbox 1759 894 1870 934; x_wconf 85' lang='lat'><strong>452:</strong></span> 
     </span>
     <span class='ocr_line' id='line_1_9' title="bbox 172 967 1873 1030; baseline 0.005 -20"><span class='ocrx_word' id='word_1_74' title='bbox 172 970 259 1012; x_wconf 80' lang='lat' dir='ltr'><strong>Ter</strong></span> <span class='ocrx_word' id='word_1_75' title='bbox 291 967 423 1024; x_wconf 73' lang='lat' dir='ltr'><strong>pedis</strong></span> <span class='ocrx_word' id='word_1_76' title='bbox 464 967 628 1026; x_wconf 71' lang='lat' dir='ltr'><strong>offensi</strong></span> <span class='ocrx_word' id='word_1_77' title='bbox 653 969 783 1030; x_wconf 78' lang='lat' dir='ltr'><strong>signo</strong></span> <span class='ocrx_word' id='word_1_78' title='bbox 811 978 882 1013; x_wconf 77' lang='lat' dir='ltr'><strong>est</strong></span> <span class='ocrx_word' id='word_1_79' title='bbox 912 979 1139 1017; x_wconf 81' lang='lat' dir='ltr'><strong>revocata.</strong></span> <span class='ocrx_word' id='word_1_80' title='bbox 1200 974 1406 1016; x_wconf 88' lang='lat' dir='ltr'><strong>Ceterum</strong></span> <span class='ocrx_word' id='word_1_81' title='bbox 1439 973 1493 1016; x_wconf 91' lang='lat' dir='ltr'><strong>de</strong></span> <span class='ocrx_word' id='word_1_82' title='bbox 1523 987 1572 1017; x_wconf 92' lang='lat' dir='ltr'><strong>re</strong></span> <span class='ocrx_word' id='word_1_83' title='bbox 1602 974 1711 1017; x_wconf 76' lang='lat' dir='ltr'><strong>dixit</strong></span> <span class='ocrx_word' id='word_1_84' title='bbox 1742 976 1873 1018; x_wconf 62' lang='grc' dir='ltr'>[ινι-</span> 
     </span>
     <span class='ocr_line' id='line_1_10' title="bbox 166 1048 1872 1112; baseline 0.005 -20"><span class='ocrx_word' id='word_1_85' title='bbox 166 1061 307 1093; x_wconf 63' lang='lat' dir='ltr'><strong>xmus</strong></span> <span class='ocrx_word' id='word_1_86' title='bbox 337 1049 393 1093; x_wconf 86' lang='lat' dir='ltr'><strong>ad</strong></span> <span class='ocrx_word' id='word_1_87' title='bbox 423 1048 524 1100; x_wconf 76' lang='lat' dir='ltr'><strong>h.,1.</strong></span> <span class='ocrx_word' id='word_1_88' title='bbox 556 1056 602 1096; x_wconf 90' lang='lat' dir='ltr'><strong>et</strong></span> <span class='ocrx_word' id='word_1_89' title='bbox 633 1052 1007 1099; x_wconf 73' lang='lat' dir='ltr'><strong>Bmucxnusms.</strong></span> <span class='ocrx_word' id='word_1_90' title='bbox 1079 1056 1222 1110; x_wconf 81' lang='lat' dir='ltr'><strong>Atque</strong></span> <span class='ocrx_word' id='word_1_91' title='bbox 1252 1056 1306 1098; x_wconf 90' lang='lat' dir='ltr'><strong>in</strong></span> <span class='ocrx_word' id='word_1_92' title='bbox 1337 1061 1502 1112; x_wconf 87' lang='lat' dir='ltr'><strong>porta</strong></span> <span class='ocrx_word' id='word_1_93' title='bbox 1535 1057 1675 1100; x_wconf 91' lang='lat' dir='ltr'><strong>locum</strong></span> <span class='ocrx_word' id='word_1_94' title='bbox 1707 1059 1872 1112; x_wconf 81' lang='lat' dir='ltr'><strong>signiti-</strong></span> 
     </span>
     <span class='ocr_line' id='line_1_11' title="bbox 166 1130 1870 1191; baseline 0.005 -17"><span class='ocrx_word' id='word_1_95' title='bbox 166 1135 263 1184; x_wconf 80' lang='lat' dir='ltr'><strong>cat,</strong></span> <span class='ocrx_word' id='word_1_96' title='bbox 303 1130 379 1174; x_wconf 88' lang='lat' dir='ltr'><strong>ubi</strong></span> <span class='ocrx_word' id='word_1_97' title='bbox 408 1131 452 1175; x_wconf 85' lang='lat' dir='ltr'><strong>id</strong></span> <span class='ocrx_word' id='word_1_98' title='bbox 484 1131 670 1188; x_wconf 84' lang='lat' dir='ltr'><strong>factum,</strong></span> <span class='ocrx_word' id='word_1_99' title='bbox 713 1147 799 1179; x_wconf 89' lang='lat' dir='ltr'><strong>non</strong></span> <span class='ocrx_word' id='word_1_100' title='bbox 830 1148 950 1190; x_wconf 86' lang='lat' dir='ltr'><strong>rem,</strong></span> <span class='ocrx_word' id='word_1_101' title='bbox 982 1136 1027 1179; x_wconf 89' lang='lat' dir='ltr'><strong>in</strong></span> <span class='ocrx_word' id='word_1_102' title='bbox 1057 1149 1185 1191; x_wconf 87' lang='lat' dir='ltr'><strong>quam</strong></span> <span class='ocrx_word' id='word_1_103' title='bbox 1217 1138 1465 1182; x_wconf 81' lang='lat' dir='ltr'><strong>offenderit.</strong></span> <span class='ocrx_word' id='word_1_104' title='bbox 1501 1164 1561 1171; x_wconf 95' lang='lat'>—</span> <span class='ocrx_word' id='word_1_105' title='bbox 1606 1141 1661 1184; x_wconf 82' lang='lat' dir='ltr'><strong>V·</strong></span> <span class='ocrx_word' id='word_1_106' title='bbox 1693 1139 1766 1183; x_wconf 87' lang='lat'><strong>21.</strong></span> <span class='ocrx_word' id='word_1_107' title='bbox 1798 1144 1870 1182; x_wconf 87' lang='lat'><strong>22.</strong></span> 
     </span>
     <span class='ocr_line' id='line_1_12' title="bbox 168 1213 1874 1277; baseline 0.006 -21"><span class='ocrx_word' id='word_1_108' title='bbox 168 1213 344 1258; x_wconf 82' lang='lat' dir='ltr'><strong>claudit</strong></span> <span class='ocrx_word' id='word_1_109' title='bbox 378 1220 520 1260; x_wconf 89' lang='lat' dir='ltr'><strong>totum</strong></span> <span class='ocrx_word' id='word_1_110' title='bbox 550 1218 696 1262; x_wconf 85' lang='lat' dir='ltr'><strong>locum</strong></span> <span class='ocrx_word' id='word_1_111' title='bbox 726 1219 1054 1263; x_wconf 81' lang='lat' dir='ltr'><strong>antecedentem</strong></span> <span class='ocrx_word' id='word_1_112' title='bbox 1095 1221 1291 1275; x_wconf 87' lang='lat' dir='ltr'><strong>generali</strong></span> <span class='ocrx_word' id='word_1_113' title='bbox 1321 1223 1566 1276; x_wconf 84' lang='lat' dir='ltr'><strong>sententia,</strong></span> <span class='ocrx_word' id='word_1_114' title='bbox 1611 1235 1722 1277; x_wconf 88' lang='lat' dir='ltr'><strong>quae</strong></span> <span class='ocrx_word' id='word_1_115' title='bbox 1754 1237 1874 1266; x_wconf 84' lang='lat' dir='ltr'><strong>sum-</strong></span> 
     </span>
     <span class='ocr_line' id='line_1_13' title="bbox 167 1299 1874 1362; baseline 0.005 -22"><span class='ocrx_word' id='word_1_116' title='bbox 167 1311 280 1342; x_wconf 86' lang='lat' dir='ltr'><strong>mam</strong></span> <span class='ocrx_word' id='word_1_117' title='bbox 327 1299 420 1343; x_wconf 85' lang='lat' dir='ltr'><strong>eius</strong></span> <span class='ocrx_word' id='word_1_118' title='bbox 467 1303 676 1346; x_wconf 85' lang='lat' dir='ltr'><strong>continet·</strong></span> <span class='ocrx_word' id='word_1_119' title='bbox 746 1303 848 1348; x_wconf 87' lang='lat' dir='ltr'><strong>Non</strong></span> <span class='ocrx_word' id='word_1_120' title='bbox 889 1303 1193 1362; x_wconf 84' lang='lat' dir='ltr'><strong>obtemperans</strong></span> <span class='ocrx_word' id='word_1_121' title='bbox 1235 1307 1443 1349; x_wconf 83' lang='lat' dir='ltr'><strong>anxietati</strong></span> <span class='ocrx_word' id='word_1_122' title='bbox 1485 1306 1638 1349; x_wconf 88' lang='lat' dir='ltr'><strong>Deliae</strong></span> <span class='ocrx_word' id='word_1_123' title='bbox 1682 1319 1874 1360; x_wconf 86' lang='lat' dir='ltr'><strong>suaeque</strong></span> 
     </span>
     <span class='ocr_line' id='line_1_14' title="bbox 166 1376 1874 1444; baseline 0.003 -21"><span class='ocrx_word' id='word_1_124' title='bbox 166 1381 303 1437; x_wconf 86' lang='lat' dir='ltr'><strong>ipsius</strong></span> <span class='ocrx_word' id='word_1_125' title='bbox 333 1383 530 1438; x_wconf 84' lang='lat' dir='ltr'><strong>neglexit</strong></span> <span class='ocrx_word' id='word_1_126' title='bbox 558 1376 683 1441; x_wconf 74' lang='lat' dir='ltr'><strong>signa</strong></span> <span class='ocrx_word' id='word_1_127' title='bbox 713 1389 761 1429; x_wconf 81' lang='lat' dir='ltr'><strong>et</strong></span> <span class='ocrx_word' id='word_1_128' title='bbox 789 1385 953 1431; x_wconf 75' lang='lat' dir='ltr'><strong>monita</strong></span> <span class='ocrx_word' id='word_1_129' title='bbox 983 1387 1171 1442; x_wconf 77' lang='lat' dir='ltr'><strong>Amoris,</strong></span> <span class='ocrx_word' id='word_1_130' title='bbox 1204 1401 1344 1443; x_wconf 90' lang='lat' dir='ltr'><strong>eoque</strong></span> <span class='ocrx_word' id='word_1_131' title='bbox 1375 1389 1508 1430; x_wconf 85' lang='lat' dir='ltr'><strong>invito</strong></span> <span class='ocrx_word' id='word_1_132' title='bbox 1540 1387 1762 1444; x_wconf 87' lang='lat' dir='ltr'><strong>profectus</strong></span> <span class='ocrx_word' id='word_1_133' title='bbox 1793 1394 1874 1430; x_wconf 87' lang='lat' dir='ltr'><strong>est.</strong></span> 
     </span>
     <span class='ocr_line' id='line_1_15' title="bbox 167 1467 1874 1527; baseline 0.002 -18"><span class='ocrx_word' id='word_1_134' title='bbox 167 1467 284 1511; x_wconf 90' lang='lat' dir='ltr'><strong>Hinc</strong></span> <span class='ocrx_word' id='word_1_135' title='bbox 314 1480 497 1527; x_wconf 68' lang='lat' dir='ltr'><strong>poenam</strong></span> <span class='ocrx_word' id='word_1_136' title='bbox 526 1470 702 1526; x_wconf 68' lang='lat' dir='ltr'><strong>patitur.</strong></span> <span class='ocrx_word' id='word_1_137' title='bbox 720 1470 971 1515; x_wconf 56' lang='lat' dir='ltr'><strong>swetemm</strong></span> <span class='ocrx_word' id='word_1_138' title='bbox 997 1471 1168 1516; x_wconf 84' lang='lat' dir='ltr'><strong>notabis</strong></span> <span class='ocrx_word' id='word_1_139' title='bbox 1201 1473 1330 1516; x_wconf 85' lang='lat' dir='ltr'><strong>etiam</strong></span> <span class='ocrx_word' id='word_1_140' title='bbox 1357 1477 1588 1527; x_wconf 88' lang='lat' dir='ltr'><strong>sequentes</strong></span> <span class='ocrx_word' id='word_1_141' title='bbox 1619 1471 1728 1514; x_wconf 90' lang='lat' dir='ltr'><strong>duos</strong></span> <span class='ocrx_word' id='word_1_142' title='bbox 1753 1472 1874 1514; x_wconf 84' lang='lat' dir='ltr'><strong>locos</strong></span> 
     </span>
     <span class='ocr_line' id='line_1_16' title="bbox 167 1534 1874 1621; baseline 0.002 -27"><span class='ocrx_word' id='word_1_143' title='bbox 167 1553 281 1608; x_wconf 80' lang='lat' dir='ltr'><strong>aptis</strong></span> <span class='ocrx_word' id='word_1_144' title='bbox 325 1552 542 1621; x_wconf 52' lang='lat' dir='ltr'><strong>disticsp7</strong></span> <span class='ocrx_word' id='word_1_145' title='bbox 558 1534 816 1617; x_wconf 19' lang='lat' dir='ltr'><strong>dandis-fv.</strong></span> <span class='ocrx_word' id='word_1_146' title='bbox 845 1558 922 1602; x_wconf 76' lang='lat'><strong>34.</strong></span> <span class='ocrx_word' id='word_1_147' title='bbox 951 1560 997 1601; x_wconf 81' lang='lat' dir='ltr'><strong>et</strong></span> <span class='ocrx_word' id='word_1_148' title='bbox 1026 1560 1102 1600; x_wconf 85' lang='lat'><strong>51.</strong></span> <span class='ocrx_word' id='word_1_149' title='bbox 1131 1560 1204 1602; x_wconf 87' lang='lat'><strong>52.</strong></span> <span class='ocrx_word' id='word_1_150' title='bbox 1234 1579 1296 1590; x_wconf 92' lang='lat'>-</span> <span class='ocrx_word' id='word_1_151' title='bbox 1340 1548 1518 1611; x_wconf 68' lang='lat' dir='ltr'><strong>sciat,</strong></span> <span class='ocrx_word' id='word_1_152' title='bbox 1562 1555 1603 1600; x_wconf 85' lang='lat' dir='ltr'><strong>h.</strong></span> <span class='ocrx_word' id='word_1_153' title='bbox 1634 1570 1674 1600; x_wconf 89' lang='lat' dir='ltr'><strong>e.</strong></span> <span class='ocrx_word' id='word_1_154' title='bbox 1718 1556 1874 1600; x_wconf 84' lang='lat' dir='ltr'><strong>damno</strong></span> 
     </span>
     <span class='ocr_line' id='line_1_17' title="bbox 168 1614 1874 1702; baseline 0.003 -24"><span class='ocrx_word' id='word_1_155' title='bbox 168 1650 248 1680; x_wconf 91' lang='lat' dir='ltr'><strong>suo</strong></span> <span class='ocrx_word' id='word_1_156' title='bbox 277 1637 431 1700; x_wconf 71' lang='lat' dir='ltr'><strong>discat.</strong></span> <span class='ocrx_word' id='word_1_157' title='bbox 453 1614 566 1685; x_wconf 84' lang='lat' dir='ltr'><strong>Sc</strong></span> <span class='ocrx_word' id='word_1_158' title='bbox 591 1621 761 1689; x_wconf 60' lang='lat' dir='ltr'><strong>sentiet</strong></span> <span class='ocrx_word' id='word_1_159' title='bbox 786 1647 918 1698; x_wconf 72' lang='lat' dir='ltr'><strong>supra</strong></span> <span class='ocrx_word' id='word_1_160' title='bbox 955 1641 991 1695; x_wconf 89' lang='lat'><strong>1,</strong></span> <span class='ocrx_word' id='word_1_161' title='bbox 1021 1645 1066 1696; x_wconf 83' lang='lat'><strong>2,</strong></span> <span class='ocrx_word' id='word_1_162' title='bbox 1095 1645 1172 1686; x_wconf 88' lang='grc'><strong>58.</strong></span> <span class='ocrx_word' id='word_1_163' title='bbox 1230 1642 1324 1685; x_wconf 87' lang='lat' dir='ltr'><strong>Res</strong></span> <span class='ocrx_word' id='word_1_164' title='bbox 1355 1647 1472 1702; x_wconf 84' lang='lat' dir='ltr'><strong>nota.</strong></span> <span class='ocrx_word' id='word_1_165' title='bbox 1519 1636 1738 1695; x_wconf 75' lang='grc' dir='ltr'><strong>γνώσεσθε</strong></span> <span class='ocrx_word' id='word_1_166' title='bbox 1769 1641 1874 1684; x_wconf 76' lang='lat' dir='ltr'><strong>Mn-</strong></span> 
     </span>
     <span class='ocr_line' id='line_1_18' title="bbox 171 1721 1876 1779; baseline 0.004 -19"><span class='ocrx_word' id='word_1_167' title='bbox 171 1731 342 1762; x_wconf 74' lang='lat' dir='ltr'><strong>Lmen.</strong></span> <span class='ocrx_word' id='word_1_168' title='bbox 372 1723 448 1775; x_wconf 76' lang='lat'><strong>93,</strong></span> <span class='ocrx_word' id='word_1_169' title='bbox 478 1724 526 1764; x_wconf 81' lang='lat'><strong>8.</strong></span> <span class='ocrx_word' id='word_1_170' title='bbox 585 1721 686 1765; x_wconf 86' lang='lat' dir='ltr'><strong>Non</strong></span> <span class='ocrx_word' id='word_1_171' title='bbox 725 1727 793 1766; x_wconf 86' lang='lat' dir='ltr'><strong>est</strong></span> <span class='ocrx_word' id='word_1_172' title='bbox 831 1727 976 1766; x_wconf 88' lang='lat' dir='ltr'><strong>autem</strong></span> <span class='ocrx_word' id='word_1_173' title='bbox 1009 1737 1074 1779; x_wconf 91' lang='lat' dir='ltr'><strong>pr.</strong></span> <span class='ocrx_word' id='word_1_174' title='bbox 1105 1724 1252 1767; x_wconf 87' lang='lat' dir='ltr'><strong>futuro</strong></span> <span class='ocrx_word' id='word_1_175' title='bbox 1285 1724 1608 1779; x_wconf 52' lang='lat' dir='ltr'><strong>coniunctium,</strong></span> <span class='ocrx_word' id='word_1_176' title='bbox 1650 1729 1699 1766; x_wconf 88' lang='lat' dir='ltr'><strong>ut</strong></span> <span class='ocrx_word' id='word_1_177' title='bbox 1730 1723 1876 1767; x_wconf 65' lang='lat' dir='ltr'><strong>Wun-</strong></span> 
     </span>
     <span class='ocr_line' id='line_1_19' title="bbox 169 1807 1876 1865; baseline 0.002 -19"><span class='ocrx_word' id='word_1_178' title='bbox 169 1816 453 1848; x_wconf 71' lang='lat' dir='ltr'><strong>mmmcmus</strong></span> <span class='ocrx_word' id='word_1_179' title='bbox 483 1811 656 1859; x_wconf 84' lang='lat' dir='ltr'><strong>censet,</strong></span> <span class='ocrx_word' id='word_1_180' title='bbox 698 1807 816 1863; x_wconf 86' lang='lat' dir='ltr'><strong>quod</strong></span> <span class='ocrx_word' id='word_1_181' title='bbox 851 1809 889 1851; x_wconf 85' lang='lat' dir='ltr'><strong>si</strong></span> <span class='ocrx_word' id='word_1_182' title='bbox 924 1808 1131 1852; x_wconf 83' lang='lat' dir='ltr'><strong>voluisset</strong></span> <span class='ocrx_word' id='word_1_183' title='bbox 1160 1813 1320 1865; x_wconf 88' lang='lat' dir='ltr'><strong>poeta,</strong></span> <span class='ocrx_word' id='word_1_184' title='bbox 1351 1810 1394 1852; x_wconf 89' lang='lat' dir='ltr'><strong>in</strong></span> <span class='ocrx_word' id='word_1_185' title='bbox 1427 1808 1555 1852; x_wconf 86' lang='lat' dir='ltr'><strong>huius</strong></span> <span class='ocrx_word' id='word_1_186' title='bbox 1585 1808 1758 1864; x_wconf 90' lang='lat' dir='ltr'><strong>quidem</strong></span> <span class='ocrx_word' id='word_1_187' title='bbox 1790 1808 1876 1850; x_wconf 86' lang='lat' dir='ltr'><strong>loci</strong></span> 
     </span>
     <span class='ocr_line' id='line_1_20' title="bbox 167 1887 1876 1947; baseline 0.001 -16"><span class='ocrx_word' id='word_1_188' title='bbox 167 1889 383 1942; x_wconf 84' lang='lat' dir='ltr'><strong>gravitate</strong></span> <span class='ocrx_word' id='word_1_189' title='bbox 411 1887 522 1931; x_wconf 75' lang='lat' dir='ltr'><strong>sciet</strong></span> <span class='ocrx_word' id='word_1_190' title='bbox 553 1889 780 1934; x_wconf 85' lang='lat' dir='ltr'><strong>dicendum</strong></span> <span class='ocrx_word' id='word_1_191' title='bbox 812 1897 908 1935; x_wconf 89' lang='lat' dir='ltr'><strong>erat</strong></span> <span class='ocrx_word' id='word_1_192' title='bbox 938 1905 1023 1935; x_wconf 91' lang='lat' dir='ltr'><strong>non</strong></span> <span class='ocrx_word' id='word_1_193' title='bbox 1054 1891 1186 1938; x_wconf 81' lang='lat' dir='ltr'><strong>sciat,</strong></span> <span class='ocrx_word' id='word_1_194' title='bbox 1218 1891 1295 1934; x_wconf 90' lang='lat' dir='ltr'><strong>sed</strong></span> <span class='ocrx_word' id='word_1_195' title='bbox 1327 1896 1394 1934; x_wconf 87' lang='lat' dir='ltr'><strong>est</strong></span> <span class='ocrx_word' id='word_1_196' title='bbox 1425 1905 1490 1947; x_wconf 91' lang='lat' dir='ltr'><strong>pr.</strong></span> <span class='ocrx_word' id='word_1_197' title='bbox 1522 1891 1649 1935; x_wconf 82' lang='lat' dir='ltr'><strong>scito.</strong></span> <span class='ocrx_word' id='word_1_198' title='bbox 1710 1891 1876 1945; x_wconf 82' lang='lat' dir='ltr'><strong>Magna</strong></span> 
     </span>
     <span class='ocr_line' id='line_1_21' title="bbox 167 1971 1878 2030; baseline 0.002 -17"><span class='ocrx_word' id='word_1_199' title='bbox 167 1982 265 2014; x_wconf 89' lang='lat' dir='ltr'><strong>cum</strong></span> <span class='ocrx_word' id='word_1_200' title='bbox 296 1971 339 2013; x_wconf 83' lang='lat' dir='ltr'><strong>vi</strong></span> <span class='ocrx_word' id='word_1_201' title='bbox 370 1971 618 2028; x_wconf 84' lang='lat' dir='ltr'><strong>pronuntiat</strong></span> <span class='ocrx_word' id='word_1_202' title='bbox 641 1973 757 2027; x_wconf 90' lang='lat' dir='ltr'><strong>quod</strong></span> <span class='ocrx_word' id='word_1_203' title='bbox 784 1974 879 2029; x_wconf 87' lang='lat' dir='ltr'><strong>ipse</strong></span> <span class='ocrx_word' id='word_1_204' title='bbox 910 1987 991 2017; x_wconf 89' lang='lat' dir='ltr'><strong>suo</strong></span> <span class='ocrx_word' id='word_1_205' title='bbox 1022 1975 1223 2030; x_wconf 83' lang='lat' dir='ltr'><strong>exemplo</strong></span> <span class='ocrx_word' id='word_1_206' title='bbox 1251 1974 1413 2017; x_wconf 84' lang='lat' dir='ltr'><strong>didicit.</strong></span> <span class='ocrx_word' id='word_1_207' title='bbox 1478 1975 1681 2016; x_wconf 85' lang='lat' dir='ltr'><strong>Ceterum</strong></span> <span class='ocrx_word' id='word_1_208' title='bbox 1713 1974 1878 2028; x_wconf 81' lang='lat' dir='ltr'><strong>confer,</strong></span> 
     </span>
     <span class='ocr_line' id='line_1_22' title="bbox 166 2051 1873 2114; baseline 0.003 -19"><span class='ocrx_word' id='word_1_209' title='bbox 166 2053 205 2095; x_wconf 77' lang='lat' dir='ltr'><strong>si</strong></span> <span class='ocrx_word' id='word_1_210' title='bbox 248 2051 355 2097; x_wconf 86' lang='lat' dir='ltr'><strong>haec</strong></span> <span class='ocrx_word' id='word_1_211' title='bbox 399 2066 654 2111; x_wconf 87' lang='lat' dir='ltr'><strong>comparare</strong></span> <span class='ocrx_word' id='word_1_212' title='bbox 696 2057 826 2110; x_wconf 88' lang='lat' dir='ltr'><strong>licet,</strong></span> <span class='ocrx_word' id='word_1_213' title='bbox 884 2057 1001 2114; x_wconf 85' lang='lat' dir='ltr'><strong>apud</strong></span> <span class='ocrx_word' id='word_1_214' title='bbox 1047 2057 1210 2101; x_wconf 83' lang='lat' dir='ltr'><strong>inferos</strong></span> <span class='ocrx_word' id='word_1_215' title='bbox 1258 2057 1559 2101; x_wconf 83' lang='lat' dir='ltr'><strong>admonentem</strong></span> <span class='ocrx_word' id='word_1_216' title='bbox 1603 2057 1873 2112; x_wconf 87' lang='lat' dir='ltr'><strong>Phlegyam:</strong></span> 
     </span>
     <span class='ocr_line' id='line_1_23' title="bbox 166 2133 1873 2196; baseline 0.005 -19"><span class='ocrx_word' id='word_1_217' title='bbox 166 2133 342 2178; x_wconf 68' lang='lat' dir='ltr'><strong>Discite</strong></span> <span class='ocrx_word' id='word_1_218' title='bbox 380 2136 610 2180; x_wconf 76' lang='lat' dir='ltr'><strong>iustitiam</strong></span> <span class='ocrx_word' id='word_1_219' title='bbox 649 2140 807 2183; x_wconf 84' lang='lat' dir='ltr'><strong>moniti</strong></span> <span class='ocrx_word' id='word_1_220' title='bbox 849 2148 894 2183; x_wconf 85' lang='lat' dir='ltr'><strong>et</strong></span> <span class='ocrx_word' id='word_1_221' title='bbox 934 2157 1023 2184; x_wconf 88' lang='lat' dir='ltr'><strong>non</strong></span> <span class='ocrx_word' id='word_1_222' title='bbox 1064 2150 1258 2185; x_wconf 82' lang='lat' dir='ltr'><strong>temnere</strong></span> <span class='ocrx_word' id='word_1_223' title='bbox 1292 2141 1440 2190; x_wconf 78' lang='lat' dir='ltr'><strong>divos,</strong></span> <span class='ocrx_word' id='word_1_224' title='bbox 1482 2144 1623 2187; x_wconf 68' lang='lat' dir='ltr'><strong>Vme.</strong></span> <span class='ocrx_word' id='word_1_225' title='bbox 1654 2143 1761 2185; x_wconf 88' lang='lat' dir='ltr'><strong>Aen.</strong></span> <span class='ocrx_word' id='word_1_226' title='bbox 1795 2143 1873 2196; x_wconf 89' lang='lat' dir='ltr'><strong>VI,</strong></span> 
     </span>
     <span class='ocr_line' id='line_1_24' title="bbox 168 2222 1874 2286; baseline 0.004 -23"><span class='ocrx_word' id='word_1_227' title='bbox 168 2222 291 2276; x_wconf 64' lang='lat'><strong>620„</strong></span> <span class='ocrx_word' id='word_1_228' title='bbox 317 2222 590 2268; x_wconf 55' lang='lat' dir='ltr'><strong>&amp;Ixionem</strong></span> <span class='ocrx_word' id='word_1_229' title='bbox 619 2224 765 2271; x_wconf 66' lang='lat' dir='ltr'><strong>Pncn.</strong></span> <span class='ocrx_word' id='word_1_230' title='bbox 791 2227 922 2284; x_wconf 83' lang='lat' dir='ltr'><strong>Pyth.</strong></span> <span class='ocrx_word' id='word_1_231' title='bbox 953 2229 1011 2283; x_wconf 86' lang='lat' dir='ltr'><strong>ll,</strong></span> <span class='ocrx_word' id='word_1_232' title='bbox 1042 2231 1126 2273; x_wconf 77' lang='lat'><strong>24:</strong></span> <span class='ocrx_word' id='word_1_233' title='bbox 1174 2225 1248 2271; x_wconf 78' lang='lat' dir='ltr'><strong>ro&#39;v</strong></span> <span class='ocrx_word' id='word_1_234' title='bbox 1280 2224 1504 2286; x_wconf 67' lang='grc' dir='ltr'><strong>ειῗεργέττιν</strong></span> <span class='ocrx_word' id='word_1_235' title='bbox 1536 2225 1718 2283; x_wconf 68' lang='grc' dir='ltr'><em>ἀγαναῖς</em></span> <span class='ocrx_word' id='word_1_236' title='bbox 1749 2225 1874 2280; x_wconf 78' lang='grc' dir='ltr'><em>οἶμοι-</em></span> 
     </span>
     <span class='ocr_line' id='line_1_25' title="bbox 166 2305 840 2363; baseline 0.012 -18"><span class='ocrx_word' id='word_1_237' title='bbox 166 2306 268 2356; x_wconf 72' lang='grc' dir='ltr'><strong>βατς</strong></span> <span class='ocrx_word' id='word_1_238' title='bbox 299 2305 596 2363; x_wconf 50' lang='lat' dir='ltr'><strong>{annotabam</strong></span> <span class='ocrx_word' id='word_1_239' title='bbox 620 2311 840 2362; x_wconf 63' lang='grc' dir='ltr'><strong>τίνεσθμι.</strong></span> 
     </span>
    </p>

    <p class='ocr_par' dir='ltr' id='par_1_3' title="bbox 170 2386 1882 2782">
     <span class='ocr_line' id='line_1_26' title="bbox 289 2386 1875 2449; baseline 0.005 -20"><span class='ocrx_word' id='word_1_240' title='bbox 289 2386 345 2430; x_wconf 82' lang='lat' dir='ltr'><strong>V.</strong></span> <span class='ocrx_word' id='word_1_241' title='bbox 375 2389 557 2432; x_wconf 78' lang='lat'><strong>23-34.</strong></span> <span class='ocrx_word' id='word_1_242' title='bbox 625 2389 867 2434; x_wconf 80' lang='lat' dir='ltr'><strong>Incusat</strong></span> <span class='ocrx_word' id='word_1_243' title='bbox 913 2390 1129 2436; x_wconf 89' lang='lat' dir='ltr'><strong>Isidem</strong></span> <span class='ocrx_word' id='word_1_244' title='bbox 1181 2394 1524 2448; x_wconf 88' lang='lat' dir='ltr'><strong>salutarem,</strong></span> <span class='ocrx_word' id='word_1_245' title='bbox 1576 2394 1724 2449; x_wconf 88' lang='lat' dir='ltr'><strong>quod</strong></span> <span class='ocrx_word' id='word_1_246' title='bbox 1774 2405 1875 2449; x_wconf 86' lang='lat' dir='ltr'><strong>pro</strong></span> 
     </span>
     <span class='ocr_line' id='line_1_27' title="bbox 170 2470 1878 2528; baseline 0.005 -16"><span class='ocrx_word' id='word_1_247' title='bbox 170 2470 392 2526; x_wconf 87' lang='lat' dir='ltr'><strong>pietate</strong></span> <span class='ocrx_word' id='word_1_248' title='bbox 420 2473 666 2528; x_wconf 82' lang='lat' dir='ltr'><strong>gratiam</strong></span> <span class='ocrx_word' id='word_1_249' title='bbox 697 2475 904 2521; x_wconf 84' lang='lat' dir='ltr'><strong>Deliae</strong></span> <span class='ocrx_word' id='word_1_250' title='bbox 934 2490 1042 2521; x_wconf 91' lang='lat' dir='ltr'><strong>non</strong></span> <span class='ocrx_word' id='word_1_251' title='bbox 1072 2478 1357 2521; x_wconf 89' lang='lat' dir='ltr'><strong>retulerit</strong></span> <span class='ocrx_word' id='word_1_252' title='bbox 1397 2478 1593 2522; x_wconf 90' lang='lat' dir='ltr'><strong>morbo</strong></span> <span class='ocrx_word' id='word_1_253' title='bbox 1638 2477 1704 2520; x_wconf 89' lang='lat' dir='ltr'><strong>ab</strong></span> <span class='ocrx_word' id='word_1_254' title='bbox 1737 2490 1878 2520; x_wconf 87' lang='lat' dir='ltr'><strong>ama-</strong></span> 
     </span>
     <span class='ocr_line' id='line_1_28' title="bbox 171 2556 1881 2616; baseline 0.003 -18"><span class='ocrx_word' id='word_1_255' title='bbox 171 2559 300 2599; x_wconf 83' lang='lat' dir='ltr'><strong>tore</strong></span> <span class='ocrx_word' id='word_1_256' title='bbox 329 2556 599 2614; x_wconf 82' lang='lat' dir='ltr'><strong>defenso,</strong></span> <span class='ocrx_word' id='word_1_257' title='bbox 630 2566 882 2616; x_wconf 70' lang='lat' dir='ltr'><strong>oratque</strong></span> <span class='ocrx_word' id='word_1_258' title='bbox 910 2567 971 2606; x_wconf 86' lang='lat' dir='ltr'><strong>ut</strong></span> <span class='ocrx_word' id='word_1_259' title='bbox 999 2574 1143 2605; x_wconf 88' lang='lat' dir='ltr'><strong>nunc</strong></span> <span class='ocrx_word' id='word_1_260' title='bbox 1174 2564 1375 2605; x_wconf 89' lang='lat' dir='ltr'><strong>saltem</strong></span> <span class='ocrx_word' id='word_1_261' title='bbox 1407 2566 1721 2605; x_wconf 87' lang='lat' dir='ltr'><strong>succurrat.</strong></span> <span class='ocrx_word' id='word_1_262' title='bbox 1782 2560 1881 2603; x_wconf 89' lang='lat' dir='ltr'><strong>No-</strong></span> 
     </span>
     <span class='ocr_line' id='line_1_29' title="bbox 172 2635 1881 2700; baseline 0.002 -20"><span class='ocrx_word' id='word_1_263' title='bbox 172 2649 252 2682; x_wconf 74' lang='lat' dir='ltr'><strong>vus</strong></span> <span class='ocrx_word' id='word_1_264' title='bbox 281 2635 349 2682; x_wconf 78' lang='lat' dir='ltr'><strong>liic</strong></span> <span class='ocrx_word' id='word_1_265' title='bbox 380 2639 501 2682; x_wconf 80' lang='lat' dir='ltr'><strong>locus</strong></span> <span class='ocrx_word' id='word_1_266' title='bbox 530 2644 678 2684; x_wconf 83' lang='lat' dir='ltr'><strong>est-nt</strong></span> <span class='ocrx_word' id='word_1_267' title='bbox 709 2641 843 2687; x_wconf 74' lang='lat' dir='ltr'><strong>vides.</strong></span> <span class='ocrx_word' id='word_1_268' title='bbox 915 2643 1166 2687; x_wconf 80' lang='lat' dir='ltr'><strong>Transitum</strong></span> <span class='ocrx_word' id='word_1_269' title='bbox 1198 2644 1303 2687; x_wconf 80' lang='lat' dir='ltr'><strong>facit</strong></span> <span class='ocrx_word' id='word_1_270' title='bbox 1335 2657 1412 2700; x_wconf 89' lang='lat' dir='ltr'><strong>per</strong></span> <span class='ocrx_word' id='word_1_271' title='bbox 1443 2658 1612 2698; x_wconf 88' lang='lat' dir='ltr'><strong>nunc,</strong></span> <span class='ocrx_word' id='word_1_272' title='bbox 1653 2642 1769 2698; x_wconf 90' lang='lat' dir='ltr'><strong>quod</strong></span> <span class='ocrx_word' id='word_1_273' title='bbox 1800 2655 1881 2697; x_wconf 85' lang='lat' dir='ltr'><strong>ge-</strong></span> 
     </span>
     <span class='ocr_line' id='line_1_30' title="bbox 174 2723 1882 2782; baseline 0.001 -17"><span class='ocrx_word' id='word_1_274' title='bbox 174 2723 356 2766; x_wconf 84' lang='lat' dir='ltr'><strong>neratim</strong></span> <span class='ocrx_word' id='word_1_275' title='bbox 385 2723 689 2780; x_wconf 71' lang='lat' dir='ltr'><strong>complectitur</strong></span> <span class='ocrx_word' id='word_1_276' title='bbox 718 2726 1019 2770; x_wconf 88' lang='lat' dir='ltr'><strong>antecedentia</strong></span> <span class='ocrx_word' id='word_1_277' title='bbox 1046 2732 1091 2770; x_wconf 85' lang='lat' dir='ltr'><strong>et</strong></span> <span class='ocrx_word' id='word_1_278' title='bbox 1116 2726 1356 2782; x_wconf 83' lang='lat' dir='ltr'><strong>significat:</strong></span> <span class='ocrx_word' id='word_1_279' title='bbox 1389 2727 1431 2769; x_wconf 91' lang='lat' dir='ltr'><strong>in</strong></span> <span class='ocrx_word' id='word_1_280' title='bbox 1459 2725 1537 2769; x_wconf 84' lang='lat' dir='ltr'><strong>hac</strong></span> <span class='ocrx_word' id='word_1_281' title='bbox 1559 2726 1731 2769; x_wconf 89' lang='lat' dir='ltr'><strong>miseria</strong></span> <span class='ocrx_word' id='word_1_282' title='bbox 1760 2737 1882 2777; x_wconf 84' lang='lat' dir='ltr'><strong>mea3</strong></span> 
     </span>
    </p>
   </div>
   <div class='ocr_carea' id='block_1_3' title="bbox 72 2804 1881 2864">
    <p class='ocr_par' dir='ltr' id='par_1_4' title="bbox 72 2804 1881 2864">
     <span class='ocr_line' id='line_1_31' title="bbox 72 2804 1881 2864; baseline 0.001 -17"><span class='ocrx_word' id='word_1_283' title='bbox 72 2843 84 2847; x_wconf 80' lang='grc'><strong>-</strong></span> <span class='ocrx_word' id='word_1_284' title='bbox 171 2804 235 2850; x_wconf 68' lang='lat' dir='ltr'><strong>sic</strong></span> <span class='ocrx_word' id='word_1_285' title='bbox 265 2805 340 2860; x_wconf 89' lang='lat' dir='ltr'><strong>qui</strong></span> <span class='ocrx_word' id='word_1_286' title='bbox 381 2806 759 2864; x_wconf 75' lang='lat' dir='ltr'><strong>universi-prioris</strong></span> <span class='ocrx_word' id='word_1_287' title='bbox 788 2808 875 2853; x_wconf 87' lang='lat' dir='ltr'><strong>loci</strong></span> <span class='ocrx_word' id='word_1_288' title='bbox 913 2808 1008 2853; x_wconf 79' lang='lat' dir='ltr'><strong>fons</strong></span> <span class='ocrx_word' id='word_1_289' title='bbox 1044 2814 1113 2853; x_wconf 87' lang='lat' dir='ltr'><strong>est</strong></span> <span class='ocrx_word' id='word_1_290' title='bbox 1153 2808 1302 2863; x_wconf 85' lang='lat' dir='ltr'><strong>dolor,</strong></span> <span class='ocrx_word' id='word_1_291' title='bbox 1352 2822 1408 2852; x_wconf 86' lang='lat' dir='ltr'><strong>ex</strong></span> <span class='ocrx_word' id='word_1_292' title='bbox 1451 2808 1605 2853; x_wconf 89' lang='lat' dir='ltr'><strong>eodem</strong></span> <span class='ocrx_word' id='word_1_293' title='bbox 1649 2812 1768 2851; x_wconf 89' lang='lat' dir='ltr'><strong>recta</strong></span> <span class='ocrx_word' id='word_1_294' title='bbox 1811 2807 1881 2849; x_wconf 86' lang='lat' dir='ltr'><strong>via</strong></span> 
     </span>
    </p>
   </div>
   <div class='ocr_carea' id='block_1_4' title="bbox 172 2885 1883 3446">
    <p class='ocr_par' dir='ltr' id='par_1_5' title="bbox 172 2885 738 2946">
     <span class='ocr_line' id='line_1_32' title="bbox 172 2885 738 2946; baseline 0.011 -20"><span class='ocrx_word' id='word_1_295' title='bbox 172 2886 303 2930; x_wconf 84' lang='lat' dir='ltr'><strong>etiam</strong></span> <span class='ocrx_word' id='word_1_296' title='bbox 330 2885 403 2932; x_wconf 79' lang='lat' dir='ltr'><strong>hic</strong></span> <span class='ocrx_word' id='word_1_297' title='bbox 430 2888 738 2946; x_wconf 63' lang='lat' dir='ltr'><strong>ssuxlt-jiovus.</strong></span> 
     </span>
    </p>

    <p class='ocr_par' dir='ltr' id='par_1_6' title="bbox 172 2968 1883 3446">
     <span class='ocr_line' id='line_1_33' title="bbox 291 2968 1883 3031; baseline 0.003 -19"><span class='ocrx_word' id='word_1_298' title='bbox 291 2969 357 3012; x_wconf 87' lang='lat' dir='ltr'><strong>De</strong></span> <span class='ocrx_word' id='word_1_299' title='bbox 402 2968 540 3014; x_wconf 71' lang='lat' dir='ltr'><strong>Isidis</strong></span> <span class='ocrx_word' id='word_1_300' title='bbox 576 2972 699 3016; x_wconf 82' lang='lat' dir='ltr'><strong>cultu</strong></span> <span class='ocrx_word' id='word_1_301' title='bbox 737 2973 853 3031; x_wconf 81' lang='lat' dir='ltr'><strong>apud</strong></span> <span class='ocrx_word' id='word_1_302' title='bbox 884 2976 1108 3021; x_wconf 80' lang='lat' dir='ltr'><strong>Romanos</strong></span> <span class='ocrx_word' id='word_1_303' title='bbox 1139 2976 1238 3020; x_wconf 81' lang='lat' dir='ltr'><strong>vide</strong></span> <span class='ocrx_word' id='word_1_304' title='bbox 1271 2978 1568 3020; x_wconf 64' lang='lat' dir='ltr'><strong>Bona-meum</strong></span> <span class='ocrx_word' id='word_1_305' title='bbox 1599 2974 1883 3018; x_wconf 85' lang='lat' dir='ltr'><strong>Dissertatio-</strong></span> 
     </span>
     <span class='ocr_line' id='line_1_34' title="bbox 172 3050 1883 3116; baseline 0.004 -24"><span class='ocrx_word' id='word_1_306' title='bbox 172 3061 272 3093; x_wconf 83' lang='lat' dir='ltr'><strong>nem</strong></span> <span class='ocrx_word' id='word_1_307' title='bbox 301 3050 632 3097; x_wconf 71' lang='lat' dir='ltr'><strong>Gemanicamz</strong></span> <span class='ocrx_word' id='word_1_308' title='bbox 679 3054 768 3097; x_wconf 76' lang='lat' dir='ltr'><strong>Die</strong></span> <span class='ocrx_word' id='word_1_309' title='bbox 806 3057 932 3100; x_wconf 72' lang='lat' dir='ltr'><strong>Isis·</strong></span> <span class='ocrx_word' id='word_1_310' title='bbox 951 3060 1117 3116; x_wconf 80' lang='lat' dir='ltr'><strong>Vesper</strong></span> <span class='ocrx_word' id='word_1_311' title='bbox 1157 3060 1275 3102; x_wconf 75' lang='lat' dir='ltr'><strong>naclz</strong></span> <span class='ocrx_word' id='word_1_312' title='bbox 1315 3060 1454 3101; x_wconf 84' lang='lat' dir='ltr'><strong>einem</strong></span> <span class='ocrx_word' id='word_1_313' title='bbox 1495 3057 1883 3101; x_wconf 72' lang='lat' dir='ltr'><strong>Herculanisclaen</strong></span> 
     </span>
     <span class='ocr_line' id='line_1_35' title="bbox 174 3129 1880 3200; baseline 0.005 -28"><span class='ocrx_word' id='word_1_314' title='bbox 174 3129 431 3180; x_wconf 51' lang='lat' dir='ltr'><strong>Gemeihhm</strong></span> <span class='ocrx_word' id='word_1_315' title='bbox 455 3133 521 3178; x_wconf 74' lang='lat' dir='ltr'><strong>inz</strong></span> <span class='ocrx_word' id='word_1_316' title='bbox 552 3133 779 3192; x_wconf 76' lang='lat' dir='ltr'><strong>Minerva,</strong></span> <span class='ocrx_word' id='word_1_317' title='bbox 806 3137 1122 3182; x_wconf 68' lang='lat' dir='ltr'><strong>Tasclzenbuclz</strong></span> <span class='ocrx_word' id='word_1_318' title='bbox 1133 3141 1182 3200; x_wconf 86' lang='lat' dir='ltr'><strong>f.</strong></span> <span class='ocrx_word' id='word_1_319' title='bbox 1211 3141 1254 3182; x_wconf 86' lang='lat' dir='ltr'><strong>d.</strong></span> <span class='ocrx_word' id='word_1_320' title='bbox 1269 3141 1388 3185; x_wconf 77' lang='lat' dir='ltr'><strong>Jahr</strong></span> <span class='ocrx_word' id='word_1_321' title='bbox 1410 3144 1540 3184; x_wconf 83' lang='lat'><strong>1809.</strong></span> <span class='ocrx_word' id='word_1_322' title='bbox 1571 3140 1724 3196; x_wconf 84' lang='lat' dir='ltr'><strong>Leipz.</strong></span> <span class='ocrx_word' id='word_1_323' title='bbox 1748 3142 1880 3181; x_wconf 69' lang='lat'><em>13053,</em></span> 
     </span>
     <span class='ocr_line' id='line_1_36' title="bbox 176 3216 1880 3278; baseline 0.004 -21"><span class='ocrx_word' id='word_1_324' title='bbox 176 3227 218 3269; x_wconf 87' lang='lat' dir='ltr'><strong>p.</strong></span> <span class='ocrx_word' id='word_1_325' title='bbox 250 3216 492 3269; x_wconf 63' lang='lat'>9⁵·136„</span> <span class='ocrx_word' id='word_1_326' title='bbox 536 3228 647 3271; x_wconf 86' lang='lat' dir='ltr'><strong>quae</strong></span> <span class='ocrx_word' id='word_1_327' title='bbox 678 3217 811 3262; x_wconf 75' lang='lat' dir='ltr'><strong>latine</strong></span> <span class='ocrx_word' id='word_1_328' title='bbox 851 3219 1020 3265; x_wconf 86' lang='lat' dir='ltr'><strong>reddita</strong></span> <span class='ocrx_word' id='word_1_329' title='bbox 1062 3229 1128 3267; x_wconf 86' lang='lat' dir='ltr'><strong>est</strong></span> <span class='ocrx_word' id='word_1_330' title='bbox 1172 3225 1216 3267; x_wconf 89' lang='lat' dir='ltr'><strong>in</strong></span> <span class='ocrx_word' id='word_1_331' title='bbox 1257 3225 1376 3268; x_wconf 84' lang='lat' dir='ltr'><strong>Actis</strong></span> <span class='ocrx_word' id='word_1_332' title='bbox 1407 3224 1638 3269; x_wconf 83' lang='lat' dir='ltr'><strong>Seminarii</strong></span> <span class='ocrx_word' id='word_1_333' title='bbox 1669 3223 1802 3278; x_wconf 86' lang='lat' dir='ltr'><strong>Regii</strong></span> <span class='ocrx_word' id='word_1_334' title='bbox 1835 3228 1880 3265; x_wconf 90' lang='lat' dir='ltr'><strong>et</strong></span> 
     </span>
     <span class='ocr_line' id='line_1_37' title="bbox 175 3296 1882 3363; baseline 0.004 -24"><span class='ocrx_word' id='word_1_335' title='bbox 175 3297 410 3341; x_wconf 80' lang='lat' dir='ltr'><strong>societatis</strong></span> <span class='ocrx_word' id='word_1_336' title='bbox 441 3296 727 3355; x_wconf 83' lang='lat' dir='ltr'><strong>philologicae</strong></span> <span class='ocrx_word' id='word_1_337' title='bbox 768 3301 1007 3358; x_wconf 76' lang='lat' dir='ltr'><strong>Lipsiensis</strong></span> <span class='ocrx_word' id='word_1_338' title='bbox 1051 3306 1150 3350; x_wconf 88' lang='lat' dir='ltr'><strong>Vol.</strong></span> <span class='ocrx_word' id='word_1_339' title='bbox 1182 3306 1219 3351; x_wconf 90' lang='lat'><strong>1.</strong></span> <span class='ocrx_word' id='word_1_340' title='bbox 1261 3321 1304 3363; x_wconf 89' lang='lat' dir='ltr'><strong>p.</strong></span> <span class='ocrx_word' id='word_1_341' title='bbox 1336 3310 1426 3350; x_wconf 81' lang='lat'><strong>265</strong></span> <span class='ocrx_word' id='word_1_342' title='bbox 1457 3321 1551 3362; x_wconf 83' lang='lat' dir='ltr'><strong>sqq.</strong></span> <span class='ocrx_word' id='word_1_343' title='bbox 1614 3304 1739 3349; x_wconf 82' lang='lat' dir='ltr'><strong>Adde</strong></span> <span class='ocrx_word' id='word_1_344' title='bbox 1770 3316 1882 3359; x_wconf 81' lang='lat' dir='ltr'><strong>quae</strong></span> 
     </span>
     <span class='ocr_line' id='line_1_38' title="bbox 179 3379 1883 3446; baseline 0.004 -24"><span class='ocrx_word' id='word_1_345' title='bbox 179 3379 291 3425; x_wconf 86' lang='lat' dir='ltr'><strong>idem</strong></span> <span class='ocrx_word' id='word_1_346' title='bbox 323 3382 598 3428; x_wconf 65' lang='lat' dir='ltr'><strong>nomm-man</strong></span> <span class='ocrx_word' id='word_1_347' title='bbox 630 3385 826 3441; x_wconf 77' lang='lat' dir='ltr'><strong>pluribus</strong></span> <span class='ocrx_word' id='word_1_348' title='bbox 856 3387 965 3431; x_wconf 80' lang='lat' dir='ltr'><strong>locis</strong></span> <span class='ocrx_word' id='word_1_349' title='bbox 1010 3389 1052 3433; x_wconf 88' lang='lat' dir='ltr'><strong>in</strong></span> <span class='ocrx_word' id='word_1_350' title='bbox 1094 3388 1265 3433; x_wconf 81' lang='lat' dir='ltr'><strong>Sabina</strong></span> <span class='ocrx_word' id='word_1_351' title='bbox 1305 3404 1331 3433; x_wconf 90' lang='lat' dir='ltr'><strong>a</strong></span> <span class='ocrx_word' id='word_1_352' title='bbox 1374 3403 1423 3434; x_wconf 87' lang='lat' dir='ltr'><strong>se</strong></span> <span class='ocrx_word' id='word_1_353' title='bbox 1463 3391 1624 3446; x_wconf 78' lang='lat' dir='ltr'><strong>scripta</strong></span> <span class='ocrx_word' id='word_1_354' title='bbox 1669 3386 1883 3442; x_wconf 71' lang='lat' dir='ltr'><strong>exposuit.</strong></span> 
     </span>
    </p>
   </div>
   <div class='ocr_carea' id='block_1_5' title="bbox 1337 3474 1411 3522">
    <p class='ocr_par' dir='ltr' id='par_1_7' title="bbox 1337 3474 1411 3522">
     <span class='ocr_line' id='line_1_39' title="bbox 1337 3474 1411 3522; baseline 0.027 -2"><span class='ocrx_word' id='word_1_355' title='bbox 1337 3474 1411 3522; x_wconf 77' lang='lat'><strong>5*</strong></span> 
     </span>
    </p>
   </div>
  </div>
 </body>
</html>
