2158 3750
689 239 874 293 LlBR.
906 241 972 292 11.
1044 237 1247 292 ELEG.
1282 239 1376 291 VI.
1776 243 1878 290 311

183 392 316 430 recte.
388 387 590 430 Placeret
618 385 891 438 coniectura,
935 385 973 427 si
1003 385 1046 428 in
1077 387 1173 442 ipso
1205 384 1345 441 primo
1376 379 1585 435 disticho,
1630 382 1673 424 in
1703 380 1869 424 verbis:

171 468 431 526 furtimque
470 465 663 509 tabellas
705 473 787 511 etc.
832 468 1047 524 opposisso
1092 470 1268 512 inesset.
1342 467 1434 512 Sed
1480 467 1609 511 etiam
1656 462 1738 507 hoc
1782 475 1869 506 non

181 558 273 606 est;
318 554 562 608 scripsisset
587 552 816 604 Tibullus,
847 553 884 594 si
915 551 957 594 id
990 551 1223 594 voluisset=
1258 549 1520 610 furtimque
1549 546 1742 590 tabellas
1770 546 1874 602 Ap-

173 643 368 690 portans
405 633 512 676 aliis
551 633 676 691 itque
718 632 922 691 reditque
959 632 1089 679 sinu,
1133 633 1250 687 quod
1290 648 1374 677 non
1418 634 1536 678 fecit.
1607 632 1876 676 Huscmssus

180 719 336 774 probat
380 717 508 760 haec:
558 715 661 758 lena
701 723 833 758 vetat
875 715 1084 757 miserum
1128 716 1278 773 recipi.
1355 716 1446 760 Sed
1489 715 1585 771 quis
1628 726 1712 757 non
1753 711 1875 756 videt

179 801 468 843 coniecturam
496 812 592 843 eam
629 811 726 841 esse
750 799 855 841 satis
885 798 1096 841 diversam
1128 812 1153 840 a
1185 800 1391 843 librorum
1422 797 1673 854 scriptura?
1731 795 1873 839 Affert

177 880 448 925 Huscuxms
489 892 569 936 pro
613 892 693 922 sua
736 879 952 921 sententia
996 879 1343 934 inexspectatum
1383 881 1531 923 venire
1575 891 1730 921 nomen
1769 889 1873 934 pro-

177 965 315 1019 prium
346 964 482 1004 lenae.
543 959 709 1003 Credas
750 957 834 1001 hoc
871 959 1011 1014 primo
1053 958 1277 1014 adspectu.
1338 961 1428 1004 Sed
1458 961 1604 1015 quidni
1636 958 1870 1003 acerbioris

175 1042 516 1100 reprehensionis
555 1055 686 1085 causa
719 1042 937 1085 adiectum
979 1043 1036 1085 sit
1079 1055 1107 1084 a
1138 1049 1268 1098 poeta
1301 1045 1513 1100 pessimae
1545 1045 1667 1087 lenae
1699 1055 1870 1095 nomen,

174 1132 223 1168 ut
251 1126 389 1169 sciant
418 1125 546 1168 etiam
578 1125 687 1168 alii?
746 1125 861 1167 Nam
890 1138 1041 1168 verum
1072 1139 1227 1169 nomen
1261 1125 1342 1170 hoc
1384 1126 1548 1180 habeo,
1591 1140 1675 1169 non
1706 1127 1867 1168 fictum.

175 1209 300 1253 Quae
329 1220 427 1249 cum
457 1207 520 1250 ita
547 1207 647 1260 sint,
675 1205 779 1249 nihil
809 1210 946 1249 restat
975 1219 1103 1261 quam
1134 1211 1184 1250 ut
1213 1208 1431 1252 Ponum
1460 1210 1750 1252 coniecturam
1781 1219 1871 1250 ne·-

177 1293 267 1332 cat
297 1289 536 1343 laudemus,
565 1289 801 1346 repositam
831 1303 859 1332 a
888 1289 1224 1334 Bnoucxuusro
1256 1297 1300 1335 et
1329 1292 1536 1346 Hermo,
1567 1305 1678 1347 quae
1708 1291 1871 1347 optima

176 1380 257 1418 est.
318 1375 462 1428 Atque
490 1374 551 1416 ita
580 1386 684 1417 mox
713 1374 860 1429 legesx
895 1376 1022 1415 Tunc
1044 1373 1206 1417 morior
1228 1375 1363 1419 curis.
1421 1376 1616 1419 Primum
1644 1375 1791 1428 igitur,
1820 1376 1870 1414 ut

174 1456 364 1512 explicet
393 1457 674 1499 sententiam=
705 1456 858 1499 Lena
887 1462 1060 1500 nocet
1091 1458 1281 1512 nobis,
1313 1458 1590 1515 repetitfleam
1610 1458 1705 1500 aliis
1727 1456 1870 1499 verbis

173 1541 217 1583 in
248 1539 456 1596 principio
486 1539 671 1594 distichi,
699 1539 1061 1595 quemadmodum
1083 1541 1189 1584 alias
1214 1542 1489 1598 epanalepsin
1510 1541 1642 1596 ponit.
1703 1536 1870 1580 Deinde

173 1639 270 1667 cum
304 1637 382 1681 per
410 1625 697 1681 oppositionis
728 1623 910 1668 formam
928 1625 1004 1668 'sic
1034 1625 1179 1669 dicere
1210 1631 1386 1683 posset:
1431 1639 1529 1669 nam
1560 1625 1646 1667 fert
1674 1624 1769 1666 aliis
1798 1628 1868 1664 ta-

170 1708 331 1760 bellas,
361 1720 431 1750 me
459 1720 564 1749 vero
598 1706 805 1760 remittit,
835 1719 948 1750 nunc
978 1708 1073 1763 pari
1104 1708 1202 1750 loco
1234 1707 1390 1764 positis
1421 1707 1616 1750 distichis
1648 1705 1786 1748 tribus
1818 1709 1864 1747 et

169 1791 383 1847 tripartita
421 1790 631 1833 divisione
671 1789 878 1833 describit
918 1791 1116 1834 iniuriam
1158 1792 1352 1835 mulieris
1394 1789 1477 1832 hoc
1519 1788 1676 1831 modo:
1719 1786 1867 1829 furtim

168 1875 350 1918 tabellas
382 1874 467 1918 sert
494 1875 729 1918 destinatas
759 1876 854 1917 aliis
894 1880 940 1918 et
989 1875 1044 1917 ab
1086 1875 1208 1929 aliis,
1253 1888 1387 1931 saepe
1419 1876 1548 1918 etiam
1579 1875 1713 1927 negat
1749 1870 1867 1913 domi

168 1972 264 2001 esse
294 1957 539 2011 Nemesim,
569 1957 645 1999 ubi
675 1962 820 2000 tamen
855 1956 1008 2010 adest,
1038 1969 1171 2012 saepe
1204 1959 1374 2000 nuntiat
1406 1957 1603 2013 impediri
1632 1968 1751 2007 eam,
1792 1952 1866 1996 ubi

164 2053 253 2083 nox
282 2032 492 2096 promissa
521 2038 624 2082 mihi
654 2044 761 2082 erat.
823 2040 888 2083 Ac
919 2041 1105 2095 primum
1136 2041 1378 2083 membrum
1417 2053 1495 2096 per
1526 2040 1726 2095 copulam
1760 2037 1866 2080 sub-

163 2122 253 2164 iicit
282 2123 473 2177 generali
503 2123 772 2176 sententiae,
802 2127 851 2164 ut
881 2123 1016 2176 aliaS,
1047 2123 1102 2166 cf.
1137 2123 1172 2177 Ι,
1202 2127 1245 2177 5,
1279 2126 1352 2165 11.
1385 2147 1443 2155 —
1496 2122 1697 2165 furtim
1739 2134 1864 2178 por-

163 2211 295 2249 tans
323 2207 562 2250 occulto
593 2206 746 2260 sinu,
786 2208 1003 2250 cumulate
1034 2207 1197 2251 dictum
1229 2208 1441 2261 consulto,
1472 2207 1528 2251 cf.
1550 2207 1618 2250 -ad
1647 2206 1683 2260 I,
1715 2210 1758 2260 5,
1789 2209 1864 2249 65.

162 2290 289 2332 Facit
314 2290 443 2342 enim,
471 2301 528 2331 ne
557 2289 715 2331 sentiat
737 2289 953 2332 Tibullus.
1015 2289 1082 2332 De
1113 2303 1161 2332 re
1191 2294 1335 2333 autem
1366 2303 1570 2346 compara
1598 2302 1697 2332 cum
1730 2288 1864 2331 Hur-

164 2385 244 2415 mo
284 2371 411 2415 Ovid.
455 2371 549 2414 Art.
595 2371 691 2413 Am.
722 2369 803 2423 111,
841 2372 955 2413 621:
1014 2368 1237 2415 tabellas,
1282 2371 1410 2427 Quas
1452 2378 1583 2428 tegat
1625 2368 1673 2411 in
1716 2368 1865 2425 tepido

154 2453 316 2512 fascia
360 2452 463 2495 lata
507 2451 626 2496 sinu.
654 2475 716 2485 ·—-
763 2451 905 2495 Porro
950 2451 1114 2505 itque
1160 2451 1452 2506 reditque,
1503 2451 1635 2493 veluti
1683 2452 1863 2495 Vama.

163 2539 332 2581 chc.
362 2537 399 2590 Ι,
429 2539 531 2580 725.
573 2539 642 2579 est
681 2535 865 2578 formula
894 2535 1124 2588 solemnis,
1168 2534 1295 2577 simul
1335 2534 1610 2577 sedulitatem
1650 2533 1865 2588 quandam

162 2619 408 2673 significans
437 2623 513 2660 aut
543 2617 840 2670 celeritatem,
883 2620 932 2658 ut
965 2617 1103 2658 Ovm.
1136 2614 1245 2658 Met.
1277 2615 1335 2669 ΙΙ,
1363 2618 1479 2659 409:
1520 2615 1625 2658 dum
1655 2615 1772 2658 redit
1799 2613 1863 2656 it-

163 2715 247 2760 que
275 2699 512 2759 frequens.
573 2700 749 2744 Similes
789 2700 1002 2743 formulae
1043 2704 1145 2743 sunt
1175 2700 1284 2743 Met.
1317 2699 1437 2754 VIII,
1470 2703 1584 2743 163:
1625 2698 1865 2759 refluitque

150 2782 374 2841 fluitque,
403 2782 508 2826 ibid.
539 2785 654 2826 5362
707 2780 1002 2841 refoventque
1024 2781 1307 2839 foventque,
1349 2786 1394 2824 et
1423 2795 1535 2837 quae
1565 2795 1591 2824 a
1624 2781 1865 2826 mesn-

160 2879 319 2910 memo
349 2866 589 2909 afferuntur
620 2866 757 2910 Vmo.
794 2866 904 2909 Aen.
937 2865 1015 2919 IV,
1047 2868 1151 2908 438.
1198 2864 1300 2918 XII,
1331 2868 1446 2908 866:
1478 2864 1669 2922 fertque
1697 2861 1864 2921 refert-

162 2961 272 3005 que,
315 2950 431 2989 7532
477 2945 608 3004 fugit
645 2945 927 3005 refugitque.
999 2945 1207 2989 Nostrum
1254 2947 1399 2990 locum
1444 2947 1643 2990 Ovmuss
1686 2945 1863 3001 respicit

162 3030 330 3071 Amorr.
371 3027 428 3081 II,
469 3030 542 3082 19,
582 3029 669 3071 412
726 3027 892 3086 (incipe
939 3030 1174 3089 quaerere)
1235 3030 1334 3087 Quo
1370 3029 1506 3086 serat
1555 3036 1639 3070 aut
1688 3027 1863 3087 refero-t

161 3109 297 3153 solers
329 3108 498 3151 ancilla
528 3106 738 3154 tabellas.
768 3130 828 3141 —
860 3110 927 3153 De
957 3110 1204 3154 tabellis
1242 3111 1429 3165 denique
1472 3111 1671 3154 conferre
1699 3109 1863 3154 iuvabit

160 3193 422 3235 Pnornnru
452 3191 640 3246 elegiam
665 3188 832 3234 xxm.
864 3191 960 3234 libr.
995 3192 1074 3235 111.
1114 3192 1192 3235 ubi
1234 3197 1280 3235 et
1321 3192 1450 3236 verba
1484 3192 1673 3247 videbis,
1719 3193 1863 3247 qualia

160 3276 333 3319 inscribi
365 3274 607 3319 huiusmodi
639 3273 810 3317 tabellis
836 3275 994 3318 ceratis
1023 3275 1238 3329 solebant,
1269 3280 1315 3319 et
1345 3275 1452 3319 illud
1483 3276 1637 3330 disces,
1668 3278 1863 3333 potuisse

162 3358 336 3404 easdem
367 3371 499 3417 saepe
529 3358 643 3403 ultro
676 3358 874 3413 citroque
906 3360 1046 3412 mitti,
1093 3371 1190 3404 cum
1234 3358 1388 3404 deletis
1425 3360 1525 3405 stilo
1556 3359 1710 3404 litteris
1741 3358 1867 3402 inno-
