2086 3756
558 867 668 921 DE
720 864 973 923 POESI
1016 865 1398 922 TIBULLI.

125 1027 202 1115 P
203 1071 442 1132 ostquam
490 1060 555 1114 de
599 1063 706 1118 vita
750 1063 950 1116 Tibulli
998 1062 1194 1117 dictum
1243 1074 1344 1130 est,
1395 1062 1627 1116 dicemus
1679 1064 1853 1115 etiam*

128 1159 191 1210 de
227 1161 438 1228 ingenio
477 1171 528 1212 et
563 1160 714 1230 poesi
750 1162 879 1213 eius·
961 1161 1318 1228 Disputarunt
1352 1164 1611 1217 nonnulla
1658 1160 1722 1212 de
1771 1179 1832 1212 ea

123 1275 181 1310 re
217 1259 529 1326 interpretes
564 1257 710 1310 Albii
745 1268 798 1308 et
833 1257 1110 1325 scriptores
1144 1259 1392 1313 historiae
1418 1240 1700 1326 literariae,
1736 1277 1832 1310 nec

126 1371 237 1406 non
276 1353 614 1406 Wielandius
652 1334 720 1406 ad
755 1355 964 1406 Horatii
1011 1357 1284 1422 epistolam
1318 1357 1443 1406 libri
1477 1357 1635 1424 primi
1673 1373 1830 1425 quar-

124 1462 231 1502 tam
267 1461 319 1502 et
352 1469 525 1522 nuper
560 1453 897 1506 Hermannus
932 1451 1212 1508 Paldamus
1246 1453 1304 1504 in
1337 1454 1545 1517 libello,
1590 1453 1675 1504 cui
1706 1454 1831 1503 titu-

121 1549 233 1598 lus:
269 1545 550 1597 Ro'mische
585 1546 792 1610 Erotik,
826 1546 1044 1596 uberius
1081 1563 1210 1598 vero
1251 1548 1432 1601 ceteris
1466 1547 1830 1615 imprimisque

121 1644 383 1708 eleganter
438 1641 564 1693 olim
619 1642 810 1697 Manso
870 1644 929 1693 in
985 1641 1366 1699 Additamentis
1422 1641 1489 1694 ad
1551 1642 1832 1694 Sulzerum

120 1743 273 1794 Tom.
307 1743 374 1808 Π,
420 1742 547 1793 fasc.
583 1746 643 1807 13
697 1740 790 1794 sed
833 1760 991 1795 nemo
1030 1744 1226 1796 horum
1271 1762 1453 1796 omnes
1499 1744 1831 1813 quaestiones

121 1848 426 1905 persecutus
462 1847 539 1888 est
575 1837 767 1906 quibus
806 1854 957 1906 opu8‚
995 1839 1040 1890 si
1073 1839 1285 1906 penitus
1312 1841 1574 1892 illustrare
1611 1843 1830 1906 scripto-

118 1951 232 1984 rem
265 1932 499 2000 studeas3
537 1951 631 2000 ego
666 1952 795 1986 vero
832 1935 907 1986 ita
940 1953 1055 1987 rem
1089 1946 1311 1989 tractare
1352 1937 1609 2002 conabor,
1647 1952 1829 2004 quem-

118 2028 402 2081 admodum
451 2029 608 2081 etiam
652 2030 792 2082 iusta
837 2031 1228 2084 hermeneutica
1272 2032 1530 2102 postulat,
1585 2039 1646 2081 ut
1693 2048 1828 2099 quae

44 2116 48 2120 1
115 2127 332 2194 propria
369 2126 700 2180 Tibullianae
734 2141 959 2195 poeseos
995 2135 1048 2176 et
1089 2125 1157 2178 ad
1195 2143 1377 2179 veram
1411 2126 1670 2177 rationem
1716 2125 1830 2176 eius

62 2247 68 2250 v
118 2218 530 2287 cognoscendam
582 2221 885 2281 necessaria?
922 2218 1126 2286 iudicO,
1186 2238 1371 2275 eorum
1422 2222 1632 2289 potiora
1687 2238 1828 2273 com-

116 2316 315 2382 plectar
350 2315 555 2375 omnia,
602 2314 926 2365 refutaturus
972 2315 1074 2369 hoc
1121 2312 1282 2365 modo
1324 2316 1482 2368 simul
1518 2334 1723 2368 errores
1762 2316 1825 2368 de

117 2420 227 2459 arte
275 2419 460 2475 poetae
503 2411 664 2478 vulgo
708 2427 987 2479 perperam
1034 2427 1259 2480 sparsos,
1330 2412 1519 2463 Dicam
1552 2430 1683 2465 vero
1717 2415 1828 2480 pri-

116 2521 260 2554 mum
297 2503 360 2554 de
393 2515 698 2570 argumento
733 2522 954 2573 poeseos
992 2507 1338 2571 Tibullianae,
1375 2524 1483 2575 quo
1519 2510 1630 2563 fere
1664 2511 1827 2576 perti-

116 2610 243 2649 nent
278 2597 654 2671 disputationes
689 2599 954 2668 laudatae,
993 2600 1183 2655 deinde
1219 2599 1284 2652 de
1318 2602 1489 2652 forma
1528 2613 1579 2652 et
1615 2620 1826 2670 compo-

115 2694 302 2747 sitione
337 2695 527 2751 harum
567 2694 877 2763 elegiarum,
918 2693 1146 2766 denique
1186 2696 1250 2748 de
1292 2697 1587 2752 elocutione
1623 2707 1827 2765 poetae.

277 2910 312 2952 1.
375 2908 456 2952 DE
488 2907 880 2955 ARGUMENTO
908 2909 1187 2956 PoEsEos
1219 2910 1648 2957 TIBULLIANAE.

256 3041 441 3092 Albius
474 3039 732 3106 Tibullus,
769 3053 958 3094 natura
993 3043 1192 3096 alienus
1231 3062 1262 3095 a
1297 3045 1457 3096 rebus
1495 3040 1734 3110 gerendis
1775 3053 1825 3093 et

117 3137 275 3203 magis
311 3137 368 3186 in
403 3138 640 3190 mollium
678 3156 928 3192 sensuum
966 3140 1234 3193 desideriis
1273 3153 1324 3193 et
1360 3141 1633 3194 affectibus
1674 3140 1822 3191 habi-

118 3245 233 3284 tans
273 3253 431 3302 quam
466 3234 532 3286 ad
567 3236 803 3289 militiam
848 3249 898 3288 et
936 3241 1201 3290 honorum
1240 3240 1598 3290 contenfiones
1643 3240 1822 3299 factus,

124 3339 177 3378 ut
227 3333 518 3394 puellarum
566 3332 832 3385 amoribus
884 3343 994 3384 toto
1047 3345 1257 3402 pectore
1308 3332 1514 3384 deditus
1566 3342 1700 3394 erat,
1754 3329 1821 3379 ita
