2086 3756
254 194 403 226 mimi
942 172 1036 223 DE
1074 169 1272 226 POESI

261 320 430 371 exitus
469 320 554 372 hic
596 317 855 370 adhibitae
896 335 1083 384 parum
1133 325 1434 384 perspectae
1483 305 1777 371 videanturss
1863 320 1963 371 Ca-

260 425 462 465 nuntur
499 409 1039 482 παρακλαυσίθυρα,
1076 421 1135 461 ut
1170 411 1309 463 fictio
1345 412 1548 478 poetica
1594 423 1698 478 est,
1734 423 1851 464 ante
1887 414 1966 464 ia-

258 527 418 560 nuam
455 511 700 558 clausam.
773 507 882 555 Iam
923 515 1043 572 post
1079 507 1343 573 querelas,
1394 506 1742 570 hortationes,
1784 525 1967 574 preces

255 604 378 655 'cum
416 621 524 655 non
564 603 830 670 aperiatur
864 603 1046 666 ianua,
1086 603 1254 668 qualis
1292 601 1392 651 erit
1427 598 1635 652 exitus?
1707 600 1969 665 Discedet‚

262 699 431 764 dicaS,
471 708 628 766 poeta
672 700 892 749 coeleste
930 699 1183 749 auxilium
1219 698 1495 761 invocans,
1531 710 1591 750 ut
1629 699 1701 750 sic
1738 716 1970 750 commo-

262 807 446 846 veatur
475 797 668 863 puella.
741 796 886 847 Fieri
919 796 992 846 ita
1028 806 1212 862 potest,
1250 795 1340 845 sed
1376 805 1546 861 potest
1587 795 1780 861 optime
1818 795 1971 845 etiam

264 892 428 942 aliter.
499 891 735 941 Primum
766 891 906 940 enim
942 907 1062 940 cum
1093 889 1336 939 irrisione
1366 890 1570 956 puellae
1607 889 1752 938 abire
1786 898 1972 955 potest,

266 986 309 1036 si
344 1003 442 1052 per
479 987 823 1036 mutationem
859 984 1143 1035 sententiae
1180 994 1396 1049 repente
1430 985 1630 1033 animos
1667 993 1860 1047 sumat,
1889 983 1973 1034 iu-

267 1090 347 1130 ret
379 1097 433 1131 se
475 1098 584 1132 non
621 1079 943 1142 rediturum,
980 1077 1147 1128 rideat
1183 1081 1410 1144 puellam
1450 1089 1499 1128 et
1533 1078 1778 1142 rivalem,
1814 1089 1972 1147 atque

262 1177 336 1225 ita
373 1175 532 1225 finem
566 1175 804 1241 imponat
845 1176 1107 1241 querelae.
1179 1171 1338 1234 Quod
1371 1189 1536 1238 genus
1573 1174 1746 1223 exitus
1780 1190 1974 1226 nervo·

264 1272 370 1322 sius
419 1272 605 1338 pungit
653 1271 854 1337 puellas
907 1280 959 1321 et
1004 1286 1172 1322 novos
1219 1268 1455 1320 stimulos
1512 1270 1756 1320 sarcasmi
1817 1268 1976 1350 addit.

264 1366 342 1415 Ita
379 1365 501 1415 fecit
536 1364 778 1416 Tibullus
828 1364 954 1429 eleg.
989 1365 1031 1427 I,
1071 1370 1121 1416 5.
1155 1364 1248 1415 ubi
1284 1364 1524 1431 Heynius
1574 1364 1773 1416 exitum
1816 1366 1974 1433 plane

267 1458 495 1525 damnat,
523 1458 761 1523 Vossius,
795 1459 1089 1522 Passovius,
1127 1459 1215 1508 alii
1239 1458 1474 1509 inferunt
1510 1458 1656 1527 quod
1683 1477 1794 1511 non
1822 1461 1975 1512 inest.

264 1554 403 1607 Vide
438 1573 580 1607 nunc
621 1555 775 1605 aliam
819 1555 1094 1607 rationem.
1178 1553 1312 1605 Cum
1347 1565 1605 1607 amatores
1641 1556 1819 1607 miseri
1855 1567 1974 1608 ante

265 1651 476 1702 ianuam
510 1653 853 1702 lamentantes
881 1651 1071 1717 passim
1109 1649 1411 1701 riderentur
1446 1670 1477 1701 a
1508 1654 1977 1718 praetereuntibu8‚

268 1749 423 1797 etiam
471 1747 594 1798 hinc
632 1747 742 1812 peti
786 1746 959 1812 potuit
994 1726 1165 1795 forma
1200 1745 1406 1811 poetica
1443 1746 1645 1810 exitus,
1694 1747 1740 1797 si
1780 1747 1838 1798 in
1871 1749 1975 1800 fine

266 1852 423 1908 poeta
461 1858 579 1892 cum
616 1839 972 1892 admonitione
1011 1839 1240 1890 risorum
1279 1856 1495 1890 suorum
1532 1838 1856 1893 discedebat:
1906 1843 1978 1894 At

266 1947 348 1999 tu,
385 1936 478 2004 qui
515 1936 682 1986 laetus
716 1932 856 1984 rides
891 1935 1029 1983 mala
1059 1945 1268 1997 nostra,
1305 1945 1484 1985 caveto
1521 1935 1656 1986 Mox
1687 1935 1816 1988 tibi:
1865 1953 1977 1988 non

267 2034 363 2083 uni
398 2031 592 2084 saeviet
625 2048 793 2098 usque
833 2028 978 2080 deus.
1064 2029 1149 2079 Sic
1187 2047 1255 2079 ex
1290 2029 1705 2081 consideratione
1743 2048 1976 2083 commu-

268 2130 350 2179 nis
378 2129 473 2179 fati
500 2130 742 2179 solatium
778 2121 1338 2194 petit'ur,'animusque
1364 2137 1552 2193 poetae
1589 2138 1789 2178 erectus
1822 2129 1978 2186 etiam

267 2226 340 2275 ita
391 2227 449 2275 in
498 2223 919 2292 tranquilliorem
965 2234 1154 2273 statum
1199 2222 1352 2274 redit.
1439 2225 1518 2274 Ita
1564 2225 1687 2275 fecit
1735 2225 1978 2277 Tibullus

268 2320 394 2385 eleg.
429 2319 470 2384 I,
506 2324 557 2369 2.
637 2319 798 2369 Posse
846 2317 1073 2386 denique
1112 2319 1267 2369 etiam
1305 2336 1421 2370 cum
1461 2319 1700 2370 ianitoris
1738 2337 1978 2372 exsecra-

266 2416 411 2465 tione
466 2412 629 2477 abiri,
678 2414 722 2464 si
774 2412 932 2463 huius
982 2412 1210 2463 maxime
1259 2414 1439 2479 culpa,
1494 2411 1660 2469 discas
1707 2431 1776 2464 ex
1823 2413 1978 2468 Ovid.

268 2510 479 2559 Amorr.
514 2509 554 2571 I,
593 2512 655 2573 63
706 2506 948 2557 Tibullus
990 2516 1162 2556 tamen
1200 2509 1301 2558 hoc
1341 2518 1402 2557 ut
1434 2508 1687 2559 humilius
1723 2511 1978 2576 spreverit

265 2604 324 2653 in
360 2619 456 2654 sua
487 2602 652 2670 poesi.
723 2602 868 2653 Haec
896 2602 1164 2653 hactenus,
1236 2603 1319 2653 De
1347 2603 1492 2655 exitu
1519 2603 1728 2657 abunde
1762 2604 1974 2660 dictum.

409 2879 661 2933 Redimus
699 2901 837 2936 nunc
867 2883 931 2935 ad
966 2883 1036 2950 id,
1075 2884 1217 2954 quod
1250 2904 1408 2954 supra
1432 2889 1766 2955 promissum.
1835 2889 1974 2943 Nam

265 2987 326 3026 ut
367 2977 525 3029 modo
578 2981 804 3045 exitum,
859 2982 931 3033 sic
969 2983 1116 3049 prius
1167 2982 1444 3036 exordium
1483 2984 1845 3052 descripsimus
1895 2986 1974 3038 di-

266 3081 428 3136 serte,
465 3075 608 3124 medii
639 3093 767 3126 vero
808 3083 1030 3127 carminis
1072 3081 1423 3146 explicationem
1458 3083 1551 3133 vix
1587 3092 1775 3133 tactam
1813 3100 1973 3151 supra

264 3184 405 3216 nunc
444 3168 765 3220 commodius
815 3173 1176 3237 tractabimus,
1233 3183 1413 3240 utpote
1461 3175 1696 3240 longiore
1740 3175 1970 3244 disputa-

266 3261 408 3313 fione
446 3273 697 3327 egentem.
1534 3255 1547 3266 ⁰
