2158 3750
326 243 410 304 64
783 242 1092 302 TIBULLI
1144 242 1284 302 LIB.
1320 243 1416 302 111.
1447 256 1491 303 2.
1522 257 1567 303 3.

392 396 514 457 lllic
559 418 699 478 quas
741 395 911 456 mittit
950 394 1106 456 dives
1148 396 1440 458 Panchaia
1481 419 1695 458 merces

471 503 690 584 Eoique
734 502 986 576 ArabeS,
1039 504 1272 587 pinguis
1317 519 1370 565 et
1407 504 1678 589 Assyria,
1795 589 1798 591 Α

325 622 383 666 25
400 611 472 670 Et
514 609 695 668 nostri
739 633 1017 671 memores
1061 610 1327 673 lacrimae
1367 612 1688 672 fundantur
1730 610 1960 672 eodem:

477 717 574 776 Sic
620 739 724 797 ego
773 719 1040 802 componi
1083 744 1280 781 versus
1326 720 1387 780 in
1433 744 1562 780 ossa
1605 718 1786 780 velim.
2147 717 2158 828 ἐ

394 823 511 883 Sed
554 823 770 884 tristem
811 828 1010 887 mortis
1057 829 1405 888 demonstret
1447 828 1630 888 littera
1676 849 1907 888 causam
2154 831 2158 833 ’

478 933 666 1017 Atque
711 935 851 997 haec
895 938 956 997 in
1003 938 1211 999 celebri
1258 938 1511 999 carmina
1559 938 1746 997 fronte
1789 950 1960 996 notet.

391 1043 749 1128 ‘Lygdamus
773 1043 867 1105 hic
890 1045 1030 1106 situs
1057 1061 1165 1107 est:
1201 1046 1366 1106 dolor
1387 1046 1520 1106 huic
1542 1060 1595 1105 et
1616 1069 1752 1106 cura
1767 1047 2038 1118 Neaerae,

326 1165 387 1209 30
490 1151 765 1231 Coniugis
810 1167 1064 1236 ereptae,
1122 1177 1293 1214 causa
1335 1153 1522 1237 perire
1565 1153 1703 1214 fuit?

880 1443 1317 1498 ELEGIA
1399 1443 1494 1499 ΙΙΙ.

386 1542 598 1681 Quid
640 1594 877 1677 prodest
918 1596 1133 1657 caelum
1174 1598 1317 1658 votis
1362 1597 1656 1680 implesse,
1706 1594 1951 1668 Neaera,

475 1702 814 1786 Blandaque
860 1728 989 1764 cum
1030 1705 1209 1764 multa
1247 1721 1375 1765 tura
1422 1705 1647 1765 dedisse
1691 1727 1889 1785 prece,

388 1811 520 1871 Non
566 1825 630 1870 ut
667 1813 969 1872 marmorei
1016 1813 1309 1895 prodirem
1355 1836 1383 1872 e
1423 1812 1618 1872 limine
1660 1811 1818 1884 tecti,

476 1920 727 1999 Insignis
771 1920 923 1980 clara
969 1922 1427 2004 conspicuusque
1473 1921 1676 1994 domo,

356 2026 521 2087 5Aut
563 2043 627 2087 ut
665 2027 843 2088 multa
886 2029 999 2088 mei
1040 2044 1379 2089 renovarent
1419 2029 1618 2108 iugera
1658 2026 1808 2087 tauri

477 2135 550 2194 Et
588 2158 826 2215 magnas
871 2159 1082 2196 messes
1123 2151 1273 2197 terra
1314 2136 1566 2216 benigna
1612 2135 1798 2206 daret,

392 2242 509 2302 Sed
552 2257 738 2303 tecum
783 2259 846 2303 ut
887 2243 1092 2324 longae
1136 2245 1412 2304 sociarem
1460 2243 1671 2324 gaudia
1714 2242 1859 2302 vitae

479 2352 660 2433 Inque
703 2366 801 2411 tuo
846 2352 1073 2412 caderet
1114 2367 1310 2412 nostra
1353 2367 1579 2412 senecta
1619 2350 1750 2411 sinu

396 2460 562 2519 Tunc
607 2483 732 2519 cum
781 2484 1083 2543 permenso
1127 2461 1430 2522 defunctus
1474 2475 1729 2542 tempore
1771 2455 1917 2520 lucis

330 2581 390 2626 10
486 2568 691 2628 Nudus
735 2569 982 2629 Lethaea
1029 2592 1265 2649 cogerer
1308 2569 1390 2628 ire
1435 2569 1597 2628 rate?

389 2675 535 2736 Nam
575 2700 743 2756 grave
780 2676 920 2759 quid
956 2676 1192 2758 prodest
1226 2676 1456 2758 pondus
1494 2674 1636 2734 mihi
1675 2672 1862 2732 divitis
1899 2671 2041 2744 auri,

478 2788 745 2868 Arvaque
790 2784 839 2844 si
884 2783 1108 2843 findant
1147 2783 1387 2866 pinguia
1427 2781 1578 2843 mille
1621 2781 1837 2841 boves?

398 2891 624 2972 Quidve
671 2893 874 2954 domus
920 2893 1155 2976 prodest
1190 2891 1462 2978 Ph1ygiis
1506 2891 1702 2950 innixa
1740 2887 2042 2965 columniS,

484 3002 742 3061 Taenare
786 3002 900 3062 sive
943 3002 1085 3075 tuiS,
1136 3002 1251 3062 sive
1293 3002 1526 3087 Caryste
1572 2999 1713 3073 tuis,

451 3176 507 3219 V.
525 3178 598 3219 24.
641 3175 848 3218 Meliores
881 3174 1054 3229 quidem
1094 3174 1239 3229 dives,
1282 3175 1359 3219 sed
1395 3175 1476 3219 hoc
1506 3173 1636 3218 modo
1672 3170 1922 3229 praecessit.

451 3258 507 3301 V.
527 3261 570 3301 9.
613 3270 915 3314 permenso
951 3258 1125 3313 optimi,
1163 3262 1298 3301 recte.
1359 3258 1506 3314 Vulgo
1533 3267 1824 3314 praemensae
1853 3251 1953 3296 inde
1983 3250 2039 3294 ab

332 3339 463 3384 Amo
495 3342 628 3384 1502.
665 3339 779 3396 quod
815 3340 1002 3396 explosit
1035 3338 1314 3384 Huscmuus.
