2086 3756
812 242 1114 296 TIBULLI.
1698 261 1825 293 XLIX

119 406 244 442 vero
283 388 326 439 si
363 386 571 452 credas,
610 386 756 456 quod
791 390 948 453 vulgo
986 388 1142 439 statui
1178 385 1360 450 videO,
1398 387 1610 438 nonnisi
1645 386 1821 438 libidi-

117 505 239 537 nem
277 506 306 537 a
341 497 496 554 poeta
530 487 584 536 in
623 486 941 535 hoc'amore
977 495 1273 552 spectatam,
1308 485 1476 552 qualis
1511 486 1687 534 nullus
1723 486 1824 535 suit

118 600 266 633 amor
302 582 516 632 Tibulli.
590 577 757 641 Quam
798 581 978 632 suavia
1013 582 1141 632 haec
1178 583 1342 634 verba
1376 581 1441 646 II,
1467 587 1516 645 3,
1547 587 1577 631 5
1605 598 1749 649 sqq.:

259 674 306 728 Ο
335 691 444 740 ego,
482 691 599 724 cum
636 672 954 741 adspicerem
979 673 1259 740 dominam,
1297 695 1456 745 quam
1483 678 1691 730 fortiter
1718 677 1821 730 illic

328 770 611 820 Versarem
646 767 825 819 valido
860 769 1053 836 pingue
1091 770 1302 821 bidente
1337 774 1526 837 solum,

254 862 631 932 Agricolaeque
665 863 825 916 modo
865 882 1085 918 curvum
1122 876 1349 917 sectarer
1385 879 1631 933 aratrum,

324 959 472 1008 Dum
509 959 756 1024 subigunt
791 961 987 1011 steriles
1026 978 1150 1013 arva
1189 961 1411 1012 serenda
1446 961 1638 1015 boves!

254 1050 367 1102 Nec
405 1070 682 1121 quererer,
719 1052 865 1122 quod
901 1056 980 1105 sol
1016 1053 1230 1120 graciles
1268 1066 1513 1107 exureret
1548 1063 1718 1122 artuS,‘

324 1147 582 1201 Laederet
619 1159 672 1200 et
698 1159 904 1200 teneras
940 1153 1152 1218 pustula
1186 1161 1343 1218 rupta
1380 1168 1582 1215 manuS,

114 1241 207 1292 ubi
240 1245 327 1294 vel
360 1261 461 1310 pro
498 1243 750 1312 adspectu
784 1257 983 1304 amatae
1019 1245 1164 1300 vides
1202 1250 1414 1299 serviles
1449 1250 1657 1299 labores
1693 1250 1823 1300 tole-

113 1350 354 1391 raturum
387 1350 626 1408 poetam,
683 1351 737 1393 et
770 1344 941 1394 statim
978 1343 1132 1394 etiam
1168 1345 1385 1411 mythici
1423 1343 1674 1410 temporis
1710 1360 1822 1393 mo-

114 1455 199 1489 res
234 1439 485 1505 pulchros
522 1449 819 1505 comparat,
858 1439 953 1489 ubi
988 1441 1180 1506 Apollo
1221 1439 1364 1506 apud
1397 1439 1677 1490 Admetum
1715 1457 1823 1489 ser-

113 1533 303 1585 viebat.
388 1534 453 1583 In
487 1544 634 1584 sexta
667 1551 797 1587 vero
832 1536 996 1601 elegia
1031 1553 1148 1586 cum
1185 1547 1306 1602 post
1353 1537 1590 1603 querelas
1626 1534 1823 1600 gravis-

114 1630 268 1680 simas
301 1631 562 1697 puellam,
609 1629 753 1681 unde
792 1641 872 1682 tot
918 1630 1196 1682 aerumnas
1244 1633 1436 1695 habet,
1486 1641 1726 1695 excusat,
1775 1641 1823 1681 et

113 1725 171 1775 in
212 1726 431 1792 proprio
477 1725 658 1776 dolore
694 1727 924 1778 maximo
971 1745 1026 1778 se
1070 1737 1282 1780 revocat
1319 1737 1488 1776 amata
1529 1744 1595 1776 ne
1634 1725 1823 1789 doleat,

114 1837 375 1888 quaenam
421 1820 695 1887 pulchrior
741 1822 933 1872 amoris
980 1821 1283 1886 significatio
1339 1822 1560 1888 reperiri
1611 1818 1822 1887 potest?

114 1913 219 1966 Sed
251 1916 380 1967 tales
416 1933 570 1968 voces
605 1915 853 1968 idealium
890 1934 1137 1968 sensuum
1176 1936 1294 1969 cum
1331 1920 1520 1981 affer0‚
1552 1917 1824 1968 nihilomi-

115 2028 214 2062 nus
249 2013 416 2079 probe
453 2011 608 2065 video
646 2012 794 2082 quod
828 2023 1095 2080 apertum,
1142 2014 1296 2063 aliam
1333 2029 1443 2063 esse
1484 2013 1642 2062 huius
1680 2027 1825 2063 amo-

43 2131 45 2133 *
113 2109 185 2159 ris
217 2110 504 2172 rationem,
558 2125 718 2177 quam
755 2108 896 2172 eius,
946 2109 1039 2177 qui
1075 2125 1237 2175 supra
1275 2106 1579 2173 descriptus.
1662 2105 1826 2157 Nulla

63 2260 67 2263 ,
113 2204 199 2255 hic
233 2205 418 2255 effecta
466 2213 544 2255 est
579 2206 876 2256 animorum
918 2205 1247 2268 coniuncti0‚
1303 2205 1472 2274 qualis
1507 2204 1607 2254 fuit
1646 2204 1824 2270 priore

115 2309 350 2368 tempore
384 2300 442 2350 in
477 2301 663 2352 Deliae
697 2318 826 2365 usu,
879 2301 971 2353 sed
1016 2302 1296 2368 imperium
1333 2312 1383 2353 et
1420 2302 1690 2353 servitium
1729 2302 1825 2352 ha-

116 2398 271 2447 betur
306 2407 355 2447 et
390 2398 619 2463 superba
654 2395 890 2461 domina,
926 2397 1073 2448 cuius
1109 2399 1286 2450 vultus
1323 2397 1557 2464 placidus
1594 2397 1823 2464 plurimo

114 2492 275 2543 venit.
343 2491 455 2542 Nec
495 2490 560 2542 de
596 2510 743 2544 sacro
784 2491 997 2545 foedere
1043 2493 1102 2543 in
1148 2494 1230 2544 his
1284 2493 1598 2543 carminibus
1641 2493 1824 2559 agitur,

115 2585 258 2655 quod
284 2586 483 2638 laesum
514 2587 795 2637 ulciscatur
819 2587 899 2637 ira
927 2587 1176 2639 deorum:
1215 2588 1452 2639 Nemesis
1478 2590 1657 2655 plures
1685 2607 1825 2640 ama-

113 2692 254 2733 tores
290 2682 469 2745 habet,
506 2699 601 2732 nec
636 2683 868 2749 postulat
903 2682 1148 2733 Tibullus
1185 2693 1245 2733 ut
1283 2692 1421 2734 casta
1456 2700 1510 2733 se
1555 2701 1662 2734 uno
1701 2700 1826 2734 con-

113 2789 258 2831 tenta
292 2779 382 2843 sit,
428 2779 558 2830 felix
589 2780 826 2843 futurus,
874 2779 919 2830 si
953 2778 1112 2831 modo
1150 2796 1260 2830 non
1297 2796 1502 2846 semper
1534 2781 1829 2830 remittatur

118 2886 169 2927 et
201 2892 383 2944 parem
418 2875 599 2926 saltem
638 2892 757 2926 cum
794 2875 906 2925 aliis
952 2875 1187 2927 favorem
1226 2873 1546 2940 experiatur.
1632 2875 1828 2941 Appel-

114 2975 189 3026 lat
228 2973 484 3025 Martialis
532 2971 798 3023 Nemesim
845 2971 1088 3024 lascivam
1139 2971 1285 3035 XIV,
1325 2975 1444 3020 193.
1496 2981 1548 3020 et
1587 2973 1698 3038 ipse
1737 2973 1828 3022 Ti-

117 3069 294 3120 bullus
329 3067 454 3119 dicit
488 3067 552 3130 11,
590 3071 637 3130 6,
671 3070 771 3118 51:

332 3190 832 3203 —————
867 3173 993 3214 tunc
1030 3180 1178 3214 mens
1215 3163 1344 3214 mihi
1381 3163 1582 3230 perdita
1621 3164 1778 3230 fingit,

413 3257 608 3320 Quisve
645 3276 814 3309 meam
852 3268 1023 3309 teneat
1060 3268 1191 3326 quot
1227 3269 1463 3310 tenealvc
1503 3258 1685 3318 modis,

122 3352 295 3419 qualia
331 3345 585 3420 nusquam
621 3354 675 3402 in
706 3353 1022 3404 carminibus
1051 3353 1116 3403 ad
1144 3354 1348 3403 Deliam
1378 3356 1648 3417 leguntur:
1688 3352 1825 3403 unde

1316 3447 1343 3493 «Ι
