2158 3750
1287 147 1308 167 t

718 279 895 331 LIBR.
939 282 975 330 1.
1052 280 1249 332 ELEG.
1286 280 1401 332 VH.
1811 290 1904 334 1:31

212 433 288 463 me
332 424 491 478 optime
532 423 717 480 positum
762 423 888 468 docui
922 426 975 467 ad
1009 426 1041 478 l,
1078 430 1113 478 1,
1144 427 1214 468 34.
1250 449 1307 458 -
1357 423 1631 467 Tarbella
1681 423 1903 478 Pyrene

208 507 308 544 sunt
339 510 506 548 montes
539 506 781 561 Pyrenaei,
825 520 933 562 quos
965 505 1181 559 Tarbelli,
1227 507 1481 561 Aquitaniae
1513 507 1720 563 populus,
1752 520 1902 549 versus

203 584 324 627 littus
358 587 597 642 Aquitanici
629 591 758 632 maris
788 590 1054 633 accolebant.
1125 591 1246 634 Fluit
1277 605 1354 647 per
1387 592 1479 633 illas
1511 590 1711 644 regiones
1743 591 1902 634 Aturus

207 664 522 723 (Ad011r).—
551 671 766 714 Oceani
795 671 1000 714 littora
1033 673 1357 715 Santonici.
1420 675 1649 724 Santones,
1681 674 1763 716 alia
1795 687 1901 729 gens

203 754 454 806 Aquitanica
501 756 722 799 Oceanum
773 757 1015 809 attingens,
1070 761 1267 811 porrecta
1322 758 1433 799 inter
1476 758 1667 812 Ligerim
1723 761 1765 800 et
1808 758 1902 800 Ga·-

202 847 406 880 rumnam.
468 837 607 882 Terra
633 851 747 881 nunc
777 838 1022 898 Saintonge
1054 845 1244 883 vocatur.
1263 862 1318 872 -—
1355 842 1408 882 V.
1429 844 1476 882 ll
1507 854 1570 895 sq.
1603 844 1744 883 Arar
1774 840 1900 884 hodie

202 918 356 972 Sqone.
379 942 437 952 --
467 920 750 963 Garumna
781 926 848 963 est
880 922 1174 965 Garonne.-—
1208 922 1385 976 Liger
1412 935 1522 967 nunc
1558 925 1699 968 Loiee.
1761 924 1903 967 Trans

200 998 324 1041 hunc·
349 1000 546 1056 fluvium,
594 1002 668 1044 ubi
708 1001 798 1045 fere
840 1000 967 1046 hodie
1008 1001 1221 1048 ondans,
1263 1002 1509 1047 habitabant
1552 1003 1788 1047 Carnuti
1833 1005 1898 1048 vel

200 1084 446 1131 Carnutes,
491 1084 560 1128 hic
600 1085 750 1130 flavi
784 1086 888 1131 dicti
920 1101 943 1130 a
977 1090 1127 1132 colore
1159 1089 1443 1145 capillorum,
1485 1095 1534 1132 ut
1565 1090 1635 1132 alii
1670 1090 1811 1143 Galli,
1857 1098 1899 1133 et

186 1166 321 1221 stava
353 1166 506 1209 Gallia
537 1173 604 1212 est
627 1168 888 1213 Cmtmrm.
921 1170 976 1214 de
1007 1169 1120 1214 laud.
1153 1169 1320 1214 Stilich.
1353 1171 1411 1224 Π,
1435 1174 1614 1214 240.-
1648 1172 1895 1223 caerula,

197 1250 237 1294 h.
253 1263 290 1310 e.
317 1265 547 1307 aequorea,
578 1254 639 1296 ait
662 1267 760 1298 cum
785 1255 1054 1298 Scimcssno
1081 1255 1311 1309 Hermus,
1342 1257 1440 1310 quia
1465 1257 1664 1298 Oceanus
1691 1268 1766 1312 per
1789 1257 1896 1298 ostia

195 1333 328 1376 intrat
362 1340 409 1378 et
437 1337 652 1380 aestuaria
683 1336 798 1380 facit.
859 1337 1024 1380 Tamen
1052 1338 1181 1380 etiam
1215 1351 1292 1394 per
1322 1351 1369 1380 se
1403 1336 1517 1380 fluvii
1551 1336 1763 1380 interdum
1797 1350 1896 1380 cae-

197 1416 306 1459 rulei
336 1417 465 1471 dicti,
493 1423 545 1461 ut
575 1433 616 1462 v.
653 1421 724 1462 14.
756 1419 961 1474 Cydnus,
993 1420 1065 1462 ubi
1095 1421 1205 1463 vide.
1269 1421 1407 1463 Porro
1450 1420 1765 1476 oppositionem
1796 1432 1896 1462 sua-

195 1514 290 1546 vem
322 1501 608 1559 epithetorum
638 1503 836 1556 notabis,
870 1510 917 1547 nt
945 1518 1018 1560 ap.
1050 1505 1192 1547 Vina.
1225 1505 1391 1558 Georg.
1424 1504 1500 1555 lV,
1536 1506 1644 1546 1262
1692 1505 1795 1559 Qua
1827 1503 1896 1544 ni-

192 1598 273 1642 ger
300 1584 532 1626 humectat
549 1584 783 1642 flaventia
811 1583 946 1636 culta*
971 1583 1206 1630 Galaesus.
1271 1585 1394 1628 Adde
1426 1586 1509 1628 alia
1541 1590 1684 1628 notata
1719 1600 1743 1628 a
1778 1586 1815 1629 V
1820 1599 1893 1628 os-

194 1679 264 1709 sto
298 1667 400 1710 ibid.
430 1667 485 1710 ad
517 1668 594 1723 IV,
620 1671 726 1712 293.
757 1684 801 1725 p.
831 1673 935 1713 833.
1008 1670 1194 1713 Omnino
1229 1671 1429 1725 quoniam
1463 1683 1594 1726 saepe
1623 1683 1778 1713 moneo
1811 1683 1895 1714 non

195 1761 291 1792 esse
331 1751 470 1805 otiosa
508 1750 700 1808 epitheta
727 1751 782 1794 ·—-in
814 1750 878 1794 his
912 1752 1196 1805 carminibus,
1241 1758 1450 1809 perpetua
1493 1751 1681 1808 epitheta
1730 1753 1770 1796 in
1816 1753 1892 1795 de-

191 1833 424 1887 scriptione
466 1834 657 1877 locorum
701 1847 784 1877 non
830 1836 1046 1887 otiantur,
1091 1835 1167 1878 sed
1210 1837 1326 1878 vivas
1371 1840 1415 1878 et
1445 1835 1669 1879 distinctas
1711 1835 1896 1878 reddunt

191 1928 334 1958 rerum
374 1917 600 1971 imagines.
672 1919 870 1974 Denique
914 1920 956 1962 in
995 1921 1081 1962 fine
1125 1921 1207 1962 loci
1253 1921 1434 1962 observa
1477 1919 1645 1973 legem,
1691 1931 1816 1973 quam
1850 1919 1892 1960 in

190 2002 280 2040 tota
326 1999 647 2043 enumeratione
688 2005 976 2061 secutusstst
1019 2001 1233 2043 Tibullus.
1314 2000 1495 2043 Orditur
1537 2000 1590 2042 ab
1634 1999 1889 2042 occidentali

190 2082 395 2135 termino,
437 2083 682 2136 Pyrenaeis·
718 2089 764 2126 et
805 2084 971 2127 Oceani
1017 2085 1186 2138 littore,
1237 2085 1384 2128 laudat
1417 2085 1572 2127 deinde
1605 2086 1658 2127 ab
1691 2087 1892 2141 opposita

188 2174 310 2223 parte
342 2169 509 2210 Ararim
539 2173 586 2211 et
610 2167 903 2223 Rhodanum,
946 2169 1130 2224 denique
1170 2171 1359 2213 medium
1401 2170 1521 2214 addit
1552 2172 1816 2214 Garumnam
1849 2177 1893 2214 et

189 2263 335 2294 versus
359 2252 693 2307 septentrionem
724 2253 930 2307 Ligerim.
991 2252 1162 2309 Nempe
1192 2253 1531 2310 geographicum
1542 2254 1751 2315 -fflrdiuem
1784 2267 1891 2296 enu-

188 2334 434 2376 merationis
465 2334 603 2376 vitare
636 2334 788 2377 voluit.
851 2336 993 2389 Atque
1037 2333 1140 2378 haec
1187 2333 1404 2379 hactenus.
1468 2337 1733 2379 Monendum
1777 2349 1890 2380 nunc

187 2422 268 2472 est,
298 2418 412 2472 quod
444 2430 575 2473 supra
606 2430 676 2461 me
707 2417 919 2461 facturum
952 2418 1056 2472 dixi,
1100 2419 1154 2462 de
1186 2418 1415 2461 historicis
1447 2420 1589 2463 rebus.
1653 2421 1794 2475 Igitur
1825 2423 1888 2464 vi-

189 2501 315 2544 detur
356 2501 611 2557 Aquitaniae
652 2505 796 2544 motus
835 2513 916 2557 per
953 2513 1152 2556 magnam
1194 2507 1360 2557 partem
1400 2503 1571 2544 Galliae
1614 2504 1888 2558 pertinuisse,

187 2589 231 2626 et
261 2583 466 2627 credibile
497 2589 564 2626 est
604 2584 747 2627 varios
789 2585 976 2641 populos
1018 2585 1073 2628 ad
1119 2586 1272 2629 fluvios
1312 2585 1783 2630 laudatos=habitantes
1815 2589 1885 2631 isti

184 2668 348 2711 foederi
380 2683 428 2711 se
458 2668 720 2729 adiunxisse·
781 2668 878 2712 Hos
909 2682 1058 2712 omnes
1088 2682 1174 2713 nno
1208 2670 1372 2726 proelio
1407 2670 1594 2712 maximo
1622 2670 1677 2712 ad
1707 2671 1886 2713 Atacem

183 2750 339 2793 devicit
370 2751 559 2794 Messala
579 2751 666 2798 ‘die
695 2753 827 2796 natali
849 2766 945 2807 suo,
978 2754 1081 2796 adiit
1116 2759 1256 2797 tamen
1289 2753 1420 2796 credo
1455 2759 1604 2810 postea
1637 2755 1763 2798 etiam
1796 2756 1886 2797 sin·

182 2835 308 2887 gulos
349 2841 394 2878 et.
437 2836 621 2879 subiecit
662 2838 917 2894 pacavitque
959 2839 1072 2892 quod
1119 2839 1358 2896 pacandum
1392 2839 1618 2882 restabat.v
1656 2840 1884 2883 Provincia

184 2918 414 2972 Aquitania
454 2919 507 2962 ad
550 2919 744 2975 Ligerim
787 2926 967 2964 extensa
1011 2927 1088 2966 est.
1152 2923 1227 2966 Sic
1266 2922 1337 2965 ubi
1379 2927 1511 2965 totam
1556 2935 1645 2965 rem
1691 2923 1884 2978 explices

182 3002 382 3044 facillima
427 3003 699 3058 coniectura,
747 3005 934 3048 concidit
979 3007 1127 3050 Vossu
1173 3007 1438 3060 aliorumque
1484 3007 1650 3062 opinio,
1706 3010 1884 3062 propter

183 3086 312 3128 multa
348 3084 415 3130 hic
445 3087 687 3142 significata
718 3089 814 3132 loca
848 3102 931 3132 non
970 3103 1098 3147 posse
1131 3091 1186 3135 de
1218 3071 1300 3132 nnn
1334 3090 1512 3132 victoria
1546 3088 1615 3131 die
1649 3089 1778 3130 natali
1811 3101 1881 3131 re.-

182 3174 350 3223 portata
381 3170 578 3223 cogitari,
611 3177 871 3214 evanescunt
901 3184 1049 3215 omnes
1080 3159 1370 3224 difficultates,
1403 3175 1544 3213 manet
1578 3183 1675 3212 vera
1709 3170 1772 3211 vis
1804 3182 1880 3212 sua

181 3252 336 3295 verbis.
410 3253 518 3296 Cum
563 3261 707 3298 autem
754 3260 881 3311 poeta
925 3262 967 3298 et
1010 3259 1080 3300 isti
1114 3260 1280 3315 proelio
1314 3263 1356 3301 et
1398 3263 1570 3301 ceterae
1614 3255 1879 3312 expeditioni

182 3336 468 3390 interfuisset,
517 3344 728 3383 testantur
762 3340 931 3385 laudata
979 3343 1068 3386 loca
1109 3356 1192 3387 non
1232 3344 1324 3387 sine
1357 3357 1408 3386 eo
1442 3340 1642 3397 triumphi
1677 3340 1878 3383 honorem

182 3422 346 3471 partum
382 3419 605 3463 Messanae.
