2158 3750
453 225 552 270 110
808 211 1160 268 COLLATlO
1205 211 1388 264 LIBR.
1422 215 1461 263 I.
1514 211 1713 263 ELEG.
1743 211 1840 262 IX.

1119 412 1362 478 Eleg.
1444 418 1493 462 9.

732 573 977 618 DILECTI
1018 575 1142 629 pueri
1183 573 1268 618 fid&
1305 573 1456 630 praetIo
1499 574 1744 627 corruptam

737 655 1055 711 CONqueritur
1092 657 1226 699 multa
1265 655 1486 699 deuouens
1525 654 1569 697 in
1609 665 1722 696 eum.

454 780 509 823 V·
539 782 582 824 3.
613 777 668 822 Τ.
699 779 796 823 Ald.
829 779 909 822 Ah
939 806 961 813 -
995 807 1014 814 -
1049 806 1069 814 -
1099 803 1124 812 -
1156 779 1293 823 coelat
1325 804 1380 812 —
1411 779 1496 823 Ed.
1527 777 1628 821 Pin.
1658 777 1729 821 Ha
1757 799 1780 808 -
1810 801 1831 809 -
1861 797 1884 807 -
1914 797 1936 806 -
1965 773 2077 817 celat

542 863 586 903 9.
618 861 672 905 Τ.
705 861 799 904 Ald.
825 869 1035 918 patentza
1066 885 1124 893 ——
1157 862 1243 906 Ed.
1275 862 1376 906 Pin.
1409 862 1601 919 parentia

544 945 616 984 11.
647 942 700 985 Τ.
729 942 827 986 Ald.
851 958 991 999 puer,
1027 951 1079 984 at
1108 945 1235 986 Deus
1264 966 1321 975 —
1351 943 1438 984 Ed.
1467 943 1569 986 Pin.
1602 954 1733 999 puet=
1769 954 1820 985 ac
1850 939 1934 991 de9

546 1027 614 1066 17.
645 1024 698 1067 Τ.
731 1024 826 1066 Ald.
862 1024 1054 1083 quoties,
1085 1049 1144 1058 —
1174 1024 1261 1067 Ecl.
1291 1025 1393 1069 Pin.
1425 1025 1602 1079 quocies

543 1109 617 1149 23.
649 1106 703 1149 T.
733 1106 827 1149 A1d.
862 1106 1047 1148 coelanti
1075 1129 1134 1139 --
1163 1105 1249 1148 Ed.
1280 1105 1382 1151 Pin.
1412 1107 1570 1149 celanti

544 1189 616 1228 24.
650 1186 704 1229 T.
736 1185 833 1232 Ald.
864 1185 936 1227 Sit
971 1188 1119 1239 Deus,
1162 1184 1356 1227 occultos
1396 1184 1474 1244 qui
1513 1191 1644 1226 uetat

646 1265 732 1306 Ed.
763 1267 866 1311 Pin.
909 1268 984 1310 Sic
1025 1267 1132 1311 deus
1171 1268 1339 1311 ocultos
1374 1269 1446 1322 qui
1487 1270 1610 1310 uetet

545 1349 618 1391 25.
649 1347 706 1393 T.
737 1348 833 1391 ΑΜ.
865 1347 959 1390 lene
992 1347 1192 1404 ministro
1224 1373 1281 1382 --
1311 1348 1398 1394 Ed.
1422 1348 1523 1392 Pin.
1555 1350 1665 1391 laena
1693 1347 1888 1391 ministro

546 1432 619 1473 26.
650 1430 706 1473 Τ.
739 1430 834 1472 Ald.
866 1432 910 1471 E
936 1429 1057 1473 deret
1085 1438 1141 1472 ut
1178 1430 1319 1473 multo
1343 1454 1401 1462 —
1433 1430 1519 1475 Ed.
1551 1428 1653 1473 Pin.
1683 1429 1744 1472 Et
1774 1428 1912 1472 decet.
1943 1431 1992 1471 ut
2018 1426 2151 1471 multo

545 1513 619 1555 31.
650 1511 706 1557 Τ.
738 1510 836 1554 Ald.
867 1510 992 1554 nullo
1026 1519 1070 1553 te
1103 1511 1261 1556 diuitis
1290 1537 1350 1544 —
1380 1511 1466 1556 Ed.
1498 1512 1600 1557 Pin.
1631 1513 1750 1555 nullo
1781 1511 1862 1554 tibi
1892 1509 2037 1553 diuitis

544 1596 617 1635 32.
651 1593 706 1639 Τ.
737 1593 834 1638 Ald.
864 1609 951 1635 non
979 1594 1161 1652 gemmis
1197 1617 1250 1628 -
1279 1594 1365 1637 Ed.
1395 1593 1497 1636 Pin.
1529 1606 1613 1636 non
1647 1606 1830 1648 gemlms

545 1679 619 1717 33.
650 1675 704 1718 T.
738 1675 835 1721 Ald.
866 1674 1019 1730 tibist
1042 1674 1240 1732 pretium
1271 1700 1330 1707 —
1360 1676 1445 1719 Ed.
1472 1676 1576 1718 Pin.
1606 1677 1683 1719 tibi
1714 1676 1766 1719 fit
1795 1674 1942 1731 precifi

545 1761 618 1800 37.
649 1757 703 1800 T.
736 1757 833 1800 Ald.
865 1764 917 1797 at
945 1772 1032 1799 non
1059 1780 1119 1789 -—
1150 1756 1236 1801 Ed.
1262 1757 1368 1800 Pin.
1397 1770 1450 1799 ac
1480 1758 1535 1800 ῐιό

544 1841 619 1883 41.
651 1839 706 1883 Τ.
737 1838 836 1883 Ald.
869 1837 1041 1897 quoties
1071 1862 1129 1870 —
1160 1838 1244 1879 Ed.
1272 1838 1375 1883 Pin.
1409 1839 1606 1893 quotiens

546 1923 618 1963 46.
650 1920 706 1965 T.
736 1920 834 1964 Ald.
867 1921 968 1962 Non
990 1927 1194 1977 poteram
1227 1944 1280 1952 —
1314 1920 1400 1965 Ed.
1430 1920 1533 1964 Pin.
1566 1919 1678 1963 Nam
1709 1918 1860 1977 poterfi

546 2003 620 2043 55.
652 2000 708 2043 T.
743 1999 838 2043 Ald.
870 1999 1102 2042 laxauerit
1132 2024 1190 2031 —
1221 2000 1307 2044 Ed.
1337 2000 1438 2044 Pin.
1470 2002 1657 2044 laxuerit

546 2086 619 2124 57.
651 2082 704 2124 Τ.
735 2081 831 2125 Ald.
862 2083 898 2123 S
934 2081 1004 2123 int
1041 2088 1228 2123 externa
1269 2090 1349 2123 tuo
1375 2081 1550 2138 semper
1587 2080 1781 2140 uestigc'a

649 2161 735 2205 Ed.
765 2161 868 2207 Pin.
910 2164 1096 2219 Semper
1126 2164 1206 2206 sint
1239 2168 1417 2206 externa
1446 2169 1523 2207 tuo
1554 2164 1741 2219 uestigia

549 2245 620 2285 63.
652 2243 706 2286 T.
738 2243 833 2286 Ald.
866 2245 898 2284 I
923 2243 988 2284 lla
1007 2252 1155 2301 *queat
1191 2244 1363 2286 nullam
1395 2245 1551 2286 melius

649 2322 735 2364 Ed.
765 2322 869 2369 Pin.
895 2325 977 2367 Ina
1005 2326 1121 2368 nulla
1152 2330 1282 2380 queat
1318 2327 1469 2369 melius

503 2392 506 2395 ’
550 2407 624 2447 64.
654 2405 708 2448 Τ.
742 2405 837 2448 Ald.
868 2405 987 2464 Atq5
1020 2422 1198 2463 operum
1230 2421 1285 2440 —'-
1318 2406 1404 2451 Ed.
1429 2406 1530 2452 Pin.
1564 2408 1651 2450 Aut
1681 2420 1860 2464 operum

551 2491 622 2529 68.
655 2487 709 2529 T·
741 2487 836 2530 Ald.
864 2496 1040 2545 pectere
1069 2513 1129 2520 —-
1158 2489 1243 2532 Ed.
1274 2489 1377 2532 Pin.
1409 2495 1588 2545 pectore

553 2574 626 2613 69.
658 2571 712 2615 T.
743 2571 840 2614 Ald.
873 2574 905 2612 I
928 2571 993 2613 lla
1024 2572 1123 2613 lzoec
1152 2597 1212 2604 --
1242 2572 1326 2617 Ed.
1356 2572 1458 2618 Pin.
1489 2574 1575 2616 Ista
1605 2571 1697 2616 haec

551 2655 626 2696 73.
657 2652 710 2695 Τ.
743 2653 840 2696 Ald.
874 2654 923 2694 N
949 2669 1005 2695 on
1026 2653 1154 2710 facit
1184 2653 1267 2694 lzoc
1297 2653 1433 2706 uitzo,

653 2737 739 2783 Ed.
768 2737 870 2781 Pin.
907 2738 1015 2780 Haec
1046 2739 1149 2781 facit
1177 2737 1258 2781 hoc
1292 2739 1433 2781 uicio:

553 2823 627 2862 75.
659 2820 715 2863 Τ.
746 2819 844 2862 Ald.
877 2817 1086 2860 accubuit
1116 2843 1173 2850 —
1205 2819 1290 2863 Ed.
1319 2820 1420 2863 Pin.
1457 2821 1660 2864 occubuit

553 2903 628 2943 78.
660 2900 714 2942 Τ.
745 2899 842 2942 Ald.
877 2897 1032 2956 oscula
1053 2900 1182 2958 ferre
1214 2925 1271 2932 —
1301 2901 1387 2944 Ed.
1415 2900 1518 2946 Pin.
1550 2902 1724 2946 obscula
1760 2902 1852 2947 fere

556 2984 629 3024 79.
663 2981 714 3025 T.
749 2980 847 3024 Ald.
880 2980 1080 3023 uinctam
1112 3006 1172 3013 —
1201 2982 1289 3025 Ed.
1320 2982 1421 3028 Pin.
1454 2985 1618 3038 uictum
1853 2962 1858 2972 '

557 3066 631 3105 80.
662 3062 718 3106 Τ.
751 3062 847 3105 Ald.
877 3064 941 3103 Et
971 3071 1098 3121 geret
1131 3063 1177 3104 in
1207 3064 1372 3121 gremio
1403 3080 1542 3123 regna

659 3140 745 3188 Ed.
779 3143 879 3187 Pin.
919 3145 980 3188 Et
1016 3147 1129 3201 gerit
1161 3146 1203 3190 in
1233 3160 1370 3202 regno
1403 3161 1537 3202 regna
