2158 3750
333 236 437 283 264
730 230 1199 283 COMMENTAR.
1235 230 1309 280 IN
1347 231 1635 282 TIBULLI

333 374 538 417 aoristum
570 378 753 427 tempus,
786 370 901 413 unde
932 377 1048 412 esset
1079 371 1209 413 scribi
1239 372 1394 427 potuit,
1430 371 1791 426 quemadmodum
1814 374 1856 418 in
1881 388 2032 418 exem·

334 459 409 515 plo
442 472 468 500 a
498 458 878 500 Wunnssnmcmo
921 460 1171 512 comparato
1206 456 1303 498 C1c.
1338 456 1425 499 Off.
1458 455 1493 509 1,
1527 459 1570 510 8,
1600 460 1655 499 3:
1700 455 1872 513 Quibus
1901 457 2034 502 rebus

335 538 544 595 eff'ectum
575 544 643 579 est
683 545 738 578 ut
778 536 963 592 infinita
987 536 1206 592 pecuniae
1237 535 1463 592 cupiditas
1494 544 1624 582 esset.
1686 538 1895 580 Similiter
1927 539 2033 582 ibid.

337 622 431 664 libr.
463 621 521 675 II,
551 635 590 665 c.
624 623 665 665 4.
700 626 838 664 extu:
868 619 1178 678 effectumque,
1212 629 1262 661 ut
1292 628 1408 662 esset
1439 621 1538 663 vita
1569 621 1794 670 munitior,
1826 627 1872 666 et
1891 621 2036 679 Epist.

337 706 393 748 ad
422 705 577 748 Famil.
607 705 641 758 I,
673 708 702 747 7
720 721 731 747 =
789 705 908 746 Nam
941 704 1019 763 qai
1053 704 1162 762 plus
1204 703 1389 760 opibus,
1432 704 1592 752 armis,
1635 704 1842 761 potentia
1871 703 2041 753 valent,

330 786 578 845 profecisse
609 793 790 828 tantam
821 785 930 827 mila·
969 785 1181 828 videntur
1209 785 1415 828 stultitia
1451 794 1496 827 et
1538 785 1846 829 inconstantia
1880 785 2043 829 adver-

339 869 584 916 sariorum,
633 877 687 911 ut
727 868 863 910 etiam
905 868 1183 910 auctoritate
1224 868 1316 910 iam
1351 868 1460 925 plus
1500 868 1719 911 valerent.
1747 891 1809 900 —
1855 869 1946 912 Sed
1987 868 2043 911 de

341 952 593 1007 pronomine
633 949 724 994 hic
765 955 832 993 est
873 963 1029 1005 magna
1059 949 1287 993 dubitatio.
1348 951 1542 994 Vossms
1574 956 1620 995 et
1651 952 1859 995 BAcnms
1888 951 2045 995 Han<-

342 1046 402 1076 811
445 1034 738 1076 coniecturam
780 1032 844 1074 sic
885 1041 1171 1089 receperunt,
1212 1032 1290 1075 sed
1337 1034 1450 1076 male
1495 1034 1657 1077 dictum
1698 1040 1743 1078 et
1784 1035 2045 1078 collocatum

340 1113 530 1173 infamis
561 1113 626 1157 sic
667 1128 731 1171 pr.
772 1115 837 1157 sic
875 1114 1069 1168 infamis,
1116 1119 1166 1156 ut
1209 1115 1391 1167 volunt3
1436 1116 1574 1157 altera
1618 1129 1722 1159 vero
1753 1118 1890 1160 ratio:
1939 1116 2047 1160 haec

343 1211 474 1242 causa
504 1198 609 1241 fecit
639 1204 687 1241 ut
716 1199 780 1241 sic
824 1203 966 1251 esset,
1007 1197 1324 1241 intolerabilem
1370 1198 1664 1253 pleonasmum
1698 1198 1842 1242 habet.
1904 1199 2049 1242 Wun-

347 1294 629 1324 nssnmcmus
661 1285 706 1324 et
741 1280 1037 1333 Huscnmus,
1080 1292 1190 1335 quos
1219 1281 1414 1334 sequitur
1444 1281 1756 1334 Gomssnxus,
1801 1285 2052 1336 comparant

347 1362 421 1404 hic
453 1362 560 1404 deus
590 1376 722 1419 supra
749 1362 808 1416 ll,
838 1365 879 1415 1,
906 1365 979 1405 79.
1012 1366 1057 1404 et
1080 1375 1197 1417 puer
1227 1360 1301 1401 lzic
1331 1362 1570 1406 PRoPssnT.
1594 1362 1630 1416 1,
1651 1367 1696 1416 7,
1723 1367 1792 1406 15.
1823 1364 1912 1406 suis
1943 1365 2051 1408 locis

349 1460 460 1502 quae
491 1448 741 1503 aptissima,
771 1460 914 1501 neque
945 1459 1049 1488 vero
1081 1443 1180 1488 huic
1211 1446 1471 1488 conveniunt
1502 1447 1716 1503 exempla.
1779 1446 1890 1491 Vide
1921 1447 2054 1502 igitur

350 1545 404 1574 an
436 1531 755 1588 oppositionem
794 1531 836 1573 in
869 1531 1011 1573 animo
1044 1529 1242 1573 habuerit
1272 1530 1486 1574 Tibullus,
1547 1530 1689 1572 Dicit:
1738 1529 1841 1573 Heu
1871 1531 2054 1585 quicun-

349 1627 436 1668 que
465 1614 573 1657 deus
602 1614 786 1657 formam
816 1613 938 1656 dedit
967 1627 1122 1657 avarae
1141 1646 1154 1668 ,
1183 1613 1286 1668 quid
1318 1614 1443 1658 fecit!
1507 1613 1621 1656 Hinc
1651 1615 1779 1657 fletus
1815 1619 2054 1659 amatorum

352 1697 463 1750 orti,
507 1696 606 1739 hinc
636 1696 799 1739 factum
830 1701 879 1738 ut
909 1695 983 1736 llic
1012 1696 1146 1749 deus,
1194 1698 1353 1750 Amor,
1399 1696 1568 1739 infamis
1599 1702 1727 1741 esset.
1788 1698 1923 1742 Vides
1953 1698 2056 1753 quid

353 1781 507 1823 velim:
552 1780 634 1823 Ille
677 1779 785 1823 deus
816 1779 932 1823 dono
978 1794 1059 1823 suo
1090 1781 1221 1835 fecit,
1252 1786 1300 1824 ut
1333 1780 1401 1824 hic
1432 1780 1540 1824 deus
1572 1781 1742 1824 infamis
1773 1762 1918 1825 esset.
1964 1783 2057 1824 Du-

353 1863 480 1906 bitari
512 1863 685 1918 quidem
718 1868 862 1919 potest
900 1863 954 1906 de
987 1863 1271 1919 productione
1303 1863 1446 1906 brevis
1489 1863 1684 1917 syllabae
1717 1861 1934 1921 infame-s,
1979 1876 2058 1907 ne-

356 1959 441 2001 que
485 1946 628 1988 omnia
674 1947 874 2002 exempla
919 1944 1045 1988 huius
1087 1947 1289 1988 licentiae
1321 1945 1435 1987 bona
1478 1950 1522 1988 et
1554 1946 1828 1999 incorrupta,
1874 1945 2059 1988 fortasse

357 2034 502 2071 tamen
533 2041 646 2071 nunc
677 2042 772 2071 eam
803 2029 1001 2082 admisit,
1043 2042 1140 2072 cum
1172 2030 1258 2071 vim
1287 2030 1530 2072 sententiae
1559 2029 1770 2071 sustineat
1799 2041 1898 2072 vox.
1971 2031 2060 2072 Ce-

358 2117 499 2155 terum
532 2112 643 2156 conf.
675 2112 710 2166 I,
743 2115 786 2167 4,
816 2115 887 2156 44.
920 2135 978 2143 —-
1026 2113 1078 2157 V.
1111 2116 1170 2155 39
1202 2126 1297 2167 sqq.
1359 2113 1430 2155 At
1468 2112 1591 2155 tibi.
1651 2112 1890 2167 Postquam
1923 2126 2061 2167 gene-

360 2193 507 2236 raliter
547 2193 656 2235 dixit
696 2193 751 2236 de
792 2195 932 2236 causis
973 2195 1176 2236 avaritiae
1222 2199 1267 2236 et
1298 2207 1626 2248 aerumnarum,
1673 2195 1829 2249 quibus
1860 2196 2062 2240 laborant

358 2278 572 2316 amatores
622 2279 666 2316 et
711 2278 963 2317 exsecratus
1007 2279 1074 2316 est
1121 2279 1323 2318 auctores
1368 2276 1600 2329 avaritiae,
1648 2282 1901 2320 exsecratur
1947 2291 2060 2322 nunc

361 2357 609 2414 specialiter
655 2358 788 2414 ipsius
820 2358 1018 2401 Nemesis
1052 2359 1273 2403 avaritiam
1318 2373 1396 2416 per
1435 2359 1736 2414 gradationem
1774 2360 1974 2403 affectus.
2003 2384 2064 2393 —

362 2441 554 2495 pretio
586 2441 813 2494 victos,
845 2454 1068 2484 munerum
1098 2441 1395 2496 magnitudine
1425 2447 1655 2498 superatos
1687 2456 1714 2485 a
1743 2442 1987 2486 ditioribus.
2005 2466 2064 2475 —

362 2522 636 2576 Eripiant
681 2528 883 2566 ventus
926 2528 982 2566 et
1028 2524 1183 2579 ignis
1232 2538 1396 2580 opes,
1451 2525 1650 2568 incendio
1694 2524 1920 2569 deleantur
1960 2538 2068 2582 opes

363 2605 508 2647 alente
540 2610 584 2649 et
623 2607 840 2650 excitante
881 2609 1025 2662 ignem
1056 2614 1200 2652 vento.
1271 2611 1439 2652 Passim
1470 2611 1712 2653 monuimus
1745 2610 2068 2654 exsecrationes
2142 2595 2158 2671 ιζ’

365 2689 556 2742 peccatis
586 2690 928 2745 accommodari,
965 2690 1021 2734 cf.
1051 2690 1107 2733 ad
1138 2691 1173 2744 Ι,
1203 2695 1247 2744 5,
1279 2694 1335 2734 49
1367 2705 1460 2747 sqq.
1494 2697 1539 2735 et
1568 2693 1605 2746 Ι,
1638 2697 1680 2749 6,
1709 2697 1798 2748 533
1842 2694 1906 2738 sic
1936 2693 2068 2736 etiam
2156 2710 2158 2717 ·

365 2783 478 2814 nunc
509 2771 692 2814 avaritia
721 2785 807 2816 non
838 2778 985 2829 potest
1014 2775 1156 2830 aptius
1188 2775 1327 2831 puniri
1359 2789 1487 2830 quam
1518 2777 1680 2832 inopia.
1718 2799 1778 2808 —-
1826 2777 2067 2820 iuvenes

365 2861 640 2910 spectent
685 2857 859 2911 laeti,
902 2857 956 2900 cf.
987 2858 1023 2911 Ι,
1055 2862 1098 2911 6,
1128 2862 1227 2912 81.,
1258 2859 1527 2902 incendia
1559 2865 1680 2914 tua,
1723 2874 1854 2917 opum
1886 2865 2071 2916 tuarum,
2155 2903 2158 2915 ,

363 2937 574 2992 flagrante
604 2937 868 2982 habitatione
909 2943 995 2983 tua.
1057 2939 1123 2981 De
1154 2939 1283 2983 domo
1319 2942 1492 2997 propria
1523 2942 1748 2996 Nemesis,
1795 2956 1923 2998 quam
1953 2943 2072 2987 Vos-
2152 2939 2158 2968 ²¹

368 3033 466 3063 sws
497 3021 634 3064 credit
664 3021 821 3075 fuisse,
853 3028 974 3078 patet
1005 3022 1105 3066 nihil
1137 3023 1233 3068 hinc
1266 3025 1402 3080 sequi.
1436 3050 1498 3058 —
1537 3025 1710 3069 addat
1741 3038 1963 3080 aquam,
1995 3037 2070 3067 so-

366 3102 519 3145 lemnis
551 3103 726 3158 locutio,
757 3108 807 3146 ut
830 3105 958 3147 etiam
984 3107 1187 3150 Vumms
1217 3108 1419 3151 observat
1442 3122 1696 3164 comparans
1722 3109 1860 3152 Ovm.
1883 3107 2070 3151 Remed.

367 3184 535 3226 Amorr.
571 3199 611 3228 v.
644 3189 760 3228 551:
793 3187 879 3227 Est
910 3186 1005 3227 illic
1034 3188 1265 3230 Lethaeus
1293 3189 1457 3236 Amor,
1489 3189 1568 3248 qui
1592 3197 1778 3246 pectora
1806 3195 1958 3235 sanat,
1990 3189 2071 3230 In-

368 3282 452 3325 que
495 3283 605 3311 suas
645 3269 842 3328 gelidam
882 3270 1117 3328 lampadas
1159 3272 1304 3315 addat
1345 3288 1528 3332 aquam.
1587 3274 1727 3330 Epist.
1761 3287 1816 3318 ex
1855 3275 1999 3317 Ponto
2038 3274 2074 3326 l,

366 3356 409 3404 8,
443 3354 525 3395 45:
574 3353 695 3410 Quos
736 3368 816 3412 ego
847 3357 989 3397 nescio
1030 3355 1102 3396 cui
1133 3355 1275 3408 colai,
1320 3354 1479 3414 quibus
1512 3355 1606 3412 ipse
1636 3350 1828 3398 solebam
1858 3356 1942 3399 Ad
1967 3363 2074 3398 sala
