2158 3750
312 270 377 313 30
699 259 1163 314 COMMENTAR.
1202 261 1275 312 ΙΝ
1316 261 1599 313 TIBULLI

312 412 455 449 notam
489 417 614 448 carae
648 403 816 458 puellae
849 406 1147 457 properasset,
1190 402 1356 443 clausas
1389 400 1544 442 vidisse
1586 401 1700 444 sores
1731 407 1774 444 et
1806 403 2006 444 maritum

314 489 571 543 comperisse
604 487 769 537 inesse,
805 484 857 526 de
891 497 972 537 qua
1004 496 1051 526 re
1084 495 1181 526 eum
1213 484 1255 525 in
1289 483 1370 524 hoc
1401 483 1588 525 carmine
1619 483 1773 536 qum-i.-
1814 484 2008 526 Primum

314 571 426 612 enini
459 582 569 610 nova
600 569 743 610 limina
775 571 872 608 sunt
901 567 962 620 (v.
998 567 1123 622 17.),
1164 581 1248 610 non
1281 568 1424 623 priora
1453 567 1628 619 Deliae,
1677 579 1774 609 cum
1803 571 2013 609 nutasset

314 651 574 695 domicilium
605 657 649 693 et
693 650 807 706 apud
849 630 1043 692 maritum
1082 648 1308 692 habitaret.
1372 649 1539 691 Deinde
1569 661 1654 690 non
1683 658 1797 693 nunc
1825 649 2009 704 primum

309 735 519 789 comperit
550 738 723 789 nuptam
757 745 878 786 eam,
920 733 999 779 scd
1029 734 1113 776 iam
1145 735 1230 776 alia
1261 739 1389 776 nocte
1420 736 1521 776 ante
1552 734 1722 775 ianuam
1753 731 1919 786 fuerat,
1964 738 2012 774 ut

308 819 393 870 ait,
441 822 486 860 et
525 817 811 872 suspenderat
850 823 988 872 serta,
1037 825 1081 861 et
1123 820 1166 861 ni
1207 819 1333 860 fallor
1373 819 1457 859 iam
1500 817 1675 872 saepius
1716 813 1785 858 hic
1815 819 2010 858 steterat.

310 899 435 941 Unde
466 898 586 941 vides
617 898 678 941 ita
708 899 851 955 potius
879 900 1153 954 cogitandam
1179 914 1283 953 rem,
1314 904 1362 941 ut
1393 911 1480 953 ego
1511 898 1617 940 dixi.
1675 896 1739 940 Et
1763 894 1890 940 hodie
1915 898 2012 950 qui-

307 980 405 1023 dem
438 986 612 1024 venerat
641 981 803 1034 aditum
834 995 1026 1038 sperans.
1090 981 1243 1036 Neque
1275 982 1388 1024 enim
1422 980 1669 1036 asperitatis
1698 983 1773 1021 aut
1803 976 2011 1034 perfidiae

307 1063 495 1118 puellam
525 1067 725 1116 accusat,
765 1063 841 1106 sed
883 1063 1090 1106 audaciae
1121 1076 1174 1105 ea
1203 1062 1392 1105 nondum
1424 1064 1528 1105 satis
1558 1061 1689 1104 habet
1717 1060 1774 1104 ad
1804 1059 2013 1113 fallendos

306 1147 521 1190 custodes.
582 1148 865 1201 Perspicuum
911 1153 977 1188 est
1017 1160 1072 1188 ex
1115 1145 1179 1196 liis
1219 1158 1305 1199 quo
1346 1151 1543 1201 tempore
1585 1147 1794 1201 scriptum
1837 1157 2012 1188 carmen

307 1242 519 1271 censeam.
582 1229 780 1272 Hiemem
812 1230 945 1272 fuisse
986 1234 1105 1285 patet
1136 1243 1161 1272 e
1190 1242 1326 1274 verss,
1355 1233 1431 1271 31.
1460 1232 1543 1272 32:
1607 1231 1708 1270 Non
1739 1228 1847 1270 mihi
1873 1229 2009 1286 pigra

304 1318 461 1352 nocent
492 1309 701 1353 hibernae
723 1311 910 1369 frigora
942 1310 1099 1364 noctis,
1132 1326 1218 1352 non
1249 1310 1357 1352 mihi
1390 1326 1488 1352 cum
1516 1310 1663 1352 multa
1689 1309 1852 1352 decidit
1875 1309 2014 1351 imber

307 1409 444 1452 aqua.
505 1397 648 1449 Atque
680 1394 819 1438 hieme
850 1409 948 1438 ann.
982 1398 1201 1438 724-725.
1234 1396 1350 1438 facta
1381 1395 1580 1438 videntur
1611 1408 1689 1448 ea,
1729 1407 1840 1449 quae
1871 1394 2013 1448 elegia

306 1482 453 1534 quinta
493 1482 799 1526 memorantur.
860 1481 956 1523 Nec
997 1494 1151 1524 vereor
1189 1487 1237 1523 ut
1276 1480 1458 1524 hiemem
1502 1493 1598 1524 ann.
1630 1483 1846 1523 726-727.
1888 1481 2012 1534 cogi—

306 1564 479 1607 tandam
513 1564 690 1606 censeas
720 1569 764 1606 et
794 1569 959 1607 tantum
992 1564 1260 1606 intervallum
1291 1577 1426 1619 ponas
1452 1564 1563 1605 inter
1592 1563 1782 1617 quintam
1809 1567 1854 1604 et
1879 1561 2013 1614 hanc;

307 1651 429 1688 erant
461 1651 549 1687 tum
580 1646 725 1701 potius
767 1647 916 1688 ultima
957 1651 1154 1701 tempora
1194 1644 1319 1687 huius
1362 1646 1546 1698 amoris,
1588 1645 1790 1700 quicum
1821 1643 2014 1687 Messala

305 1743 402 1771 ann.
436 1732 540 1774 727.
570 1728 731 1771 rediret
765 1742 820 1771 ex
852 1731 1046 1782 Oriente,
1082 1731 1225 1772 finitus
1257 1730 1390 1772 fuisse
1421 1729 1604 1781 videtur,
1635 1740 1718 1772 nec
1747 1733 2011 1771 memoratur

307 1813 490 1867 amplius
533 1812 575 1852 in
619 1812 806 1854 carmine
847 1814 1045 1868 septimo.
1127 1814 1274 1858 Quare
1306 1816 1441 1854 restat
1471 1816 1520 1853 ut
1553 1809 1736 1853 hiemem
1760 1823 1864 1854 ann.
1896 1814 2011 1853 725-

306 1897 409 1938 726.
457 1894 773 1948 intelligamus,
823 1895 940 1948 quod
989 1895 1169 1949 egregie
1217 1894 1417 1936 convenit
1465 1907 1561 1936 cum
1604 1893 1761 1936 ceteris
1801 1892 2012 1943 omnibus,
2064 1950 2070 1956 ,
2142 1879 2146 1938 s

307 1991 417 2032 quae
460 1978 782 2034 disputavimus
845 1981 987 2021 Unum
1031 1984 1181 2022 restat.
1244 1979 1414 2021 Mentio
1454 1980 1503 2020 fit
1539 1977 1608 2021 hic
1639 1978 1741 2020 belli
1773 1978 1815 2020 in
1844 1978 2010 2031 Cilicia,

308 2060 387 2103 sed
428 2061 558 2102 etiam
596 2059 703 2103 haec
744 2074 813 2103 res
855 2061 1153 2103 difficultatem
1194 2061 1355 2102 nullam
1395 2059 1550 2112 habet3
1597 2073 1695 2102 cum
1726 2059 1918 2107 Messala
1955 2059 2011 2102 ab

306 2150 537 2187 auctumno
591 2158 686 2188 ann.
734 2149 951 2188 724-727.
1003 2145 1226 2188 Orientem
1272 2149 1574 2202 componeret,
1620 2144 1742 2187 vides
1787 2157 1873 2188 nou
1916 2157 2028 2188 esse.

308 2241 385 2270 cur
413 2229 526 2270 circa
557 2233 752 2283 tempora
784 2229 953 2281 elegiae
982 2227 1027 2270 id
1057 2232 1228 2281 gestum
1260 2241 1481 2282 negemus.
1541 2227 1661 2270 Satis
1691 2226 1746 2269 de
1776 2225 1842 2268 his
1867 2226 2012 2279 rebus,

306 2310 525 2352 veniamus
555 2310 611 2352 ad
642 2311 738 2354 alia.
813 2312 996 2354 Carmen
1041 2314 1460 2368 παρακλαι,ισι’θυρο·ν
1504 2317 1596 2363 est,
1640 2316 1691 2353 ut
1728 2310 1919 2364 videtur,
1967 2316 2012 2354 et

306 2397 406 2435 ante
434 2394 602 2436 ianuam
628 2395 799 2448 puellae
829 2395 1006 2448 fingitur
1036 2399 1412 2448 cantatum;‚nam
1443 2407 1482 2437 v.
1506 2397 1550 2438 9.
1581 2406 1668 2436 non
1698 2393 1882 2436 obscure
1910 2398 2012 2437 ante

308 2475 478 2516 ianuam
510 2481 695 2518 stantem
727 2477 871 2531 prodit
902 2481 1032 2530 atque
1062 2478 1194 2518 etiam
1227 2477 1300 2519 alii
1342 2477 1426 2519 loci
1467 2477 1511 2519 id
1554 2476 1736 2520 suadent
1767 2481 1816 2520 ut
1843 2463 2012 2520 statua-

308 2563 394 2600 tur.
456 2559 649 2601 Vossws
693 2559 799 2603 dicit
831 2567 1003 2616 poetam
1033 2563 1075 2604 in
1108 2562 1304 2604 convivio
1333 2567 1543 2604 nocturno
1574 2562 1807 2604 amicorum
1838 2561 2014 2613 versari,

309 2640 362 2682 ad
396 2640 512 2694 quod
546 2641 702 2691 credo,
744 2645 967 2686 exclusum
998 2644 1128 2687 domo
1159 2657 1207 2687 se
1238 2644 1412 2698 videns,
1441 2645 1518 2687 ivit
1549 2651 1623 2687 aut
1654 2644 1806 2697 rediit,
1835 2642 2012 2686 hausto·-

308 2737 391 2777 que
436 2725 571 2766 multo
613 2726 711 2767 vino
754 2726 921 2769 ebrium
956 2727 1091 2769 videri
1131 2726 1213 2768 sibi
1254 2731 1370 2769 stare
1400 2731 1500 2769 ante
1529 2727 1699 2768 ianuam
1726 2726 1892 2769 Deliae.
1962 2726 2013 2768 In

308 2819 394 2859 quo
426 2807 624 2862 displicet
654 2810 948 2861 maximopere
989 2811 1265 2866 pronuntiata
1306 2810 1350 2852 in
1390 2810 1574 2853 convivii
1612 2811 1710 2852 loco
1748 2811 1892 2865 elegia
1918 2815 2013 2854 tota

309 2890 363 2931 ad
395 2890 562 2933 Deliam
593 2892 783 2944 directa,
827 2893 1027 2948 displicet
1057 2894 1244 2937 ebrietas
1274 2899 1394 2937 tanta
1424 2899 1472 2936 ut
1503 2896 1546 2936 in
1578 2893 1775 2937 convivio
1814 2906 1912 2936 cum
1941 2893 2012 2947 sit,

306 2978 407 3015 ante
448 2975 618 3028 puellae
660 2974 833 3016 domum
875 2976 956 3017 sibi
998 2976 1197 3019 videatur
1238 2990 1347 3019 esse.
1423 2977 1561 3019 Immo
1592 2981 1681 3020 stat
1710 2980 1810 3019 ante
1840 2977 2013 3031 puellae

311 3055 428 3098 fores
471 3057 587 3111 ipsas
629 3069 770 3110 neque
814 3058 1032 3111 abscedit,
1075 3065 1119 3101 et
1159 3060 1340 3115 primum
1385 3060 1514 3102 etiam
1555 3059 1779 3114 quiescere
1817 3058 1878 3100 ibi
1907 3058 2013 3111 vult,

307 3153 391 3181 non
428 3146 574 3195 potest
603 3154 732 3195 vero,
765 3143 841 3185 sed
874 3143 1016 3187 denuo
1047 3145 1100 3187 ad
1134 3159 1287 3200 preces
1318 3146 1607 3188 convertitur:
1654 3143 1761 3187 haec
1790 3143 1916 3186 nobis
1943 3145 2013 3186 vi-

307 3222 434 3265 detur
454 3223 574 3265 fictio
599 3226 770 3279 poetica
794 3227 970 3270 carmini
995 3229 1206 3272 subiecta.
1266 3229 1502 3273 Videamus
1522 3241 1636 3271 nunc
1659 3239 1830 3270 carmen
1857 3227 2011 3282 ipsum.

306 3302 650 3347 Fundamentum
692 3313 759 3349 est
801 3309 956 3351 ardens
988 3311 1198 3367 cupiditas
1240 3313 1475 3368 potiundae
1507 3311 1675 3367 puellae
1705 3315 1798 3354 toto
1831 3313 2011 3364 pectore

308 3391 488 3431 amatae.
553 3389 765 3432 Caruerat
797 3398 937 3446 poeta,
971 3399 1017 3436 ut
1048 3395 1256 3448 vidimus,
1294 3409 1371 3450 per
1402 3397 1499 3438 anni
1532 3403 1701 3450 tempus
1731 3395 1882 3438 Deliae
1917 3406 2009 3447 usu,

2145 2635 2158 2736 *um
