2086 3756
164 225 255 258 cxc
849 208 944 257 DE
987 203 1187 259 POESI

166 364 362 399 aureae⁴
402 349 580 399 aetatis
627 345 938 398 felicitatem.
1023 345 1211 398 Verba·
1249 342 1522 395 transitum
1563 326 1863 412 propiorem

164 443 367 492 nullum
412 443 637 500 habent:
690 439 780 490 sed
823 439 939 508 quis
985 441 1126 491 hunc
1171 434 1585 491 desideraverit?
1674 437 1866 488 Similis

163 553 247 585 res
290 538 341 600 Ι,
379 539 439 600 4,
479 542 563 587 57.
637 535 859 585 Dixerat
909 543 1029 585 ante
1075 532 1344 602 quomodo
1390 531 1868 584 lnonestis2·artibus

164 631 404 697 obsequii
441 631 681 680 vincatur
715 646 878 696 puer3
931 647 1070 679 nunc
1111 627 1178 678 ad
1218 627 1516 695 oppositum
1559 625 1870 691 cogitatione

165 724 307 774 venit
348 734 398 774 et
435 724 705 776 avaritiam
752 741 967 791 pravam
1008 739 1296 790 puerorum
1339 719 1652 773 hodiernam
1693 719 1872 789 queri-

163 827 281 879 tur,
353 834 460 885 quo
519 817 653 867 nihil
710 819 871 883 magis
928 827 1358 868 consentaneum&
1459 814 1642 867 Verba
1696 824 1872 864 autem

164 911 472 977 abruptiora
518 922 641 962 sunt
657 949 672 976 ,
736 923 890 979 atque
938 912 1010 962 ita
1058 909 1307 964 convenit
1327 926 1333 929 ·
1352 907 1751 972 exclamation&
1816 905 1871 958 id

163 1002 310 1070 quod
343 1007 450 1056 iam
486 1015 605 1057 ante
643 1016 824 1057 notare
863 1016 1127 1073 poteram,
1172 1015 1332 1075 atque
1365 1003 1556 1057 iterum
1591 1019 1872 1069 cognoscas

162 1099 216 1163 Ῑ,
256 1103 317 1163 9,
354 1105 442 1152 57.
494 1100 588 1151 ubi
639 1101 695 1151 in
746 1100 1111 1165 obiurgatione
1161 1118 1302 1153 nova
1356 1117 1478 1166 pars
1527 1114 1706 1150 rerum
1754 1091 1910 1158 effi*

163 1194 541 1245 exclamatione
585 1194 813 1244 infertur
849 1195 973 1245 satis
1009 1193 1252 1259 graviter.
1320 1193 1611 1245 Veniamus
1651 1190 1719 1243 ad
1755 1178 1898 1246 {We

164 1288 255 1338 Est
305 1289 538 1353 egregius
583 1289 729 1339 locus
776 1289 829 1352 Ι,
865 1293 928 1354 2,
967 1293 1053 1341 35.
1137 1286 1383 1342 Ostendit
1425 1294 1584 1379 Psseta
1615 1286 1746 1338 mic·
1781 1286 1876 1339 tri·-

163 1383 356 1447 partito
412 1393 644 1434 amantes
694 1383 750 1432 in
802 1384 964 1434 tutela
1010 1383 1237 1435 Veneris
1288 1400 1429 1447 esse,
1496 1391 1550 1434 et
1595 1390 1876 1450 postquam

165 1477 395 1542 primum
451 1477 515 1528 de
570 1478 767 1528 artibus
820 1478 1028 1530 furtivis
1077 1477 1219 1529 domi
1274 1477 1438 1542 dixit,
1499 1486 1614 1528 tum
1662 1475 1727 1526 de
1777 1476 1877 1527 viis

165 1572 470 1636 nocturnis,
531 1582 796 1638 postremo
847 1582 1027 1622 monet
1080 1572 1235 1623 etiam
1283 1570 1579 1638 proditores
1627 1571 1876 1638 loquaces

166 1684 197 1716 a
237 1668 450 1718 Venere
498 1667 743 1733 punitum
788 1667 870 1717 iri.
955 1667 1142 1718 Nexus
1188 1668 1348 1732 igitur
1395 1669 1623 1734 partium
1674 1667 1875 1729 clarus;

164 1759 258 1811 sed
303 1762 488 1811 ultima
537 1761 758 1827 abrupte
806 1761 1075 1827 praeclara
1117 1778 1234 1813 cum
1274 1762 1330 1813 vi
1376 1779 1473 1828 per
1521 1762 1877 1828 apostrophen

164 1856 496 1921 inferuntur,
561 1872 679 1906 cum
745 1853 846 1906 dici
905 1866 1083 1923 posset
1140 1855 1314 1907 minus
1373 1869 1627 1908 nervose:
1698 1853 1877 1917 Quare

165 1951 323 2000 etiam
370 1967 438 2000 ne
488 1949 606 2018 quis
653 1947 875 2016 prodat!
960 1948 1065 2000 Sed
1111 1959 1233 2001 sunt
1282 1951 1439 2000 etiam
1488 1949 1590 2002 alia
1638 1950 1905 2018 exemplu·

163 2044 222 2094 in
279 2042 465 2095 eodem
519 2043 747 2095 carmine
799 2061 852 2095 v.
880 2048 966 2096 67.
1013 2053 1066 2095 et
1101 2049 1188 2096 81.
1288 2044 1541 2111 Depingit
1593 2045 1670 2096 ibi
1721 2055 1879 2113 poeta

163 2140 333 2189 tribus
385 2137 513 2190 locis
565 2137 980 2203 magnitudinem
1033 2148 1085 2190 et
1138 2141 1481 2191 constantiam
1535 2141 1727 2193 amoris
1779 2140 1880 2205 sui,

166 2233 259 2299 qui
304 2231 497 2298 optime
545 2242 736 2283 coeunt
779 2233 836 2282 in
886 2250 1046 2283 unam
1094 2250 1351 2284 summam
1391 2236 1719 2286 sententiam.
1802 2236 1880 2288 Ac

164 2336 447 2394 postquam
491 2323 623 2376 dixit
671 2325 919 2377 restitisse
971 2343 1028 2378 se
1073 2327 1407 2381 exstinctioni
1454 2329 1647 2380 amoris
1689 2347 1719 2380 a
1759 2348 1879 2398 saga

163 2423 483 2487 promissae,
541 2420 774 2488 primum
823 2419 1051 2472 ostendit
1098 2423 1341 2490 opposita
1383 2422 1562 2478 rivalis
1610 2423 1879 2478 cuiusdam

164 2515 375 2568 levitate
436 2532 491 2566 se
549 2518 635 2567 vel
703 2525 1066 2582 paupertatem
1126 2518 1352 2568 libenter
1413 2521 1762 2570 toleraturum
1822 2521 1879 2571 in

164 2610 352 2660 Deliae
403 2627 530 2673 usu3
589 2608 682 2659 ubi
739 2627 857 2658 cum
906 2608 1009 2659 dici
1062 2620 1268 2676 posset:
1335 2610 1474 2662 Nam
1522 2613 1611 2664 ille
1665 2613 1882 2682 quidem

165 2706 372 2756 ferreus
421 2704 522 2755 fuit
572 2713 699 2766 cet.‚
759 2713 955 2770 quanto
1004 2704 1279 2756 nervosius
1325 2705 1437 2757 sine
1486 2709 1578 2758 tali
1625 2708 1880 2775 particula

165 2801 396 2850 infertur
431 2796 713 2864 oppositio·
783 2795 992 2848 Deinde
1033 2815 1061 2847 a
1100 2816 1152 2850 v.
1177 2803 1261 2849 81.
1298 2799 1399 2851 hoc
1438 2800 1540 2866 agit
1577 2812 1636 2854 ut
1670 2805 1716 2854 si
1751 2801 1881 2872 quid

167 2892 421 2943 meruerit
478 2901 529 2941 et
582 2891 878 2942 irascantur
930 2890 1035 2955 dii,
1110 2893 1264 2943 etiam
1325 2895 1630 2961 expiatoriis
1689 2897 1880 2949 ritibus

168 2985 459 3038 durissimis
493 2983 781 3036 subeundis
820 2996 1063 3052 paratum
1101 3004 1156 3037 se
1195 2987 1460 3053 ostendat,
1511 2992 1719 3042 nullum
1754 3008 1879 3058 sup-

165 3082 383 3150 plicium
411 3090 749 3132 recusaturus
780 3097 879 3146 pro
904 3080 1088 3131 Deliae
1118 3098 1236 3132 usu.
1307 3080 1413 3144 Qui
1439 3084 1585 3135 locus
1617 3097 1879 3138 crescente

170 3193 289 3229 cum
341 3174 564 3238 affectu,
629 3184 688 3224 ut
739 3192 837 3240 par
889 3184 996 3238 est,
1061 3176 1308 3228 infertur.
1411 3177 1615 3246 Nempe
1669 3198 1879 3232 carmen

170 3265 712 3341 παρακλαυσίθυρον
771 3278 877 3332 est,
956 3269 1127 3337 qualia
1194 3279 1314 3321 ante
1380 3270 1592 3323 ianuam
1650 3275 1878 3326 clausam

2079 2593 2086 2611 —
2074 2542 2077 2545 Δ
2071 2519 2083 2539 ¹.
2055 2404 2081 2516 sam-⁸⁴1*
