2158 3750
623 242 807 294 LIBR.
844 244 910 295 ΙΙ.
982 242 1186 294 ELEG.
1222 243 1316 294 ΙΙΙ.
1711 243 1816 291 249

120 387 282 441 inquit,
317 401 401 430 non
442 389 528 431 erIs
567 387 635 432 his
676 389 856 442 similis;
899 388 978 432 tibi
1019 388 1198 444 frugalis
1239 401 1378 432 coena
1415 388 1584 444 placeat
1616 385 1816 429 fictilibus

122 472 236 512 vasis
280 473 494 527 apposita.
567 472 659 516 Sed
700 471 812 514 heu!
857 485 944 514 non
985 472 1184 514 assentiri
1215 470 1432 513 Nemesim
1469 470 1613 513 sentit.
1675 470 1824 514 Quare

120 552 204 594 iam
236 558 401 596 mutata
431 554 644 597 sententia
673 553 810 596 tristis
838 547 1006 608 pergit:
1048 550 1157 605 heu,
1189 551 1295 595 heu!
1328 551 1530 594 divitibus
1559 534 1823 594 amatoribus

78 615 93 631 ⁸
122 634 250 677 video
292 636 486 690 gaudere
530 639 724 693 puellas,
769 635 810 680 h.
842 649 882 679 e.
926 635 1035 689 heu,
1082 637 1207 678 video
1251 637 1379 679 etiam
1422 636 1586 691 puellas
1629 635 1826 677 laborare

124 721 338 762 communi
367 721 530 763 saeculi
561 721 728 764 morbo.
789 720 966 774 Iamque
1011 720 1106 775 ipse
1137 721 1281 772 etiam,
1312 725 1360 761 ut
1390 720 1572 771 videtur,
1606 731 1658 761 eo
1687 716 1826 760 addu-

122 802 234 844 citur
263 808 313 846 ut
343 805 516 860 cupiat,
555 815 662 857 quas
694 805 1008 853 contemserat,
1050 813 1158 856 opes
1189 813 1246 843 ex
1278 801 1442 842 militia.
1505 800 1600 853 Age
1632 801 1717 843 iam
1747 811 1828 841 ve-

123 882 263 936 niant,
304 884 392 936 ait,
432 883 620 939 praedae
651 883 781 925 etiam
813 880 941 934 mihi,
982 881 1083 924 volo
1125 886 1171 924 et
1202 882 1296 937 ipse
1327 882 1510 923 militare
1541 887 1586 924 et
1616 881 1828 937 praedari,

122 969 172 1006 ut
202 970 344 1007 vestes
385 966 596 1020 pretiosas
637 964 837 1007 Nemesis
873 976 970 1006 mea
1011 961 1169 1005 habeat
1200 969 1246 1006 et
1276 968 1423 1006 cetera
1455 960 1610 1006 omnia*
1631 963 1827 1005 luxuriae

122 1047 252 1091 hodie
290 1054 496 1105 usurpata
537 1062 713 1103 genera.
775 1048 866 1092 Sed
911 1048 1160 1091 observabit
1202 1049 1342 1091 lector
1386 1048 1489 1103 quid
1529 1053 1631 1102 agat
1672 1053 1830 1104 poeta3

125 1144 210 1175 non
251 1132 367 1175 serio
404 1133 596 1187 loquitur
626 1130 710 1174 hoc
752 1131 874 1186 qnasi
905 1131 1098 1174 facturus
1129 1143 1306 1183 revera,
1352 1130 1431 1173 sed
1467 1131 1629 1172 ironice
1661 1135 1706 1172 et
1736 1143 1832 1172 sar-

123 1218 311 1270 castice,
341 1217 702 1272 quemadmodum
734 1217 864 1259 etiam
896 1216 1040 1259 exitus
1070 1215 1156 1259 loci
1187 1216 1372 1259 acerbus
1404 1215 1460 1258 de
1491 1216 1611 1258 rivali
1642 1216 1828 1271 pessimo

124 1300 365 1344 luculenter
386 1301 556 1356 probat.
616 1301 878 1354 Sarcastice,
909 1301 1062 1354 inquiS‚
1094 1301 1167 1355 qui
1200 1305 1428 1356 tantopere
1459 1307 1573 1342 amat
1605 1300 1830 1355 puellam?

61 1382 66 1387 ¹
128 1383 330 1428 Quidni?
387 1385 439 1427 In
480 1384 676 1438 sequenti
714 1385 904 1427 carmine
945 1384 1075 1426 etiam
1118 1385 1318 1438 graviora
1360 1384 1476 1426 dicet
1518 1385 1560 1426 in
1593 1383 1830 1435 Nemesim,

127 1480 256 1521 qnam
296 1467 423 1510 simul
463 1467 677 1521 significat
717 1465 1016 1507 ardentissime
1051 1465 1133 1507 sibi
1164 1470 1362 1507 amatam.
1425 1466 1542 1507 Satis
1575 1465 1665 1507 noti
1695 1464 1739 1507 hi
1770 1465 1837 1506 af-

127 1549 268 1592 fectus
295 1550 340 1592 in
370 1563 534 1603 amore,
562 1550 798 1592 fluctuante
826 1548 871 1591 in
903 1549 1042 1592 varias
1071 1553 1235 1605 partes.
1298 1550 1444 1602 Atque
1478 1547 1583 1590 haec
1613 1547 1836 1591 hactenus.

127 1632 220 1675 Tot
247 1633 378 1676 verba
408 1632 725 1689 praemittenda
753 1630 930 1675 fuerunt
958 1631 1014 1674 de
1044 1631 1214 1674 duobus
1247 1630 1453 1674 distichis.
1528 1632 1683 1686 Neque
1727 1645 1832 1676 vero

129 1716 275 1770 dices,
304 1730 461 1772 spero,
502 1717 698 1760 intulisse
727 1729 807 1760 nos
837 1729 950 1772 quae
979 1729 1067 1759 non
1101 1716 1259 1769 insint,
1307 1721 1352 1758 at
1384 1720 1513 1772 poeta
1544 1715 1728 1758 fortasse
1759 1714 1838 1757 tibi

132 1800 351 1843 videbitur
390 1800 565 1844 brevius
604 1801 780 1844 dixisse.
841 1802 987 1855 Atque
1018 1798 1100 1843 hoc
1130 1800 1282 1855 negari
1312 1800 1385 1842 vix
1418 1803 1574 1856 potest.
1636 1800 1752 1842 Satis
1785 1799 1840 1843 de

132 1883 211 1927 his.
244 1906 303 1915 —-
343 1885 399 1930 V.
429 1887 504 1928 4⁷.
536 1888 609 1929 48.
670 1886 740 1928 At
769 1885 879 1928 tibi
910 1887 1066 1934 laeta
1097 1883 1335 1927 trahant
1366 1897 1460 1938 sqq.
1522 1883 1589 1926 Ad
1622 1883 1843 1926 Nemesim

134 1964 240 2007 haec
282 1967 413 2009 verba
455 1967 551 2010 fieri
586 1972 784 2024 apertum
815 1967 884 2009 vel
926 1980 982 2009 ex
1012 1966 1214 2022 sequenti
1245 1965 1443 2008 disticho.
1506 1967 1584 2008 Sic
1615 1966 1649 2018 I,
1682 1970 1725 2019 8,
1755 1970 1814 2008 27
1830 1982 1842 2009 2

51 2111 55 2115 Ι
133 2051 228 2091 Nec
257 2059 310 2092 tu
342 2051 397 2093 de
434 2049 628 2105 Pholoe,
671 2063 785 2106 quae
823 2064 865 2095 v.
905 2054 980 2094 69.
1026 2050 1202 2093 demum
1243 2050 1500 2092 nominatur.
1561 2050 1668 2092 Vult
1698 2052 1843 2091 autem

134 2146 247 2176 nunc
291 2132 399 2177 hoca
445 2135 517 2177 Tu
546 2148 651 2178 vero
683 2136 824 2178 aliena
868 2147 944 2188 es,
985 2135 1170 2191 opinor,
1217 2148 1244 2176 a
1288 2133 1532 2176 divitiarum
1567 2137 1612 2175 et
1650 2132 1847 2175 luxuriae

71 2241 75 2244 -
133 2231 304 2271 amore,
345 2218 507 2261 saeculi
536 2219 673 2260 nostri
702 2218 867 2260 morbo.
931 2217 1042 2259 Cum
1073 2222 1219 2260 autem
1258 2217 1302 2258 in
1346 2215 1621 2258 antecedenti
1664 2213 1847 2256 disticho

134 2301 318 2356 piscinas
358 2304 640 2343 memorasset
677 2303 724 2342 et
764 2299 895 2353 gulae
935 2298 1112 2351 vitium,
1159 2298 1388 2339 commodo
1432 2298 1617 2339 transitu
1647 2310 1761 2339 nunc
1792 2296 1847 2338 de

137 2383 426 2425 conviviorum
458 2382 707 2438 frugalitate
737 2381 866 2435 dicit,
912 2382 976 2424 sic
1007 2395 1088 2437 pro
1120 2381 1382 2436 generaliori
1414 2381 1634 2423 sententia
1675 2380 1847 2436 specia-

137 2464 221 2506 lem
252 2463 517 2507 substituens
549 2463 743 2517 formam,
774 2462 832 2506 cf.
862 2461 918 2504 ad
949 2462 984 2515 1,
1014 2465 1058 2515 3,
1086 2465 1159 2505 33.
1223 2462 1475 2505 Mensarum
1507 2463 1739 2516 luxuriam,
1769 2463 1845 2517 ait,

138 2550 185 2588 et
213 2559 315 2588 vasa
346 2551 579 2600 argentea,
621 2546 817 2602 patinas,
859 2545 1005 2587 lances
1034 2544 1116 2587 sibi
1147 2543 1355 2598 habeant,
1401 2545 1474 2599 qui
1508 2545 1712 2602 praedam
1745 2559 1852 2590 con-

137 2635 372 2683 sectantur,
414 2635 463 2672 ut
494 2630 662 2673 vnum
695 2628 840 2671 verbis
870 2633 982 2681 utar,
1014 2634 1062 2670 tu
1094 2628 1317 2671 nobiscum
1351 2628 1510 2682 frugali
1544 2629 1741 2677 convivio
1774 2628 1854 2671 de-

137 2712 324 2755 lecteris.
385 2710 636 2754 Interfuisse
667 2711 835 2767 puellas
868 2710 1076 2753 conviviis
1109 2713 1342 2753 amantium
1373 2712 1554 2754 vidimus
1577 2712 1612 2764 I,
1636 2715 1680 2765 5,
1705 2715 1854 2757 65.—

139 2794 397 2847 trahant‚
443 2792 485 2836 h.
518 2807 556 2837 e.
600 2792 745 2837 trahas
775 2794 889 2836 laeta
923 2793 1124 2836 convivia
1156 2794 1283 2836 testis
1315 2798 1398 2836 etc.
1461 2793 1658 2837 Vidimus
1689 2793 1744 2837 de
1772 2793 1855 2837 hoc

140 2878 436 2932 similibusque
466 2877 608 2920 verbis
639 2877 695 2919 ad
724 2876 761 2930 1,
791 2879 834 2930 4,
866 2879 910 2920 5.
972 2877 1019 2919 ln
1053 2875 1223 2919 'malam
1269 2882 1436 2932 partem
1470 2875 1587 2919 dicta
1618 2889 1731 2931 vox,
1776 2876 1854 2920 sed

143 2959 464 3004 constructione
508 2958 659 3001 eadem
701 2958 876 3001 Saxae.
908 2957 1088 3000 Hercul.
1132 2959 1232 3000 Oet.
1268 2961 1380 3001 647:
1432 2958 1676 3018 vigilesque
1709 2958 1857 3001 trahit

136 3057 349 3101 purpura
390 3047 557 3083 noctes.
586 3063 646 3072 —
697 3040 788 3084 Sed
830 3039 1122 3094 frugalitatem
1155 3042 1445 3084 conviviorum
1480 3047 1609 3098 poeta
1642 3042 1856 3086 Samiis

142 3126 319 3170 testis
347 3123 546 3178 designat
576 3128 621 3166 et
652 3122 861 3165 Cumanis
891 3122 1029 3166 vasis.
1092 3125 1155 3167 Ac
1176 3124 1332 3166 Samia
1356 3139 1468 3166 vasa
1491 3125 1667 3181 fictilia
1690 3139 1858 3169 memo·-

145 3214 293 3252 rantur
322 3207 378 3251 ab
420 3212 598 3251 auctore
634 3206 1015 3250 Rnssmomcoauu
1050 3221 1111 3250 An
1144 3208 1440 3252 Hssnmsmum
1469 3209 1548 3262 lv,
1579 3212 1663 3251 512
1707 3207 1860 3251 Aedes

150 3289 430 3338 commodavi,
458 3289 694 3348 familiam
726 3289 840 3334 «ledi,
876 3299 1113 3348 argentum
1143 3307 1318 3351 quoque
1347 3291 1485 3334 vult?
1551 3291 1748 3334 'scunt-tsi
1778 3291 1858 3333 lzo-

149 3374 289 3429 spites
322 3372 460 3416 liabeo
494 3382 643 3417 tamen
677 3381 842 3416 utatur
874 3373 975 3417 lice!
995 3403 1006 3423 ,
1043 3392 1123 3420 nos
1155 3376 1318 3420 Samiis
1353 3374 1682 3420 delectabimur.
1744 3375 1804 3418 Et
1835 3389 1860 3418 a
