2086 3756
240 233 336 263 (τως
513 222 517 226 ’
912 205 1011 260 DE
1047 207 1248 262 POESI

241 366 328 407 aut
361 356 622 423 Propertii
661 354 793 404 illud
836 355 885 415 Ι,
923 358 994 418 3,·
1020 357 1086 403 21
1119 368 1233 458 sqq.
1306 351 1370 401 Et
1402 350 1540 399 modo
1579 361 1636 401 ut
1677 342 1768 413 14‘,
1809 354 1858 398 3.
1883 349 1935 399 4.

239 450 542 502 suavissime
580 449 892 514 repetentis:

316 563 319 565 ’
383 544 449 594 Et
483 542 640 592 modo
679 541 959 592 solvebam
981 528 1157 590 nostra
1190 536 1259 588 de
1300 538 1474 587 fronte
1511 537 1743 586 corollas-²
1780 563 1781 566 =

453 637 827 702 Ponebamque
864 635 991 698 tuis,
1030 626 1294 700 Cynthia,
1350 631 1704 697 tempo-ribus,
1738 665 1745 669 -
1793 643 1797 651 ¹
1828 658 1829 662 =

385 730 451 780 Et
483 729 640 780 modo
679 730 967 795 gaudebam
1001 731 1174 796 lapsos
1214 731 1441 777 formare
1479 727 1725 791 capillos,

459 823 614 874 Nunc
651 825 847 874 furtiva
883 825 1020 875 cavis
1057 841 1226 889 poma.
1252 821 1439 871 dabam
1461 821 1737 872 .manibus.

241 920 366 968 Tale
414 936 574 986 porro
623 920 722 969 hoc
769 931 846 969 est
892 917 1321 984 epanacliploseos
1368 916 1668 982 exemplum
1709 910 1942 978 dulcissi-

241 1030 383 1062 mum
423 1013 563 1079 apud
598 1014 889 1069 Homerum
935 1015 996 1063 ΙΙ.
1022 1013 1210 1073 XXII,
1248 1015 1379 1060 127:
1433 1070 1438 1074 .

351 1099 480 1166 Οὐ
507 1105 617 1173 μέν
647 1125 786 1167 πως
794 1124 900 1160 νυν
927 1108 1080 1158 ἔστιν
1109 1099 1240 1162 ἀπὸ
1258 1096 1416 1172 δρυὸς
1440 1093 1563 1155 οὐδ’
1593 1090 1704 1156 ἀπὸ
1737 1095 1941 1170 πέτοης

392 1199 483 1252 Τῶ
530 1192 910 1274 ὅαριζέιιεναι,
968 1193 1068 1249 ἅτε
1117 1195 1419 1269 παρθένος
1455 1174 1654 1262 ἦΐθεός
1694 1212 1829 1277 τε,

268 1356 272 1358 ,
386 1291 694 1367 Παρθένος
740 1283 938 1370 ἠΐθεός
977 1282 1023 1342 τ’
1070 1281 1354 1360 ὀαρίζετον
1400 1279 1746 1358 ἄλληλοιὶζνν

243 1386 346 1438 Sed
383 1387 647 1453 pertinent
682 1387 783 1434 huc
818 1386 1072 1455 imprimis
1108 1385 1285 1459 etiam
1299 1381 1656 1448 artificIOSiora
1688 1353 1944 1455 quaedam

241 1500 434 1547 genera
472 1482 527 1530 in
573 1479 1024 1558 antecedentibus,
1076 1481 1169 1530 ubi
1213 1456 1385 1528 locum
1429 1494 1536 1527 non
1560 1452 1943 1555 habebant,a
1906 1493 1943 1530 ,Aa

242 1595 325 1627 me
376 1575 613 1627 nondum
660 1585 961 1626 memorata.
1006 1573 1119 1655 Sic
1156 1573 1464 1640 Propertius
1499 1573 1553 1642 Ι,
1589 1576 1687 1654 21,
1721 1575 1789 1620 26
1815 1587 1944 1642 5(1(1.

244 1669 365 1720 dicit
409 1670 741 1721 suavissime:
1462 1722 1465 1726 ¹

455 1763 609 1813 Hunc
648 1777 807 1828 super
844 1770 894 1810 et
930 1755 1114 1822 Zetes,
1146 1757 1306 1808 hunc
1344 1774 1505 1824 super
1544 1766 1596 1807 et
1632 1755 1800 1806 Calais

385 1854 578 1909 Oscula
613 1855 876 1926 suspensis
913 1854 1178 1904 instabant
1221 1863 1432 1928 carpere
1454 1837 1710 1918 palmis,
1815 1861 1819 1870 “

457 1949 664 2002 Oscula
686 1961 737 1999 et
772 1951 972 1999 alterna
999 1949 1146 1998 ferre
1176 1948 1374 2023 supina
1408 1956 1588 1997 manu.
1725 1927 1729 1931 Α

239 2045 351 2097 Nec
391 2045 562 2094 minus
601 2034 856 2108 elegantes
906 2047 1028 2093 Sunt
1062 2053 1332 2109 protaseos
1381 2052 1430 2092 et
1478 1963 1783 2108 apotios'eos’
1805 2015 1947 2090 com-

241 2140 530 2209 positiones
560 2141 714 2203 taleS,
749 2137 814 2201 ΙΙ,
857 2143 939 2200 18,
983 2142 1069 2188 11;
1892 2133 1896 2139 ’

381 2230 523 2283 Cum
561 2232 659 2282 tibi
697 2250 790 2282 nec
813 2222 1014 2295 frater,
1052 2244 1148 2280 nec
1188 2230 1254 2279 sit
1288 2229 1385 2278 tibi
1419 2224 1556 2278 filius
1589 2229 1754 2293 ullus,
1789 2206 1794 2212 .

453 2327 642 2378 Frater
677 2343 771 2392 ego
811 2320 862 2375 et
896 2325 995 2375 tibi
1030 2315 1127 2376 sim
1163 2324 1299 2374 filius
1338 2340 1476 2374 unus
1502 2335 1623 2387 ego.
1671 2336 1674 2339 ’

243 2416 330 2471 aut'
363 2422 430 2486 II,
468 2426 515 2483 3,
556 2421 656 2471 43:

352 2500 514 2567 Sive
540 2517 683 2566 illam
729 2495 997 2579 Hesperiis
1042 2513 1150 2563 sive
1188 2510 1350 2561 illam
1371 2507 1607 2560 ostendet
1638 2504 1789 2573 Eois,

454 2598 587 2658 Uret
623 2619 673 2658 et
709 2600 877 2669 EooS,
929 2616 1044 2654 uret
1083 2616 1133 2655 et
1170 2584 1470 2677 Hesperios.

241 2688 398 2769 Apud
429 2701 714 2781 Tibullum,
750 2700 911 2750 cuius
934 2699 1110 2765 poesis
1135 2699 1302 2748 aliena
1342 2716 1370 2746 a
1404 2674 1631 2748 lusibus
1633 2692 1728 2748 etsi
1759 2695 1944 2750 iucun-

244 2795 338 2862 dis,
369 2797 500 2845 nihil
525 2804 600 2845 est
626 2812 692 2844 ex
712 2804 823 2843 toto
842 2794 943 2843 hoc
969 2803 1155 2857 genere
1182 2793 1283 2841 nisi
1303 2806 1471 2841 unum
1490 2792 1600 2842 hoc
1611 2791 1702 2856 IV,
1717 2797 1767 2856 2,
1784 2797 1829 2844 9.
1851 2797 1944 2845 10:

379 2874 490 2940 Seu
531 2890 688 2940 solvit
723 2889 912 2950 crines,
949 2888 1079 2939 fusis
1113 2885 1257 2936 decet
1294 2903 1402 2936 esse
1440 2887 1666 2952 capillis:
1713 2890 1718 2899 '

452 2985 557 3036 Seu
595 2985 843 3049 compsit,
891 2982 1113 3048 'comptis
1150 2993 1227 3031 est
1260 2980 1560 3032 veneranda
1596 2982 1783 3040 comis,

240 3079 335 3128 ubi
386 3089 558 3128 tamen
607 3079 807 3126 fallitur
843 3077 1144 3149 Huschkius
1189 3076 1315 3138 fudit
1347 3094 1430 3142 pr.
1466 3078 1593 3126 solvit
1633 3076 1944 3141 coniiciens;

242 3189 414 3240 neque
467 3172 606 3220 enim
652 3170 771 3220 data
808 3173 983 3236 -op'era
1038 3171 1242 3237 quaerit
1288 3173 1462 3220 ‘lusum
1501 3155 1657 3236 poeta
1706 3182 1945 3222 accurata

241 3266 583 3333 responsione
635 3265 942 3330 verborum,
1003 3264 1093 3315 secl
1140 3265 1301 3329 tangit
1355 3274 1553 3315 tantum
1587 3245 1790 3317 'leviter
1842 3267 1942 3318 hoc
