2158 3750
334 264 436 312 386
726 256 1200 311 COMMENTAR.
1235 257 1312 309 IN
1349 257 1639 310 TIBULLI

334 408 474 457 amat,
521 407 643 446 erant
682 406 826 444 autem
867 402 940 444 illa
981 401 1152 444 nomina
1196 404 1237 444 in
1281 400 1501 446 rhetorum
1546 404 1702 448 scholis
1735 407 2044 452 celeberrima.⁴

333 487 421 530 Sed
453 486 642 528 adulatio
673 486 804 527 nimia
845 485 1072 528 manifesto
1104 486 1439 542 deprehenditur
1470 501 1569 531 mox
1609 485 1651 531 in
1683 491 1780 533 loco
1810 492 1876 534 de·
1899 494 2030 535 silen-

333 573 394 612 tio
426 583 567 611 rerum
605 575 812 622 naturae,
844 585 929 624 quo
960 571 1030 614 die
1061 563 1357 625 magistratum
1390 573 1531 614 inierit
1563 573 1774 626 Messala,
1809 574 1883 628 qui
1913 575 2030 616 eius-

331 652 446 694 modi
478 659 543 695 est
574 659 621 695 ut
652 653 868 708 Principi,
900 652 1018 695 orbis
1049 659 1259 695 terrarum
1294 655 1566 708 imperatori,
1598 655 1856 697 celebrando
1888 657 2030 710 aptior

327 739 382 780 sit
414 750 540 791 quam
573 737 646 777 alii
687 736 785 778 duci
823 737 926 778 licet
968 737 1175 789 egregio,
1217 740 1346 789 atque
1389 737 1519 779 etiam
1561 737 1605 778 in
1645 738 1858 792 Principis
1899 737 2027 781 laude

326 820 429 861 talia
461 819 698 861 adulatoria
730 819 860 862 dicas.
921 820 1031 862 Illud
1065 821 1124 862 ibi
1156 821 1250 862 aliis
1281 834 1455 875 quoque
1483 821 1715 876 displicuit,
1740 821 1855 875 quod
1884 822 2025 877 ipsum

325 903 469 946 Iovem
504 905 725 958 Optimum
759 903 998 945 Maximum
1040 902 1094 945 ad
1136 902 1243 945 haec
1285 916 1410 946 sacra
1452 915 1508 945 ex
1541 904 1730 959 Olympo
1763 903 2026 946 descendere

324 987 428 1028 facit
467 993 616 1029 contra
659 1001 796 1030 usum.
860 987 1099 1030 Considera
1130 1001 1242 1030 nunc
1278 1001 1408 1043 porro
1447 1001 1613 1030 mecum
1658 988 1909 1042 sequentia,
1951 987 2024 1030 ubi

321 1071 376 1113 de
407 1072 549 1113 sutura
581 1072 753 1113 militari
784 1072 921 1126 gloria
953 1073 1169 1115 Messalae
1200 1073 1343 1125 agitur
1373 1086 1411 1114 v.
1443 1075 1528 1114 137
1559 1085 1650 1125 sqq.
1712 1070 1874 1113 lterum
1906 1069 2018 1112 enim

320 1154 508 1206 loquitur
538 1155 601 1196 sic
638 1153 692 1196 de
725 1153 804 1196 hoc
839 1155 930 1196 viro
975 1159 1127 1209 poeta,
1173 1159 1223 1195 ut
1266 1155 1375 1195 alius
1411 1153 1465 1196 de
1498 1155 1685 1196 Caesare
1716 1160 1791 1196 aut
1823 1155 2020 1208 Augusto

321 1237 437 1290 loqui
468 1238 706 1294 potuisset,
751 1239 821 1280 cui
863 1239 996 1281 totius
1039 1240 1208 1294 imperii
1250 1241 1403 1292 copiae
1445 1240 1668 1294 parebant.
1739 1237 1834 1280 Nec
1874 1239 2020 1281 Gallia

317 1332 398 1361 nec
441 1319 672 1374 Hispania,
721 1300 805 1373 ait,
851 1334 931 1363 nec
977 1321 1122 1363 Africa
1155 1326 1198 1363 et
1230 1325 1455 1377 Aegyptus
1495 1326 1539 1365 et
1571 1322 1673 1364 Asia
1711 1322 1767 1364 ad
1798 1323 2020 1366 Oceanum

318 1415 454 1456 usque
498 1403 671 1444 resistet
715 1403 957 1456 Messalae,
1005 1405 1128 1457 quasi
1179 1405 1442 1447 Octavianus
1490 1407 1711 1460 ceterique
1755 1406 1847 1448 eius
1889 1406 2021 1450 duces

314 1487 433 1528 nullo
465 1499 643 1528 numero
675 1488 787 1540 sint,
829 1486 907 1529 sed
938 1499 1051 1529 unus
1082 1487 1223 1529 omnia
1256 1492 1458 1541 gesturus
1488 1488 1545 1529 sit
1585 1488 1774 1530 Messala
1815 1489 2020 1543 solusque

315 1570 554 1613 domiturus
597 1571 756 1614 orbem.
831 1571 895 1613 Ac
926 1584 980 1613 ne
1019 1570 1083 1613 his
1115 1572 1285 1626 quidem
1325 1578 1549 1615 contentus
1593 1585 1723 1627 porro
1754 1585 1910 1615 zonam
1940 1586 2020 1614 au-

312 1654 487 1695 stralem
534 1653 653 1694 addit
704 1653 1000 1708 praedicitque
1050 1654 1265 1696 Messalae
1318 1656 1446 1697 etiam
1494 1654 1619 1697 huius
1665 1655 2013 1707 debellationem,

312 1737 441 1790 quale
479 1743 767 1779 commentum
800 1739 895 1792 quis
929 1740 1038 1782 alius
1070 1740 1351 1796 proposuerit
1382 1738 1462 1781 nisi
1504 1739 1667 1794 pariter
1707 1735 1880 1795 ineptus
1919 1739 2014 1781 lau-

310 1817 472 1860 dator?
532 1819 619 1861 Hic
662 1825 806 1862 autem
847 1825 895 1862 ut
926 1823 1056 1874 longe
1090 1822 1263 1864 excedit
1294 1822 1466 1863 modum
1500 1823 1541 1864 in
1574 1821 1710 1864 laudis
1743 1823 2014 1874 tractatione,

310 1899 372 1940 ita
408 1901 537 1942 etiam
569 1901 641 1941 ubi
675 1902 716 1943 in
749 1903 868 1944 exitu
905 1903 1102 1945 carminis
1134 1905 1303 1958 penitus
1336 1903 1552 1947 addictum
1587 1905 1800 1947 Messalae
1830 1919 1879 1948 se
1910 1919 2013 1961 pro·-

307 1984 475 2036 fitetur,
508 1974 688 2026 ridicula
720 1985 965 2028 adulatione
997 1990 1168 2041 peccat.
1230 1986 1342 2028 Nam
1375 2000 1416 2029 v.
1446 1990 1530 2028 193
1562 2000 1654 2041 sqq.
1686 1987 1814 2030 dicit=
1845 1989 1935 2029 Pro
1966 1996 2011 2028 te

306 2065 380 2106 vel
402 2066 586 2122 rapidas
618 2067 764 2109 ausim
796 2068 933 2110 maris
961 2068 1026 2109 ire
1055 2083 1133 2124 per
1166 2068 1322 2114 undas,
1355 2068 1575 2111 Adversis
1601 2067 1785 2110 hiberna
1808 2067 1913 2109 licet
1937 2076 2014 2109 tu-

306 2158 457 2192 meant
480 2150 614 2208 freta
647 2152 805 2199 ventis,
835 2153 927 2194 Pro
962 2159 1006 2193 te
1034 2151 1105 2193 vel
1136 2151 1432 2194 densis-..solus
1465 2151 1704 2194 subsistere
1735 2154 1895 2195 tarmis
1933 2153 2016 2197 Vel

302 2245 494 2287 parvum
531 2234 758 2275 Aetnaeae
794 2249 954 2291 corpus
987 2235 1254 2277 committere
1273 2237 1480 2291 flamma,
1513 2241 1557 2278 et
1585 2237 1630 2278 in
1660 2238 1758 2290 fine,
1790 2250 1876 2279 non
1906 2239 2012 2281 satis

302 2311 463 2356 habens
506 2316 590 2357 iam
632 2320 732 2358 ante
774 2330 854 2372 per
895 2322 1030 2359 totam
1071 2316 1179 2360 hanc
1221 2318 1350 2360 vitam
1383 2332 1431 2360 se
1472 2331 1747 2362 consecrasse
1778 2319 2008 2375 Messalae,

303 2403 348 2440 et
391 2398 545 2441 iterum
589 2401 829 2455 iterumque
872 2403 1120 2457 promisisse
1165 2402 1336 2444 laudem
1379 2406 1423 2444 et
1464 2403 1653 2446 carmina
1697 2410 1895 2456 sua‚²v.
1929 2407 2001 2446 17.

299 2482 359 2521 24
391 2493 499 2534 sqq„
534 2485 636 2523 191.
673 2486 778 2526 203.
821 2482 874 2524 ad
915 2482 1161 2536 fastidium,
1209 2483 1395 2538 denique
1436 2497 1490 2527 eo
1534 2498 1671 2539 usque
1713 2472 1910 2546 proyedit
1940 2491 2001 2540 ut,

303 2564 429 2605 etiam
471 2565 542 2606 ubi
585 2569 684 2620 post
712 2571 893 2610 mortem
928 2582 984 2610 ex
1017 2568 1276 2621 migratione
1309 2569 1449 2611 anima
1478 2569 1521 2611 in
1554 2567 1779 2612 humanam
1795 2554 2007 2612 {laturam

298 2647 500 2700 redierit,
548 2651 796 2692 continuare
840 2654 944 2694 velit
988 2653 1183 2707 inceptas
1228 2652 1390 2694 laudes.
1454 2651 1536 2694 Cui
1581 2664 1744 2705 quaeso
1787 2652 1860 2693 aiii
1901 2652 2004 2694 talia

298 2720 521 2773 venerunt‘
541 2733 583 2774 in
615 2734 837 2776 mentem?
900 2737 1043 2788 Atque
1079 2735 1185 2776 haec
1217 2734 1390 2788 quidem
1425 2734 1478 2776 de
1510 2734 1770 2778 adulatione.
1799 2755 1858 2764 ·--
1888 2733 2003 2777 Ter-

297 2815 359 2856 tio
404 2815 502 2857 loco
551 2817 635 2859 alia
682 2819 925 2871 colligimus
972 2817 1309 2874 reprehensione
1356 2818 1500 2873 digna.
1577 2817 1698 2859 Talis
1742 2820 1810 2859 est
1855 2814 2004 2858 malus

293 2911 403 2938 usas
437 2897 690 2947 doctrinae,
731 2906 780 2942 ut
821 2901 934 2955 quod
967 2914 1005 2943 v.
1039 2905 1066 2943 9
1099 2915 1191 2956 sqq.
1238 2901 1344 2943 deos
1390 2914 1523 2955 parva
1565 2912 1743 2942 munera
1785 2910 1992 2954 respuere

294 2979 424 3033 longe
448 2980 595 3035 petitis
625 2982 836 3036 exemplis
868 2981 1172 3036 mythologicis
1209 2983 1388 3037 probat,
1422 2982 1539 3036 quod
1571 2996 1638 3024 vv.
1667 2985 1739 3024 79.
1769 2985 1843 3025 80.
1875 2982 1996 3024 litem

293 3047 519 3104 doctorum
550 3063 688 3117 tangit
723 3050 776 3105 de
808 3064 1024 3106 erroribus
1054 3066 1248 3118 Ulyssis,
1285 3069 1429 3106 utrum
1464 3065 1505 3105 in
1536 3065 1643 3105 mari
1676 3062 1994 3106 mediterraneo

292 3155 346 3183 an
390 3144 431 3184 in
477 3144 654 3187 Oceano
695 3145 911 3187 Atlantico
956 3145 1140 3198 fuerint,
1191 3146 1307 3199 quod
1339 3160 1379 3189 v.
1413 3148 1514 3187 199.
1547 3145 1996 3220 Gylippum'Sparta-

291 3235 391 3264 num
425 3231 733 3267 commemorat
771 3227 845 3267 ubi
886 3239 970 3268 non
1016 3231 1273 3282 exspectes,
1321 3227 1506 3281 denique
1550 3225 1665 3280 quod
1705 3218 1995 3279 digressiones

291 3304 396 3346 duas
438 3306 654 3359 longiores
694 3307 875 3349 adscivit
918 3312 1092 3349 ornatus
1138 3308 1252 3349 inani
1292 3309 1450 3350 studio.
1513 3307 1625 3349 Nam
1655 3306 1729 3348 ubi
1763 3307 1991 3349 Messalam

290 3389 418 3430 etiam
447 3389 496 3431 in'
523 3391 657 3432 altero
689 3390 792 3432 orbe
827 3391 1040 3434 celebrem
1075 3391 1177 3433 dicit
1207 3391 1424 3443 futurum,
1457 3390 1553 3432 data
1586 3401 1717 3444 opera
1752 3393 1889 3430 totum
1924 3389 1988 3428 lo-
