2158 3750
629 223 814 278 LIBR.
849 224 942 277 111.
992 221 1216 288 ELEG.
1252 222 1343 276 lv,
1414 222 1483 274 V.
1800 229 1903 276 359

198 361 338 404 landa
367 362 500 422 milii,
545 369 613 408 est
649 370 752 411 ante
781 365 893 410 alios
922 364 1044 426 deos.
1076 387 1131 396 —
1186 363 1359 420 Isque
1398 366 1590 421 pater,
1639 374 1746 419 quo
1790 375 1896 409 non

198 444 352 488 alter
391 446 729 513 amabilior,
771 448 978 504 languida
1022 447 1206 507 phrasis.
1236 472 1295 482 —
1345 447 1399 492 in
1441 447 1643 506 melius
1690 452 1896 493 vertat.

198 529 415 574 Moscnus
454 532 637 576 collatus
671 533 733 576 -ab
774 532 996 577 Hanno:
1041 527 1155 592 α’λᾲά
1184 548 1259 582 μοι
1290 531 1350 580 εἷς
1381 527 1555 587 ἀγαθὼ·
1583 526 1772 590 μάκαρες
1804 535 1898 589 ²¹91?-

198 629 309 655 mm
341 610 516 674 ἷίνειρον.
575 615 739 660 Notum
785 617 914 673 etiam
960 618 1180 661 Graecum
1211 617 1277 660 ἐπὶ
1310 612 1361 659 τὰ
1389 619 1560 672 βέλτιον
1589 617 1756 678 τρέπειν
1790 617 1898 661 Anxa

198 708 418 741 sromun.
449 697 563 754 Nub.
596 701 702 742 590.
736 720 794 732 -

787 1640 1300 1698 INTRODUGTIO.

190 1844 265 1920 P
265 1875 367 1914 oeta
395 1872 586 1926 graviter
622 1875 855 1934 aegrotans
893 1883 950 1916 ex
996 1871 1105 1916 febri
1142 1871 1292 1915 scribit
1333 1869 1443 1914 lianc
1473 1870 1658 1926 elegiam
1693 1871 1748 1915 ad
1779 1874 1890 1914 ami—

186 1965 288 2007 cos,
319 1954 395 2009 qui
422 1954 468 1996 in
498 1951 686 2002 thermas
716 1952 920 2002 Etruriae
950 1951 1162 1996 abierant.
1229 1953 1446 2006 Queritur
1475 1964 1524 1995 se
1554 1951 1599 1995 in
1629 1952 1782 1995 mortis
1814 1966 1892 2008 pe-

187 2037 323 2081 riculo
366 2036 553 2090 versari,
598 2039 643 2079 et
686 2038 892 2091 precatur
934 2034 1123 2090 primum
1162 2034 1470 2090 Proserpinam
1495 2037 1564 2098 *ut
1603 2033 1687 2076 sibi
1730 2038 1892 2090 parcat,

185 2120 259 2174 qui
288 2132 371 2163 nec
400 2118 609 2163 meruerit
638 2121 825 2170 mortem
854 2116 984 2160 factis
1021 2115 1223 2160 nefandis
1253 2116 1451 2162 verbisve
1483 2115 1651 2172 impiis,
1695 2120 1740 2158 et
1771 2117 1892 2160 iux-ea

185 2201 252 2244 nis
295 2200 435 2245 adhuc
482 2202 540 2244 sit
581 2200 768 2244 necdum
814 2201 1023 2245 terminos
1067 2201 1286 2244 naturales
1332 2200 1445 2244 vitae
1490 2200 1699 2255 attigerit.
1775 2200 1890 2243 Tum

186 2287 341 2328 iterum
372 2283 428 2327 ad
459 2297 614 2340 preces
644 2284 759 2327 redit
787 2288 838 2326 ut
867 2283 1118 2327 abstineant
1151 2283 1279 2326 inferi
1311 2282 1394 2336 dii,
1436 2281 1698 2336 mandatque
1729 2282 1772 2324 in
1804 2283 1888 2325 fine

185 2370 314 2413 etiam
345 2367 522 2421 amicis,
552 2372 603 2410 ut
632 2367 843 2410 sacrificia
876 2366 1130 2424 promittant
1163 2366 1339 2410 Plutoni
1373 2378 1453 2422 pro
1483 2365 1622 2408 salute
1654 2377 1746 2407 sua.
1810 2365 1891 2408 Vi—

187 2453 263 2495 des
292 2452 479 2509 simplex
517 2463 614 2494 esse
644 2463 836 2495 carmen.
893 2450 1023 2493 Domi
1054 2451 1173 2493 solus
1204 2455 1411 2505 aegrotus
1443 2450 1590 2493 iacens
1620 2454 1750 2506 poeta
1786 2461 1892 2505 pro-

187 2536 254 2577 cul
287 2534 342 2577 ab
373 2533 549 2588 amicis,
591 2537 641 2575 ut
669 2533 744 2586 fit,
786 2530 961 2588 gravius
992 2535 1236 2575 commotus
1265 2530 1535 2586 cogitatione
1567 2530 1718 2574 mortis
1750 2530 1889 2573 effun-

186 2618 251 2661 dit
281 2617 332 2660 iis
363 2628 516 2659 sensus
545 2628 661 2659 suos.
721 2615 901 2670 Regnat
942 2614 1075 2669 igitur
1113 2613 1156 2656 in
1197 2617 1290 2657 toto
1334 2612 1485 2656 mortis
1526 2615 1694 2665 metus,
1736 2616 1781 2656 et
1817 2626 1890 2656 re

183 2699 317 2743 deunt
346 2698 491 2742 omnia
533 2696 598 2741 ad
639 2698 937 2755 precationem
975 2697 1155 2741 deornm
1197 2701 1247 2741 ut
1290 2701 1481 2754 parcant.
1541 2695 1634 2739 Iam
1668 2695 1887 2740 videamus·

183 2781 432 2826 divisionem
477 2780 701 2844 poeticam
736 2779 952 2847 carminis.
1014 2778 1064 2822 Si
1111 2778 1207 2835 quis
1249 2778 1311 2822 ita
1353 2777 1517 2823 dividat
1557 2780 1723 2831 totum,
1770 2783 1820 2843 ut
1855 2793 1886 2821 a

187 2876 226 2906 v.
258 2865 323 2906 1-
333 2866 379 2908 6.
409 2861 636 2909 exordium
666 2866 824 2918 ponat,
854 2860 1013 2906 deinde
1044 2875 1070 2905 a
1101 2874 1140 2904 v.
1175 2865 1239 2904 7-
1251 2865 1325 2905 28.
1359 2861 1546 2905 medium
1578 2874 1776 2917 carmen,
1806 2876 1889 2920 po-

186 2950 346 2988 sti-emo
374 2945 538 2989 exitum
567 2942 624 2988 ad
656 2945 833 3000 amieos,
863 2943 1041 2989 habebit
1072 2945 1299 2988 exordium
1338 2946 1630 3002 precationem
1659 2946 1888 3009 Proserpi—

188 3042 295 3083 nae,
327 3028 516 3072 medium
542 3041 716 3072 carmen
746 3034 892 3073 autem
923 3042 1078 3073 causas
1109 3030 1371 3087 precationis
1401 3036 1446 3071 et
1478 3031 1705 3087 repetitam
1732 3044 1888 3102 preca—

189 3112 348 3156 tionem
380 3110 615 3156 inferorum
644 3109 852 3167 deorum,
899 3110 938 3160 [ι
972 3124 1014 3156 e.
1060 3112 1348 3168 compositum
1382 3112 1465 3155 erit
1497 3112 1683 3156 medium
1716 3126 1886 3157 carmen

190 3206 245 3236 ex
275 3193 551 3236 dissimilibus
583 3192 790 3250 partibus,
818 3204 996 3248 quarum
1026 3194 1240 3250 posterior
1264 3195 1405 3238 alieno
1433 3195 1530 3240 loco
1554 3196 1708 3252 posita.
1770 3195 1887 3238 Lau—

191 3278 361 3330 darem,
406 3278 442 3320 si
478 3277 621 3320 exitus
666 3278 891 3334 repetitum
935 3278 1224 3334 precationem
1268 3278 1433 3322 exordii
1467 3277 1646 3322 haberet
1680 3264 1887 3333 expositis

193 3361 232 3403 iu
266 3361 406 3405 medio
440 3361 628 3406 carmine
670 3360 809 3406 causis
852 3362 1135 3418 precationis.
1184 3363 1280 3407 talis
1315 3363 1426 3406 enim
1471 3361 1624 3406 divisio
1668 3360 1887 3413 concinna,
