2158 3750
633 263 817 319 LIBR.
853 263 920 317 11.
990 264 1196 317 ELEG.
1229 263 1323 317 vl.
1714 267 1813 312 303

119 415 212 457 bitu
240 411 309 456 sui
340 411 467 468 plane
497 410 692 454 dissimili
724 411 832 467 fingi
862 411 995 454 debet
1027 409 1248 453 incedens.
1322 409 1462 458 Geret
1494 407 1630 463 igitur
1659 404 1819 462 phare-

118 503 227 540 tram
270 501 317 538 et
355 507 504 538 arcum
545 508 671 538 suum
713 499 763 537 ut
804 507 884 552 par
926 499 1017 546 est,
1063 498 1109 535 et
1143 504 1256 548 quae
1298 490 1364 535 his
1392 490 1652 535 conveniunt
1680 501 1818 530 arma.

117 579 267 624 Quare
296 591 380 621 non
412 577 536 621 dabis
565 578 607 620 ei
639 582 813 620 scutum
843 581 890 619 et
930 576 1093 632 pilum,
1125 581 1172 618 at
1203 575 1402 630 galeam,
1437 586 1583 618 ensem
1613 571 1821 615 leviorem

118 663 163 702 et
193 673 396 716 parmam.
457 659 527 702 lta
566 658 702 714 igitur
742 658 834 701 fere
873 657 955 700 tibi
997 669 1090 700 rem
1134 658 1268 712 finge.
1329 659 1469 700 Geret
1501 654 1744 713 pharetram
1774 652 1819 697 in

119 741 322 795 humero,
352 753 587 797 appensam
618 741 714 783 loro
745 752 802 783 ex
831 740 973 793 collo,
1002 744 1052 782 ut
1083 740 1384 783 Pnomzmms
1415 740 1471 783 de
1503 739 1719 796 Cupidine
1749 737 1821 780 di-

118 823 179 865 cit
218 823 277 876 11,
320 826 391 875 12,
423 825 507 865 10:
560 828 608 862 et
648 819 876 877 pharetra
915 834 972 860 ex
1018 819 1202 863 humero
1246 821 1414 863 Gnosia
1452 830 1644 880 utroque
1687 821 1822 863 iacet.

120 906 260 948 Geret
290 910 518 961 praeterea
547 905 719 959 galeam
749 904 793 946 iu
839 908 1018 959 pectore
1062 904 1322 960 pendentem
1357 909 1402 948 et
1433 918 1580 947 ensem
1611 905 1654 947 in
1685 906 1823 948 latere

117 990 263 1033 balteo
292 993 547 1032 sustentum.
610 987 734 1032 Haec
762 987 900 1043 igitur
935 989 1051 1032 collo
1083 991 1224 1044 gerit3
1272 991 1374 1032 nolo
1405 989 1567 1032 addere
1598 1002 1709 1044 quae
1738 987 1823 1032 hu-

118 1084 240 1115 mero
275 1070 599 1114 sustinebantur
632 1083 660 1113 a
690 1070 892 1114 Romano
927 1072 1091 1125 milite,
1121 1073 1258 1115 vallos
1291 1077 1336 1114 et
1367 1073 1574 1115 sarcinas.
1634 1074 1693 1117 At
1730 1087 1827 1118 ma-

118 1169 198 1199 nus
226 1155 400 1199 sinistra
438 1167 587 1197 arcum
628 1152 741 1197 feret
773 1158 820 1197 et
857 1153 1084 1197 brachium
1124 1155 1355 1198 sustinebit
1397 1168 1605 1211 parmam.
1680 1155 1826 1199 Lusus

119 1239 187 1284 hic
212 1245 279 1284 est
307 1229 572 1296 phantasiae,
602 1237 681 1282 sed
709 1243 854 1282 tamen
887 1239 1020 1282 etiam
1052 1240 1172 1283 lusus
1202 1241 1304 1283 talis
1335 1241 1478 1296 legem
1510 1247 1673 1286 certam
1703 1241 1828 1297 sequi

118 1324 278 1378 debet3
317 1326 391 1367 lex
422 1337 526 1366 vero
555 1335 670 1366 nunc
699 1327 768 1366 est
796 1337 900 1366 usus
931 1325 1130 1367 militaris
1160 1338 1282 1368 arma
1314 1324 1481 1368 ferendi
1513 1325 1555 1368 in
1587 1327 1743 1369 itinere
1772 1327 1825 1380 is,

120 1422 249 1463 quem
292 1408 433 1450 discas
475 1419 502 1450 e
546 1407 747 1449 columna
780 1407 970 1451 Traiana
1011 1421 1082 1463 ap.
1126 1407 1324 1451 Lmsnm
1357 1408 1412 1451 de
1451 1409 1578 1451 Milit.
1609 1409 1739 1452 Rom.
1770 1408 1827 1462 V,

121 1495 193 1544 11,
222 1506 265 1546 p.
301 1493 406 1532 182.
433 1511 494 1520 -
539 1489 593 1532 V.
623 1492 653 1530 3
682 1501 749 1543 sq.
796 1489 969 1544 longa
1012 1493 1215 1532 terrae
1255 1491 1368 1543 via,
1416 1490 1568 1532 itinera
1602 1491 1829 1533 terrestria

123 1574 341 1628 legionum
382 1571 426 1615 iu
457 1575 646 1614 remotas
678 1570 947 1626 provincias,
994 1570 1049 1613 cf.
1082 1571 1461 1614 Mrrscunamclr.
1493 1571 1547 1613 ad
1580 1571 1736 1614 Horat.
1766 1571 1827 1624 ΙΙ,

121 1658 167 1709 6,
198 1660 240 1698 7.
272 1678 333 1687 --
378 1667 529 1708 vaga
569 1665 849 1709 aequora,
896 1658 947 1696 ut
993 1667 1140 1711 vagus
1172 1662 1346 1710 pontus
1377 1653 1435 1708 11,
1465 1657 1510 1708 3,
1541 1657 1614 1696 39.
1648 1667 1827 1710 compa-

121 1742 246 1779 rante
275 1737 670 1780 thnssnmcmo.
730 1735 816 1778 Est
854 1735 967 1778 enim
1007 1733 1232 1790 epitheton
1277 1735 1332 1778 ad
1364 1742 1529 1779 motum
1567 1745 1826 1793 perpetuum

126 1820 333 1862 fluctuum
380 1824 425 1861 et
464 1818 657 1874 pericula
703 1817 834 1860 marla
878 1817 1168 1862 referendum.
1231 1819 1562 1862 Alienus-vero
1610 1826 1741 1863 nauta
1787 1835 1824 1864 s.

121 1910 338 1948 mercator
368 1918 515 1961 vagus
546 1903 601 1945 ab
630 1902 825 1947 Hanno
861 1908 908 1947 et
941 1903 1184 1946 Huscnno
1216 1911 1507 1961 comparatus.
1539 1929 1597 1936 ——
1646 1906 1710 1949 ad
1753 1908 1829 1950 la-

121 1995 214 2031 tus
255 1988 364 2040 ire,
407 1990 458 2028 ut
499 1986 736 2028 commilito
781 1990 828 2028 et
868 1987 1014 2028 socius
1057 1986 1237 2030 itineris.
1268 2010 1329 2019 —
1387 1988 1440 2032 V.
1473 1993 1501 2030 5
1533 2002 1628 2043 sqq.
1687 1990 1826 2032 Immo

53 2120 56 2123 f
123 2084 227 2114 vero
257 2083 356 2113 cum
384 2081 470 2111 una
497 2068 564 2111 ire
595 2072 640 2110 et
672 2067 788 2110 ferre
818 2066 992 2110 labores
1031 2068 1140 2111 istos
1178 2080 1266 2111 non
1309 2069 1477 2124 possis,
1519 2069 1693 2114 retrahe
1726 2072 1827 2113 Ma-

123 2166 245 2197 crum
289 2156 332 2194 et
373 2163 532 2193 revoca
572 2163 629 2192 ex
673 2149 839 2192 militia.
871 2171 928 2182 —
977 2150 1090 2193 Ure
1130 2150 1187 2194 de
1229 2153 1424 2195 cruciatu
1456 2158 1501 2195 et
1532 2167 1672 2210 poena
1708 2157 1829 2198 acci-

74 2250 78 2252 ’
131 2234 335 2292 piendum
375 2237 427 2276 ut
465 2233 504 2287 1,
534 2235 579 2286 9,
608 2235 683 2274 21.
744 2231 864 2274 otia
908 2236 1025 2286 tua,
1071 2233 1203 2276 vitam
1244 2234 1423 2278 liberam
1462 2236 1681 2281 laboribus
1724 2239 1829 2283 belli

125 2325 170 2363 et
200 2321 244 2362 in
274 2330 421 2361 amore
451 2321 687 2373 peractam.
738 2316 918 2371 ferus,
948 2315 990 2360 h.
1007 2330 1047 2360 e.
1079 2319 1154 2372 qui
1184 2318 1371 2361 animum
1404 2320 1648 2364 obfirmavit
1682 2329 1726 2365 et
1760 2324 1830 2366 in-

126 2404 297 2447 duravit
326 2402 532 2445 adversus
562 2401 647 2443 vim
675 2401 861 2455 amoris,
903 2406 953 2444 ut
982 2414 1081 2445 cum
1113 2402 1495 2446 Wunnssnmcmo
1527 2405 1692 2458 loquar.
1758 2405 1826 2449 Cf.

124 2486 160 2540 Ι,
189 2490 233 2539 5,
264 2489 308 2528 5.
338 2506 400 2517 —-
445 2495 579 2527 erro
607 2487 675 2526 est
703 2483 778 2538 qni
807 2495 835 2525 a
874 2482 1040 2538 signis,
1086 2482 1167 2526 sub
1200 2484 1355 2537 quibus
1385 2485 1568 2540 militat,
1610 2486 1829 2530 discessit.

124 2570 262 2622 Signa
300 2572 444 2610 autem
485 2565 657 2609 Amoris
698 2564 804 2608 dicit
845 2565 1063 2619 suaviter,
1107 2564 1214 2609 haec
1255 2568 1513 2612 militaribus
1546 2569 1650 2613 belli
1693 2571 1832 2626 signis

124 2663 363 2707 opponens.
423 2650 489 2692 Ac
519 2654 623 2692 uota
650 2647 903 2706 metaphora
940 2651 1120 2693 militiae
1162 2652 1402 2695 amatoriae
1433 2652 1469 2706 Ι,
1503 2656 1543 2708 1,
1574 2657 1648 2697 75.
1696 2655 1754 2709 ΙΙ,
1784 2658 1829 2709 3,

124 2736 199 2776 34.
231 2755 291 2766 -
344 2732 507 2781 Quod
545 2732 594 2776 si
640 2744 866 2788 parces,
917 2732 1071 2787 quodsi
1116 2731 1264 2776 videro
1308 2739 1353 2777 te
1400 2748 1580 2791 parcere
1610 2737 1834 2781 militibus.

127 2818 251 2873 Ergo
290 2824 411 2861 recte
447 2815 579 2860 habet
622 2816 815 2860 futurum
858 2817 1068 2874 simplex,
1116 2817 1233 2872 quod
1274 2819 1591 2862 PAssssnn-ms
1631 2820 1744 2863 male
1786 2821 1831 2862 in

123 2899 275 2956 parsis
307 2912 374 2955 pr.
406 2898 654 2955 peperceris
683 2898 904 2952 mutabat,
936 2900 1132 2944 Vossius
1164 2900 1207 2944 iu
1236 2915 1423 2958 parcas.
1487 2903 1692 2947 Ceterum
1726 2916 1834 2948 cave

129 2997 260 3040 supra
294 2984 423 3026 etiam
454 2982 663 3026 ducent
694 2995 760 3039 pr.
793 2983 1006 3025 duxerint
1037 2985 1236 3041 accipias.
1313 2986 1426 3028 Sunt
1461 2986 1590 3029 etiam
1622 2986 1680 3029 ibi
1711 2986 1833 3042 paria

128 3074 324 3122 tempora
355 3070 474 3108 recte
504 3065 671 3121 posita,
699 3065 912 3119 siquidem
942 3065 1050 3109 deus
1081 3067 1358 3111 comitabitur
1392 3068 1592 3112 Macrum
1626 3069 1728 3112 dum
1760 3067 1830 3111 hic

129 3149 219 3191 ibit.
249 3172 309 3181 —
350 3150 458 3192 Mox
493 3147 578 3191 hic
608 3153 676 3191 est
702 3161 802 3203 ego,
834 3155 883 3192 ut
912 3163 1058 3206 saepe.
1102 3152 1243 3196 Vlae..
1277 3153 1386 3195 Aen.
1418 3152 1498 3206 lx,
1530 3156 1634 3196 205.
1695 3153 1833 3195 Plura

134 3236 343 3278 Vunpnss
372 3234 531 3277 attulit.
591 3232 686 3275 Res
715 3238 832 3275 nota.
868 3255 924 3265 -
972 3234 1104 3292 lpse
1135 3237 1303 3291 galea
1346 3237 1443 3291 qui
1484 3237 1597 3279 sibi
1636 3242 1835 3293 portet

130 3333 352 3375 aquam,
397 3318 439 3364 h.
472 3333 511 3363 e.
543 3318 772 3374 gregarius
803 3317 942 3362 miles.
1003 3318 1124 3362 Malo
1154 3323 1199 3362 et
1229 3319 1348 3376 ipse,
1383 3321 1470 3374 ait,
1503 3321 1570 3364 vel
1603 3321 1834 3375 gregarius

131 3404 253 3446 miles
283 3403 393 3456 fieri,
423 3403 459 3446 si
493 3401 573 3446 hoc
603 3400 732 3447 modo
765 3402 936 3446 Amoris
966 3404 1050 3447 vim
1082 3403 1278 3459 effugere
1312 3404 1428 3448 licet.
1491 3404 1656 3447 Galeae
1687 3406 1832 3447 autem
