2158 3750
655 233 963 294 TIBULLI
1020 234 1160 294 LIB.
1192 234 1284 295 IV.
1318 246 1360 294 1.
1772 236 1853 294 77

251 386 614 471 Erigoneque
649 389 960 474 Canisque,
1013 404 1179 471 neget
1222 411 1294 450 ne
1335 387 1562 469 longior
1599 400 1765 446 aetas.

252 494 411 573 Quin
457 497 623 557 etiam
666 498 896 558 Alcides
943 498 1083 558 deus
1129 519 1466 558 ascensurus
1503 493 1816 581 Olympum

234 603 407 663 Laeta
447 604 792 664 Molorcheis
835 606 1026 687 posuit
1071 606 1303 686 vestigia
1349 604 1507 665 tectis
1522 649 1541 681 ,

250 711 543 792 Parvaque
589 710 840 771 caelestis
885 711 1126 793 placavit
1170 713 1344 784 mica,
1403 735 1508 771 nec
1547 707 1659 768 illis

185 831 241 874 15
257 818 494 899 Semper
531 819 792 879 inaurato
834 833 1029 879 taurus
1075 820 1225 879 cadit
1272 819 1455 878 hostia
1501 841 1694 878 corun.

248 925 355 985 Hic
386 950 611 1008 quoque
642 927 715 986 sit
745 941 939 1008 gratus
965 949 1175 1009 parvus
1202 925 1381 998 labor,
1418 939 1481 984 ut
1504 925 1605 984 tibi
1633 922 1849 1006 possim

246 1031 388 1091 Inde
433 1031 573 1093 alios
619 1033 872 1117 aliosque
915 1057 1134 1094 memor
1178 1055 1519 1115 componere
1563 1054 1773 1090 versus.

328 1138 489 1200 Alter
531 1141 683 1214 dicat
726 1166 871 1226 opus
914 1142 1109 1223 magni
1153 1140 1412 1202 mirabile
1456 1137 1690 1211 mundi,

243 1245 445 1326 Qualis
490 1248 551 1308 in
594 1249 854 1310 inmenso
899 1249 1180 1310 desederit
1224 1272 1350 1310 aere
1394 1247 1588 1319 tellus,

177 1355 455 1435 20Qualis
499 1371 553 1417 et
594 1357 655 1417 in
692 1382 926 1419 curvum
965 1374 1176 1442 pontus
1222 1356 1556 1419 confluxerit
1600 1353 1827 1428 orbem,

238 1464 311 1524 Et
354 1489 558 1546 vagus,
612 1490 641 1526 e
689 1466 853 1526 terris
898 1491 1011 1550 qua
1055 1489 1287 1547 surgere
1330 1465 1560 1536 nititur,
1620 1486 1745 1536 aer,

239 1573 389 1633 Huic
434 1589 487 1634 et
529 1588 819 1635 contextus
861 1574 1075 1657 passim
1117 1572 1495 1653 fluat'igneus
1538 1569 1760 1642 aether,

239 1681 633 1766 Pendentique
677 1705 852 1766 super
894 1681 1236 1743 claudantur
1278 1696 1340 1742 ut
1384 1679 1576 1740 onmia
1617 1677 1804 1737 caelo:

244 1788 350 1862 At,
394 1790 777 1874 quodcunque
819 1813 978 1851 meae
1015 1804 1283 1874 poterunt
1310 1787 1519 1848 audere
1549 1787 1847 1859 Camenae,

174 1897 365 1958 25Seu
387 1898 489 1958 tibi
514 1923 621 1982 par
642 1914 910 1982 poterunt
933 1923 1051 1973 seu,
1089 1898 1246 1982 quod
1277 1920 1407 1980 spes
1440 1895 1655 1967 abnuit,
1699 1893 1848 1954 ultra

242 2005 370 2066 Sive
389 2007 578 2067 minus
597 2010 881 2091 (certeque
901 2021 1106 2068 canent
1119 2007 1353 2086 minus),
1388 2026 1554 2094 omne
1578 2025 1843 2062 vovemus

235 2115 360 2174 Hoc
404 2114 536 2188 tibi,
592 2139 698 2176 nec
731 2130 888 2176 tanto
931 2129 1119 2176 careat
1161 2113 1303 2174 mihi
1332 2111 1581 2174 carmine
1627 2109 1838 2169 charta.

234 2225 398 2297 Nam,
415 2248 740 2308 quanquam
756 2225 1019 2308 antiquae
1035 2224 1216 2305 gentis
1231 2236 1503 2305 superant
1516 2220 1620 2280 tihi
1632 2219 1847 2291 laudeS‚

241 2332 372 2391 Non
416 2347 510 2391 tua
551 2333 830 2393 maiorum
879 2346 1140 2393 contenta
1183 2346 1266 2390 cst
1310 2329 1490 2410 gloria
1535 2327 1718 2400 sama,

174 2439 364 2498 aoNec
403 2439 628 2521 quaeris
653 2440 794 2523 quid
827 2463 1050 2522 quaque
1080 2438 1250 2498 index
1273 2437 1380 2497 sub
1405 2436 1654 2517 imagine
1680 2435 1847 2508 dicat,

244 2546 360 2606 Sed
405 2548 630 2627 generis
667 2549 887 2631 priscos
926 2545 1222 2608 contendis
1262 2546 1485 2605 vincere
1529 2544 1807 2616 honoreS‚

239 2652 430 2734 Quam
471 2655 574 2716 tibi
619 2656 864 2716 maiores
908 2655 1091 2716 maius
1136 2654 1309 2715 decus
1355 2653 1478 2736 ipse
1522 2651 1759 2712 futuris:

256 2839 310 2882 V.
334 2841 400 2883 14.
443 2840 700 2895 placavit
739 2841 897 2896 Imm,
954 2841 1069 2897 quod
1112 2840 1302 2884 restituit
1340 2840 1695 2891 Bnomfflusms,
1749 2834 1848 2878 libri

142 2921 336 2977 plerique
367 2921 567 2978 pacavit.

258 3004 312 3047 V.
330 3007 404 3049 21.
436 3005 531 3048 libri
563 3018 601 3048 e.
663 3005 810 3060 Vulgo
842 3019 871 3046 α
902 3005 958 3049 de
989 3006 1235 3049 coniectura
1259 3006 1491 3059 Burrum,
1529 3002 1645 3058 quod
1679 3007 1723 3046 et
1752 3002 1846 3057 ipse

139 3087 289 3144 probo.
322 3111 381 3119 —
452 3089 503 3132 V.
522 3091 595 3133 22.
637 3093 693 3131 et
728 3089 840 3133 libri.
901 3090 1100 3133 Puccms
1142 3091 1253 3133 bene
1295 3097 1368 3135 ut.
1396 3113 1456 3121 -—
1526 3089 1580 3132 V.
1600 3091 1674 3130 25.
1707 3085 1847 3139 ultro,

139 3171 272 3225 vulgo
302 3169 416 3225 quod
457 3170 692 3227 probatur,
729 3183 812 3213 non
845 3177 911 3214 est
942 3172 985 3215 in
1023 3173 1169 3226 libris,
1211 3177 1257 3216 et
1285 3171 1365 3214 secl
1395 3185 1460 3227 pr.
1491 3186 1568 3213 seu
1601 3170 1643 3213 in
1684 3170 1845 3226 paucis.

140 3251 304 3295 Tamen
334 3266 485 3296 sensus
516 3253 680 3296 melior.
735 3253 1001 3309 Propagavit
1027 3254 1240 3298 Vum’ms.
1265 3277 1324 3285 —
1386 3254 1439 3297 V.
1457 3256 1530 3298 26.
1565 3263 1846 3298 vovemus.

142 3334 226 3378 Alii
258 3334 358 3379 boni
389 3349 638 3389 movemus,
678 3335 789 3379 male
819 3335 933 3391 quod
970 3337 1131 3394 placuit
1161 3335 1432 3392 quibusdam.
