2158 3750
312 299 410 343 180
710 288 1178 343 COMMENTAR.
1212 289 1288 341 IN
1324 289 1612 341 TIBULLI

311 448 414 479 vero
467 445 605 490 poena
660 433 702 474 in
747 431 891 474 medio
937 435 1103 473 tantum
1153 431 1342 473 carmine
1391 430 1518 473 dixit.
1589 432 1732 486 Atque
1777 434 1838 476 ita
1882 436 2003 490 patet

314 520 455 562 omnia
495 516 706 559 exhausta
746 528 870 568 esse3
913 514 1182 557 satisfactum
1227 518 1295 556 est
1326 514 1503 556 affectui
1536 519 1581 556 et
1610 516 1828 559 resolutus
1858 530 2006 559 amore

312 600 452 643 fallaci
484 599 718 653 requiescit
747 599 912 641 animus
943 599 987 640 in
1017 598 1284 652 cogitatione
1313 598 1479 640 salutis.
1541 597 1706 640 Credas
1738 596 1850 641 hunc
1879 601 2009 643 finem

315 694 411 724 esse
440 681 613 734 amoris,
646 693 774 735 quem
806 678 1036 724 Marathus
1066 681 1111 723 in
1142 680 1322 723 Tibullo
1352 679 1626 736 accenderat,
1657 681 1732 736 qui
1768 681 1925 725 deinde
1953 682 2009 725 ad

315 765 481 820 puellas
509 762 649 806 rediit.

947 1130 1393 1186 EXPLICATIO.

443 1345 499 1389 V.
531 1347 680 1388 1-16.
742 1343 1071 1389 Exordium.
1132 1344 1318 1389 Primo
1347 1344 1556 1401 impetu
1587 1343 1862 1400 obiurgat
1891 1356 2023 1401 pue-

325 1441 439 1472 rum
481 1428 548 1471 de
591 1428 880 1483 periurio,
925 1429 1018 1482 qui
1060 1427 1166 1470 alii
1201 1427 1443 1470 amatori
1478 1439 1537 1470 se
1571 1426 1838 1480 dederat,
1875 1430 1931 1471 et
1959 1426 2023 1469 li-

325 1515 415 1554 cet
470 1523 704 1567 poenam
761 1510 1006 1553 divinam
1069 1510 1316 1566 perlurii
1375 1509 1615 1566 primum
1668 1509 2024 1562 nuntiatam,

326 1606 448 1637 mox
491 1594 846 1649 deprecetur
888 1592 1179 1645 maiorem,
1238 1591 1329 1634 vel
1370 1591 1452 1634 sic
1505 1595 1692 1634 tamen
1735 1590 1839 1634 iam
1881 1602 2027 1634 nunc

328 1690 456 1719 esse
506 1679 648 1719 mala
694 1676 988 1731 ostendit,
1042 1689 1185 1732 quae
1229 1689 1350 1720 eum
1392 1680 1678 1738 premant,
1732 1663 2027 1735 ἀοιρδἷῖᾅά

327 1758 464 1801 iram
506 1771 786 1802 reversus.
1595 1781 1598 1785 ·
1630 1759 1779 1817 ³'³'·†‘⁷,-⁹⁴'
1834 1740 2012 1790 *Ψώὶ

448 1843 503 1887 V.
537 1847 561 1886 1
595 1857 688 1898 sqq.
744 1844 793 1887 si
837 1843 1035 1887 fueras
1091 1843 1359 1887 laesurus
1410 1827 1682 1898 amore3,‘
1713 1844 1750 1886 si
1784 1827 2031 1901 propffisus

331 1938 426 1968 eras
467 1926 522 1967 ad
564 1926 801 1982 perfidiam.
871 1927 939 1970 De
981 1927 1199 1970 locutione
1240 1927 1296 1969 cf.
1340 1926 1396 1968 ad
1436 1927 1472 1979 I,
1503 1930 1546 1980 3,
1577 1930 1653 1968 81.
1683 1948 1744 1958 —-
1774 1925 2032 1968 ‘miseros

332 2010 523 2065 graviter
566 2022 646 2065 per
688 2010 910 2066 prolepsin
951 2023 1015 2065 pr.
1058 2011 1133 2065 qui
1182 2022 1296 2052 nunc
1351 2010 1496 2052 miseri
1539 2009 1642 2053 facti
1690 2009 1882 2066 petiurIo
1935 2012 2029 2051 tuo.

332 2095 526 2138 Maxime
557 2095 670 2137 enim
700 2093 848 2137 dolere
880 2099 1074 2150 poetam,
1121 2099 1258 2138 totum
1289 2107 1460 2137 carmen
1493 2093 1694 2137 ostendit.
1755 2094 1951 2138 Vossms
1984 2097 2030 2136 et

336 2178 604 2221 Huscmcms
637 2185 808 2219 teneros
835 2176 943 2220 edit.
973 2178 1229 2221 vicentinae
1255 2178 1545 2234 receperunt3
1576 2178 1692 2233 quod
1725 2180 1926 2236 exempla
1954 2178 2035 2222 de·

335 2262 554 2305 siderabat
581 2262 1018 2313 Wrmnssnmcmns,
1047 2259 1153 2302 llaec
1183 2260 1356 2314 quidem
1389 2265 1535 2304 monet
1566 2261 1771 2304 BAcmus
1802 2246 1887 2304 non
1919 2259 2037 2304 desi-

339 2344 506 2398 derari,
551 2348 598 2385 ut
630 2344 770 2385 Ovm.
801 2343 937 2386 Trist.
970 2343 1047 2397 IV,
1083 2347 1153 2397 10,
1183 2347 1224 2387 1.
1270 2348 1314 2386 et
1343 2345 1449 2386 alias
1480 2343 1638 2387 videas.
1676 2368 1734 2376 —
1779 2343 2039 2388 Foedera

338 2439 441 2482 per
471 2427 635 2469 divos
666 2426 867 2480 dabas,
908 2427 1080 2469 iurabas
1112 2439 1191 2484 per
1220 2426 1339 2470 deos.
1385 2427 1525 2469 Ovn).
1557 2427 1668 2472 Met.
1700 2427 1758 2480 II,
1788 2430 1901 2470 757:
1935 2441 2040 2468 con-

339 2515 417 2549 tra
452 2507 566 2549 data
588 2507 809 2566 foedera,
849 2513 1000 2550 contra
1031 2508 1174 2551 datam
1204 2508 1361 2561 fidem,
1403 2511 1680 2565 comparante
1710 2507 1930 2561 Hermo,
1967 2507 2041 2563 qni
2119 2563 2125 2569 ·

343 2594 472 2636 etiam
515 2594 760 2636 DRAKENB.
804 2593 858 2635 ad
902 2593 980 2635 Sil.
1012 2593 1066 2635 It.
1111 2593 1165 2646 V,
1193 2595 1296 2635 304.
1339 2593 1498 2635 laudat.
1561 2592 1737 2649 Optime
1767 2603 1871 2636 vero
1900 2593 2044 2649 posita
2124 2598 2129 2606 “·

342 2676 516 2729 gravior
546 2689 631 2718 vox
660 2677 702 2718 in
733 2676 944 2718 amatorio
974 2676 1147 2718 affectu.
1180 2699 1240 2707 —
1280 2677 1422 2719 clam
1454 2676 1754 2730 violanda,
1787 2686 1903 2732 quae·
1926 2658 2044 2720 'elain

343 2760 581 2802 violaturus
607 2771 716 2801 eras.
780 2759 1010 2801 Celaverat
1039 2758 1301 2812 aliquamdiu
1330 2771 1422 2800 rem
1453 2771 1574 2813 puer,
1605 2756 1877 2800 nihilominus
1906 2759 2042 2802 resci-
2112 2757 2119 2762 “

345 2845 407 2888 vit
450 2845 663 2888 Tibullus.
694 2866 755 2876 —-
815 2842 895 2887 Ah
940 2843 1136 2896 miser,
1189 2841 1230 2885 h.
1273 2856 1312 2887 e.
1353 2843 1518 2885 infelix.
1590 2842 1754 2898 Neque
1790 2843 1903 2886 enim
1947 2855 2046 2887 cum

344 2924 592 2970 Huscnxro
623 2925 865 2982 perditum,
912 2926 1143 2967 scelestum
1173 2925 1461 2980 interpretor3
1511 2922 1731 2980 pulchrius
1759 2925 1956 2970 alterum.
1987 2946 2049 2960 —
2112 2927 2118 2930 ”

344 3009 561 3062 Poena,
601 3008 692 3051 sive
722 3007 951 3050 Furiarum
994 3021 1107 3062 una,
1153 3021 1250 3050 cum
1280 3009 1456 3051 Poenae
1487 3009 1621 3062 vulgo
1652 3008 1813 3051 Furiae
1848 3008 1962 3062 sint,
1998 3012 2048 3051 ut

344 3091 486 3135 S'rwr.
519 3089 657 3133 Theb.
685 3090 740 3142 V,
768 3092 857 3142 59.,
891 3089 981 3131 sive
1012 3089 1241 3145 peculiaris
1272 3089 1367 3142 dea,
1397 3094 1448 3131 ut
1478 3090 1655 3133 VALER.
1686 3089 1855 3132 cho.
1881 3089 1917 3141 15
1941 3092 2047 3132 794.

347 3173 531 3215 HORAT.
563 3173 642 3224 111,
671 3176 716 3225 2,
748 3175 847 3225 32„
880 3171 994 3226 quod
1028 3170 1094 3214 liic
1125 3171 1391 3227 praeferam,
1421 3184 1519 3213 cum
1549 3169 1951 3212 Furiae-saeviores
1981 3170 2051 3212 vi·
2104 3215 2108 3219 y

349 3254 531 3296 deantur
561 3267 688 3308 quam
719 3265 798 3308 pro
829 3251 911 3296 hoc
952 3255 1064 3296 loco.
1125 3254 1332 3295 Ceterum
1363 3253 1462 3295 vide
1492 3253 1547 3295 de
1578 3253 1729 3295 Poena
1759 3252 1963 3295 Vossnm
1993 3251 2049 3294 ad
2116 3275 2118 3278 ·

346 3335 387 3378 h.
417 3336 446 3379 l.
506 3334 620 3378 Esse
662 3339 808 3377 autem
851 3348 1079 3390 personam
1126 3334 1196 3378 hie
1225 3335 1554 3388 intelligendam
1598 3335 1728 3377 docet
1760 3335 1943 3390 pluralis
1969 3339 2050 3377 ta-

349 3417 486 3462 citis
515 3418 784 3474 pedibus,
821 3431 905 3463 non
938 3419 1144 3476 probaret
1174 3419 1432 3475 singularis:
1468 3419 1602 3462 tacito
1635 3417 1775 3475 pede,
1808 3417 1924 3474 quod
1953 3431 2050 3462 mo·
2108 3437 2122 3492 ‘⁸
2151 3443 2158 3469 ‚⁴
