2086 3756
888 171 933 221 T
937 169 1192 224 IBULLI.
1696 182 1828 216 cnxv
1838 184 1875 214 11

178 319 284 380 ¹71⁰,
341 318 517 381 Hanc,
564 320 711 386 Ipsa,
761 325 812 369 et
850 314 1067 369 omnino
1111 314 1289 368 scitam
1335 308 1676 365 variationem
1722 308 1884 375 parti—

182 411 415 462 cularum
451 411 759 474 initialium‚
803 420 862 460 ut
905 410 983 474 ΙΙ,
1022 413 1078 472 5,
1112 412 1180 460 95
1217 425 1332 476 sqq.
1381 407 1527 457 Tune.
1553 433 1625 444 -—
1698 403 1764 453 At
1798 400 1889 451 sibi

182 509 390 573 quisque.
425 532 497 542 -
565 507 750 568 Ingeret
785 504 859 552 hic
902 504 1173 553 maledicta.
1243 501 1352 554 Ubi
1397 500 1587 551 similes
1626 497 1884 561 nofione3‚

181 600 364 651 leviter
417 607 686 649 mutantur
735 596 1028 648 locutiones
1081 597 1244 648 veluti
1297 595 1371 646 s'ic
1417 595 1498 659 Π,
1550 597 1608 656 5,
1653 595 1721 644 45
1767 607 1882 659 sqq.

181 693 330 753 Ecce,
370 692 511 740 Ecce.
538 717 611 726 —
672 690 804 740 Ante
838 690 996 739 oculos
1030 698 1113 739 est.
1139 718 1213 728 —-·
1289 690 1353 739 Te
1388 706 1571 757 quoque
1593 689 1704 738 ¹iam
1738 687 1884 736 video.

178 784 313 834 Sunt
349 784 576 834 visiones
612 781 871 851 Sibyllae,
922 799 1058 851 quae
1093 781 1170 832 ibi
1213 789 1519 833 tractantur.
1548 809 1620 819 -—
1687 779 1884 832 Venia-

179 894 294 926 mus
333 876 399 926 ad
441 877 558 927 alia.
641 877 824 930 Porro
849 877 990 927 enim
1029 872 1190 926 laudo
1227 876 1518 944 Asyndeion,
1568 873 1711 942 quod
1747 874 1887 925 inter

176 970 439 1020 schemata
473 970 684 1036 potiora
719 969 974 1022 orationis
1010 967 1426 1033 numerandum,
1467 975 1520 1018 ‘et
1554 967 1728 1034 ipsum
1765 984 1885 1018 ner-

176 1081 334 1116 vosae
370 1063 650 1116 variationi
688 1065 908 1132 pulchre
948 1064 1186 1115 inservit.
1257 1062 1395 1114 Nam
1439 1062 1661 1129 simplici
1699 1064 1887 1129 copula

174 1159 351 1209 iunxit
385 1159 627 1211 Tibullus
663 1158 732 1210 ad
766 1175 1027 1211 summum
1065 1158 1167 1208 tria
1204 1155 1448 1221 disticha,
1492 1157 1630 1208 unde
1671 1159 1710 1220 Ι,
1741 1163 1788 1222 3,
1817 1161 1885 1208 75

179 1271 299 1321 sqq.
339 1253 435 1304 ubi
470 1263 748 1322 quattuor,
798 1253 927 1306 bina
968 1251 1145 1321 potius
1193 1269 1291 1319 per
1333 1253 1422 1302 illic
1458 1280 1530 1290 -
1563 1254 1652 1303 illic
1697 1252 1886 1318 junxit.

181 1347 487 1416 Asyndeton
529 1357 704 1399 autem
730 1345 861 1401 ‚vide
897 1346 956 1397 in
989 1346 1072 1398 his
1114 1346 1169 1410 Ι,
1208 1350 1270 1410 3,
1308 1350 1409 1398 59:

322 1442 422 1492 Hic
463 1442 684 1493 choreae
725 1450 1011 1508 cantusque
1048 1439 1252 1504 vigent,
1304 1440 1602 1508 passimque
1643 1452 1885 1508 vagantes

392 1536 564 1587 Dulce
600 1544 790 1587 sonant
824 1533 973 1589 tenui
1013 1541 1222 1599 gutture
1266 1550 1473 1584 carmen
1515 1551 1661 1598 avem,

319 1632 431 1682 Fert
466 1627 656 1681 casiam
692 1645 804 1680 non
841 1629 980 1686 culta
1016 1642 1159 1694 seges
1199 1635 1309 1700 cet.-

182 1727 235 1790 1,
272 1728 437 1790 5,.21
479 1741 622 1792 sqq.:

320 1819 466 1871 Rura
503 1820 697 1883 colam,
743 1817 1061 1886 frugumque
1099 1815 1266 1868 aderit
1301 1833 1416 1868 mea
1451 1814 1606 1866 Delia
1645 1825 1841 1879 οιιεῑοε,

393 1915 533 1965 Area
567 1912 696 1965 dum
729 1929 923 1971 messes
959 1913 1070 1964 sole
1110 1914 1310 1964 calente
1345 1921 1503 1975 teret,

324 2008 433 2060 Aut
465 2008 597 2060 mihi
631 2008 862 2067 servabit
893 2006 1064 2075 plenis
1100 2006 1158 2058 in
1193 2005 1440 2058 lintribus
1482 2020 1610 2057 uvas

398 2103 691 2172 Pressaque
725 2103 895 2156 veloci
932 2099 1153 2152 candida
1187 2111 1359 2153 musta
1396 2098 1556 2167 pede,

329 2197 605 2247 Consuescet
638 2213 916 2248 numerare
952 2212 1113 2261 pecus
1151 2204 1248 2246 cet.

187 2287 338 2340 Adde
388 2291 443 2355 Ι,
486 2294 545 2354 6,
592 2295 683 2341 21.
778 2295 841 2351 9,
891 2292 976 2340 15.
1060 2295 1150 2352 10,
1199 2291 1286 2338 55.
1333 2313 1405 2324 -
1506 2287 1710 2337 Verum
1770 2296 1895 2335 sunt

189 2383 345 2434 etiam
382 2383 486 2435 alia
520 2380 827 2436 variationis
865 2379 1097 2433 artificia.
1163 2381 1402 2433 Primum
1438 2381 1719 2450 apostrophe
1753 2379 1896 2429 illata

189 2489 240 2530 et
272 2478 521 2543 transitus
555 2496 587 2529 a
620 2477 774 2528 tertia
811 2492 1040 2543 persona
1075 2474 1143 2527 ad
1181 2477 1344 2540 hanc,
1395 2477 1461 2527 ab
1487 2476 1596 2528 'hac
1635 2473 1700 2526 ad
1736 2475 1894 2538 illam,

186 2571 250 2622 de
293 2589 399 2639 qua
441 2588 503 2621 re.
540 2569 663 2623 satis
700 2569 894 2621 dictum
929 2587 1117 2638 supra3
1172 2567 1362 2622 deinde
1398 2571 1684 2628 exclamatio
1722 2586 1896 2620 succe-

188 2665 347 2729 dens,
396 2674 454 2715 ut
489 2663 548 2714 in
581 2665 685 2716 hoc
725 2665 776 2728 Ι,
814 2668 879 2730 3,
918 2667 985 2715 15
1023 2680 1169 2733 sqq-2

327 2759 448 2827 Ipse
485 2774 588 2825 ego·
616 2758 842 2823 solator,
893 2775 1012 2810 cum
1047 2759 1153 2810 iam
1189 2754 1433 2809 mandata
1470 2755 1759 2821 dedissem,

402 2850 732 2916 Quaerebam
767 2850 940 2904 tardas
982 2853 1170 2904 anxius
1207 2869 1375 2921 usque
1414 2868 1608 2903 moras·

333 2949 438 2998 Aut
474 2963 569 3013 ego
606 2964 722 2999 sum
758 2956 998 2999 causatus
1037 2965 1158 3000 aves
1197 2958 1286 2998 aut
1322 2947 1501 2999 omina
1533 2945 1678 3009 dira,

405 3041 622 3094 Saturni
667 3051 759 3094 aut
793 3058 991 3095 sacram
1030 3061 1119 3094 me·
1148 3044 1377 3094 tenuisse
1416 3041 1569 3094 diem.

336 3136 383 3192 Ο
424 3138 665 3206 quotiens
701 3136 964 3206 ingressus
1000 3138 1102 3188 iter
1140 3148 1235 3188 cet.

192 3233 395 3301 Nempe
443 3247 611 3284 nexus
656 3232 739 3283 hic
785 3241 892 3284 est:
946 3234 1064 3300 Ipse
1107 3249 1199 3299 ego
1230 3242 1290 3283 ‘et
1329 3239 1446 3283 ante
1493 3229 1593 3279 iter
1641 3229 1902 3294 inceptum
