2158 3750
680 275 866 328 LIBR.
902 279 943 329 1.
1013 276 1218 331 ELEG.
1255 278 1349 329 VI.
1761 283 1860 330 137

167 416 374 464 amictus,
403 417 609 460 Tacrrus
641 418 791 461 Germ.
818 421 902 462 172
922 418 1193 474 fluitantem
1220 425 1386 462 vestem
1413 423 1459 463 et
1484 420 1670 464 Vmem.
1698 418 1803 462 Aen.
1830 420 1869 473 Ι,

167 503 281 544 320:
330 498 458 541 sinus
486 501 689 556 fluentes
722 500 846 544 dixit.
909 499 1204 555 Compositum
1250 499 1445 556 effluet&
1473 515 1561 546 uuo
1603 502 1866 545 CLAUDIAM

169 583 266 624 loco
298 582 536 625 defendunt
567 583 622 626 de
651 583 729 627 IV.
765 584 896 627 Cous.
928 583 1113 626 Honorii
1140 587 1256 627 208:
1317 584 1462 627 Simili
1492 585 1694 643 chlamys
1723 583 1870 640 effluit

170 681 298 719 auro,
329 665 407 708 sed
437 667 658 709 Tibullum
691 679 746 709 eo
777 678 904 709 usum
935 668 1064 710 etiam
1102 674 1333 724 propterea
1363 670 1530 722 dubito,
1557 653 1659 724 quia
1691 667 1870 710 fortiore

168 750 482 803 significatione
514 761 600 790 nou
629 761 740 803 opus
769 746 865 791 hoe·
883 749 995 801 loco,
1034 754 1080 790 et
1110 750 1240 804 plane
1271 750 1432 794 sufficit
1460 751 1643 806 simplex
1676 749 1870 793 verbum·

169 831 474 873 Praetulerunt
501 829 585 872 hoc
613 829 857 883 Humum,
899 831 1115 885 Vos-ms,
1156 833 1586 886 thnnnmcmus,
1641 834 1874 885 BAcmus3

170 913 316 968 effluit
367 915 601 970 probarunt
655 914 1047 968 BaoucxnusmS,
1093 917 1372 959 Gnonovms
1420 917 1667 960 Observatt.
1713 917 1770 970 ΙΙ,
1814 921 1874 969 7.,

168 996 466 1050 Huscnxms,
509 998 910 1043 (:”·o1,1313urt1s.·—v
942 1003 1084 1054 toga
1127 1000 1283 1053 laxa,
1326 1000 1423 1042 fusa
1453 1002 1685 1056 opponitur
1714 1004 1875 1052 arctae,

174 1078 387 1132 exiguae,
433 1079 637 1132 strictae,
679 1080 931 1133 restrictae,
969 1080 1024 1124 cf.
1068 1082 1300 1126 VULPmM.
1359 1081 1470 1124 Erat
1508 1094 1612 1124 vero
1652 1086 1756 1136 toga
1797 1093 1875 1123 sex

170 1160 292 1202 ulnas
322 1161 464 1215 ampla
494 1160 674 1204 divitum
701 1151 757 1205 ac
787 1161 1132 1216 delicatiorum,
1166 1163 1222 1206 cf.
1242 1163 1427 1207 Hoau.
1458 1163 1602 1220 Epod.
1635 1166 1679 1217 4,
1709 1167 1769 1216 8.,
1799 1163 1876 1204 ubi

171 1242 227 1286 cf.
259 1244 581 1298 MITscmmL„
613 1250 659 1288 et
687 1245 986 1291 Bnoucxnns.
1014 1246 1071 1289 ad
1101 1247 1262 1290 Tibull.
1293 1248 1328 1302 Ι,
1351 1250 1402 1301 «9,
1431 1251 1506 1291 70.
1532 1269 1592 1279 --
1627 1247 1681 1290 V.
1720 1247 1776 1287 41
1809 1258 1875 1299 sq.

173 1327 457 1381 Quisquis
488 1332 544 1369 et
573 1334 888 1383 occurret,-
910 1330 953 1372 in
984 1330 1080 1384 via,
1110 1343 1180 1372 me
1209 1331 1399 1386 puellam
1428 1329 1630 1372 ducente.
1695 1327 1880 1370 Confert

174 1409 367 1451 Vossms
396 1409 541 1452 Plaut.
572 1409 746 1454 Curcul.
778 1410 835 1464 II,
863 1415 909 1465 2,
938 1414 1024 1454 272
1066 1411 1334 1455 Parasitum
1383 1419 1514 1453 tuum
1554 1411 1682 1454 video
1723 1424 1878 1451 occur-

175 1498 343 1532 rentem
378 1491 514 1534 ellum
555 1506 697 1550 usque
737 1492 786 1534 in
823 1491 985 1548 platea
1017 1491 1282 1540 ultimass—
1327 1506 1392 1535 ne
1437 1493 1624 1548 possit
1664 1493 1879 1534 crimen

180 1573 423 1629 babere,
461 1588 517 1619 ne
556 1577 694 1632 possit
724 1588 906 1632 peccare
938 1576 1063 1618 Delia
1088 1581 1200 1620 nutu
1243 1575 1403 1619 furtivo
1447 1576 1630 1631 aliisque
1669 1575 1880 1618 similibus

174 1658 311 1712 siguis
353 1663 399 1702 et
436 1659 656 1713 nequitiis.
685 1682 747 1690 —-
792 1659 953 1701 Ultima
991 1671 1093 1714 pars
1134 1659 1413 1714 pentametri:
1460 1663 1559 1700 aut
1600 1659 1716 1700 alia
1761 1661 1882 1700 stet

175 1743 377 1796 procul
419 1755 484 1784 an
498 1747 554 1785 te
596 1742 711 1796 via,
759 1742 948 1796 genuina
991 1753 1075 1785 non
1127 1746 1194 1784 est
1234 1745 1283 1785 ut
1323 1745 1468 1798 patet,
1513 1739 1590 1783 sed
1627 1739 1882 1796 interpolata

178 1825 351 1881 inepte,
392 1837 625 1891 (muhata
653 1826 784 1868 verba
814 1826 1089 1874 excidissent.

297 1907 352 1951 V.
399 1909 582 1950 43-84.
656 1909 802 1955 Pars
840 1908 1034 1951 altera
1079 1908 1254 1951 medii
1301 1909 1586 1952 carminis.
1666 1910 1884 1951 Poena-

179 1999 294 2030 rum
344 1987 673 2032 divinarum
717 1994 943 2034 tenore
988 2003 1349 2034 commovere
1398 1991 1640 2032 animum
1683 1992 1886 2033 Deliae

177 2069 398 2123 studet,
439 2071 1038 2127 interpositamtamen
1064 2073 1237 2115 etiam
1268 2073 1494 2115 leuiore
1525 2072 1884 2116 hortatione.

177 2154 243 2195 Ac
274 2154 455 2209 primum
486 2157 662 2198 oraculo
693 2157 932 2199 sacerdotis
961 2157 1172 2200 Bellonae
1206 2162 1343 2200 terret
1383 2158 1727 2213 superstitiosam
1759 2159 1888 2213 puel·-

178 2235 290 2290 lam,
334 2243 538 2292 precatur
567 2243 711 2282 tamen
742 2239 778 2282 si
808 2239 911 2294 quid
945 2239 1170 2293 admittat,
1213 2245 1260 2282 ut
1295 2253 1350 2283 ne
1391 2241 1518 2282 nimis
1562 2241 1705 2294 gravis
1745 2253 1885 2295 poena

176 2320 258 2373 sit,
301 2321 409 2363 iram
448 2327 628 2378 propter
667 2327 848 2366 matrem
893 2325 1143 2376 remittens,
1189 2329 1235 2366 et
1274 2323 1465 2366 favorem
1507 2327 1678 2365 amatae
1721 2325 1884 2376 captat,

179 2405 309 2446 etiam
341 2405 423 2447 sibi
454 2405 584 2449 duras
613 2407 735 2461 leges
779 2407 1027 2463 imponens,
1067 2409 1220 2451 ultimo
1266 2421 1369 2451 vero
1411 2409 1508 2450 loco
1550 2409 1586 2450 si
1619 2405 1890 2449 nihilominus

182 2501 366 2544 peccare
408 2495 590 2546 pergat,
636 2491 823 2534 ostendit
853 2497 985 2547 poeta
1027 2493 1310 2536 miserrimam
1342 2491 1382 2535 ei
1416 2493 1458 2534 in
1489 2495 1715 2534 senectute
1746 2490 1888 2533 fortu-

185 2584 283 2615 nam
315 2574 502 2628 instare,
533 2588 618 2629 qua
647 2575 800 2618 infidas
831 2577 979 2619 Venus
1010 2579 1151 2619 soleat
1182 2577 1349 2633 punire.

300 2656 355 2699 V.
391 2658 450 2698 43
481 2670 545 2711 sq.
601 2658 732 2712 ipse
773 2657 927 2701 deus.
991 2659 1208 2701 Hermus
1250 2659 1390 2714 ipsum
1435 2669 1591 2699 numen
1623 2655 1813 2698 divinum
1845 2656 1889 2697 in

181 2750 345 2791 genere
370 2738 589 2794 intelligit,
621 2739 699 2782 sed
729 2753 827 2782 eum
859 2740 913 2782 ad
942 2740 1179 2783 sacerdotis
1209 2742 1342 2783 verba
1367 2744 1575 2796 provocet
1608 2744 1753 2794 poeta,
1785 2736 1891 2780 haec

180 2827 323 2864 nutem
356 2835 395 2865 v.
426 2825 502 2865 51.
534 2823 674 2867 dicat:
714 2823 891 2880 parcite
933 2839 1069 2882 qaam
1114 2823 1313 2866 custodit
1345 2824 1514 2868 Amor,
1564 2820 1733 2863 violare
1760 2819 1893 2876 puel-

181 2902 299 2948 lam,
343 2917 428 2947 nou
460 2905 703 2949 dubitamus
731 2920 831 2950 cum
862 2908 957 2950 aliis
993 2908 1198 2950 Amorem
1240 2907 1368 2949 etiam
1404 2904 1472 2947 hic
1503 2905 1772 2958 intelligere,
1815 2903 1890 2957 qui

182 2990 394 3031 maximus
437 2991 668 3033 amantium
709 2991 816 3035 deus
859 2997 927 3034 est
965 2996 1009 3034 et
1050 3005 1182 3048 saepe
1223 2987 1321 3032 κατ’
1348 2986 1500 3046 ἓξοχήν
1539 2990 1593 3032 ab
1636 2988 1700 3031 his
1747 2989 1891 3044 poetis

185 3071 293 3115 deus
326 3075 583 3129 appellatur,
610 3079 661 3118 ut
682 3073 720 3128 Ι,
750 3077 901 3130 boo.
935 3079 980 3129 5,
1010 3079 1085 3119 20.
1114 3080 1159 3129 8,
1189 3080 1218 3119 7
1250 3081 1294 3119 et
1325 3080 1397 3120 56.
1433 3079 1475 3129 9,
1510 3078 1659 3118 72.-
1691 3086 1890 3127 magna

184 3156 479 3200 sacerdos.
559 3156 754 3202 Constat*-
784 3156 937 3200 aedem
990 3158 1198 3201 Bellonae
1250 3158 1305 3200 ab
1354 3157 1496 3213 Appio
1546 3155 1731 3198 Claudio
1777 3156 1893 3198 bello

188 3236 375 3282 Etrusco
405 3244 576 3291 votam,
623 3244 716 3282 tum
745 3244 1013 3283 exaetructam
1043 3253 1140 3284 esse
1174 3241 1228 3283 ad
1260 3241 1435 3283 Circum
1468 3239 1727 3282 Flaminium
1772 3242 1895 3280 extra

189 3321 366 3375 urbem,
397 3321 454 3365 cf.
486 3322 586 3365 L1v.
618 3321 675 3374 X,
708 3321 791 3374 19,
832 3326 877 3364 et
905 3321 1235 3378 Inscriptionem
1270 3321 1423 3378 lapidis
1455 3320 1571 3377 apud
1601 3321 1811 3364 NssArou.
1840 3320 1893 3360 ad

190 3403 317 3447 ovid.
346 3403 463 3446 Fast.
499 3404 574 3458 Vl,
602 3407 708 3447 201.
770 3403 855 3447 Hic
887 3416 991 3447 vero
1014 3403 1262 3461 fanaticus
1297 3405 1439 3447 cultus
1471 3404 1583 3447 inter
1613 3403 1754 3447 civilia
1786 3402 1899 3453 bella
