2158 3750
638 276 821 329 LlBR.
858 278 922 328 11.
994 278 1197 332 ELEG.
1234 281 1327 332 lv.
1723 292 1825 338 259

133 425 187 468 ad
217 426 416 482 Propert.
450 425 509 479 ll,
539 429 582 478 7,
613 439 656 482 ρ.
690 429 814 478 126.,
861 424 941 468 hoc
983 432 1125 470 tamen
1168 426 1264 469 loco
1306 424 1361 470 de
1393 439 1531 482 poena
1561 427 1727 482 agitur,
1777 435 1825 472 ut

131 510 278 563 vides3
309 512 499 567 postulat
528 516 576 554 ut
606 516 819 554 tormenta
851 513 941 554 irae
973 516 1195 555 removeat
1224 510 1438 555 Nemesis.
1473 533 1530 546 -
1588 513 1639 559 V.
1669 518 1697 556 7
1728 527 1824 567 sqq.

131 607 196 637 ue
226 596 441 651 possim
477 594 517 639 h.
550 608 589 639 e.
619 596 782 639 utinam
810 596 906 638 fieri
937 597 1074 650 possit
1104 601 1151 638 ut
1181 609 1266 639 non
1294 598 1501 649 sentiam,
1544 597 1825 651 quemadmo-

132 678 234 721 dum
275 678 384 721 infra
423 678 502 732 Ill,
531 681 574 731 4,
612 681 686 721 82.
728 678 912 721 dictum:
965 677 1027 717 αῘι
1069 691 1151 734 ego
1192 692 1247 718 ne
1285 677 1455 733 possim
1497 685 1635 720 tanta
1662 679 1825 724 >videre

130 759 268 802 mola.
331 759 430 802 Nou
461 763 528 802 est
557 760 689 814 igitur
719 759 854 801 inanis
885 758 1240 814 circumscriptio.
1261 782 1318 790 —
1349 761 1402 802 in
1434 762 1651 814 gelidis
1682 776 1827 807 mon-

132 843 293 884 tibus
335 855 461 885 esse
503 841 662 896 lapis,
723 841 925 883 Suaviter
962 838 1124 898 gelidis
1155 839 1329 883 adiuvat
1358 843 1631 898 seutentiam.
1692 846 1827 891 Cete-

132 939 227 969 rum
257 927 461 969 Vum’ms
488 923 657 968 confert
687 925 824 967 Ovm.
855 923 970 980 Epp.
1001 937 1058 966 ex
1088 924 1232 967 Ponto
1255 924 1288 976 1,
1318 928 1362 978 2,
1393 928 1477 968 31:
1504 925 1693 969 Felicem
1713 927 1828 971 Nio-

133 1005 236 1052 ben,
266 1004 470 1064 quamvis
499 1011 569 1047 tot
593 1004 765 1062 funera
797 1003 937 1049 vidit,
977 1005 1105 1061 Quae
1129 1005 1284 1061 posuit
1315 1022 1490 1049 sensum
1520 1023 1660 1050 saxea
1682 1009 1839 1068 facla’

131 1087 253 1131 mali.
318 1089 365 1131 V
360 1103 408 1130 os
438 1101 612 1146 quoque
630 1085 810 1145 felices,
841 1101 1034 1145 quarum
1064 1087 1311 1130 clamantia
1331 1088 1535 1147 fratrem
1557 1090 1726 1134 Cortice
1751 1106 1828 1135 ve-

130 1170 247 1211 lavit
271 1169 468 1227 populus
498 1184 580 1212 ora
608 1185 733 1214 novo.
796 1169 882 1212 Ille
910 1185 991 1230 ego
1019 1187 1144 1227 sum,
1183 1171 1354 1231 lignum
1385 1173 1464 1232 qui
1491 1189 1577 1217 non
1607 1174 1827 1219 admittar

133 1252 179 1294 in
211 1251 378 1299 ullum,
422 1252 506 1294 Ille
546 1267 627 1311 ego
665 1269 764 1296 sum
800 1253 991 1311 frustra
1024 1254 1104 1314 qui
1132 1254 1250 1313 lapi-5
1277 1270 1369 1300 esse
1399 1255 1543 1304 velim.
1577 1281 1628 1292 —-
1690 1260 1828 1304 Porro

133 1338 306 1380 Stare
337 1338 428 1380 scil.
462 1337 705 1392 immobilis,
735 1338 852 1394 quod
883 1339 990 1383 latet
1021 1340 1062 1381 in
1089 1341 1234 1387 verbo.
1258 1365 1306 1374 —
1337 1344 1582 1397 insanis,
1612 1350 1661 1388 ut
1691 1346 1828 1392 Vme.

131 1421 287 1476 Eclog.
319 1421 398 1475 lx,
425 1423 509 1464 43:
554 1420 705 1463 insani
719 1422 921 1478 fluctus,
952 1423 1091 1466 Ovm.
1126 1423 1233 1468 Met.
1266 1424 1365 1479 XII,
1392 1429 1506 1469 510:
1550 1425 1726 1470 insanis
1754 1428 1828 1471 vi-

132 1505 257 1547 ribus
284 1503 467 1551 Austri,
496 1509 542 1547 et
568 1505 711 1548 STAT.
737 1505 843 1549 Silv.
866 1505 901 1558 1,
927 1508 1043 1548 566:
1074 1504 1262 1547 insanus
1294 1504 1438 1551 turbo,
1475 1509 1612 1550 Ovm.
1645 1509 1828 1553 Heroid.

132 1591 167 1643 l,
193 1595 244 1633 6:
279 1589 450 1631 insanis
474 1589 619 1647 aquis,
650 1590 888 1632 PuoPssnw.
916 1589 994 1645 111,
1019 1593 1063 1642 7,
1087 1593 1130 1632 6.
1162 1591 1334 1633 Smmc.
1367 1591 1544 1647 Hippol.
1572 1596 1675 1635 700.
1705 1593 1826 1637 Med.

131 1677 247 1716 ⁷65:
278 1673 486 1716 insanum
515 1686 650 1716 mare.
681 1696 738 1703 —
770 1673 879 1715 Mox
910 1673 1207 1728 Naufraga
1237 1674 1404 1728 unda,
1438 1673 1689 1730 vehemens,
1720 1691 1830 1732 qua-

133 1757 184 1799 lis
215 1762 284 1799 est
311 1770 442 1800 causa
470 1753 718 1810 naufragiis.
778 1755 857 1798 sie
899 1753 1136 1812 naufraga
1166 1762 1405 1812 tempestas
1446 1757 1624 1799 VALER.
1661 1758 1827 1801 FnAcc.

132 1842 167 1894 Ι,
208 1843 317 1884 584.
365 1839 568 1884 laudante
610 1840 790 1884 Vunmo
833 1844 879 1882 et
920 1840 1326 1893 thusnmcmo,
1380 1839 1662 1898 naufragum
1708 1855 1830 1882 mare

131 1928 313 1970 Honxr.
349 1927 385 1980 1,
415 1929 487 1980 16,
517 1929 615 1979 10.,
655 1924 939 1983 naufragum
967 1922 1144 1980 fretum
1187 1926 1324 1968 Ovm.
1361 1924 1469 1967 Met.
1495 1924 1616 1979 xlv,
1647 1929 1690 1971 6.
1734 1927 1829 1968 lau-

131 2009 261 2053 dante
303 2010 479 2054 Vossm.
551 2008 762 2054 Ceterum¹
797 2021 884 2052 non
932 2021 1043 2064 opus
1085 2007 1274 2063 graviori
1315 2020 1421 2053 voce
1461 2007 1534 2050 ira
1579 2021 1643 2063 pr.
1691 2008 1832 2058 unda,

54 2118 58 2122 -
130 2105 259 2146 quam
303 2092 494 2135 Vossms
536 2103 635 2134 cum
677 2090 1007 2134 Baoucxutsslo
1052 2091 1254 2146 postulat.
1290 2114 1350 2122 --
1392 2090 1540 2134 vasti
1571 2094 1640 2134 est
1671 2104 1830 2147 perpe-

129 2177 252 2216 tuum
281 2172 480 2228 quidem,
522 2171 637 2227 quod
670 2171 841 2226 dicunt,
886 2172 1014 2219 maris
1045 2170 1290 2228 epitheton,
1333 2173 1507 2222 minime
1538 2179 1682 2217 tamen
1712 2175 1828 2223 otio-

75 2247 79 2250 ’
131 2271 225 2301 aum
258 2256 340 2310 hic,
372 2270 470 2300 cum
501 2261 651 2300 cautes
679 2256 948 2300 describatur
976 2256 1021 2299 iu
1049 2255 1192 2299 medio
1223 2257 1329 2299 mari
1361 2258 1416 2299 ab
1448 2259 1564 2301 omni
1593 2263 1717 2315 parte
1749 2271 1829 2301 ex-

131 2344 299 2400 positus
327 2342 467 2385 undis.
527 2341 845 2396 Comparantur
873 2339 1042 2396 scopuli
1078 2343 1124 2382 et
1163 2351 1272 2382 saxa
1312 2339 1476 2381 marina
1517 2339 1634 2395 apud
1678 2345 1830 2395 poetas

131 2426 202 2469 vel
231 2425 286 2468 ad
325 2423 609 2468 constantiam
638 2421 895 2479 intrepidam
935 2426 980 2464 et
1009 2425 1168 2464 statum
1200 2421 1463 2465 immobilem
1500 2421 1832 2478 designandum,

134 2513 184 2551 ut
215 2508 339 2551 Ηοιι.
368 2506 419 2550 ΙΙ.
449 2505 548 2559 XV,
578 2508 682 2549 618.
723 2509 769 2547 et
799 2505 972 2548 Sanno.
1005 2503 1093 2548 Vit.
1126 2503 1252 2547 Beat.
1283 2507 1386 2557 27„
1428 2505 1497 2548 vel
1539 2505 1596 2550 ad
1641 2507 1830 2553 surdita÷

133 2598 221 2635 tem
260 2594 336 2634 aut
371 2602 525 2633 seusus
555 2592 781 2644 expertem
811 2587 1025 2639 animum,
1068 2585 1428 2640 quemadmodum
1460 2587 1644 2632 Houn.
1675 2588 1756 2643 111,
1788 2594 1832 2643 7,

130 2676 208 2718 21.
236 2671 378 2729 Epod.
408 2670 553 2723 XVII,
581 2673 670 2722 53„
698 2668 799 2723 ibiq.
834 2669 1132 2712 erscnssun·
1194 2669 1358 2712 Similis
1391 2675 1457 2712 est
1489 2668 1557 2714 hic
1587 2683 1657 2714 res
1687 2676 1736 2715 ut
1766 2672 1833 2714 vi-

131 2756 237 2808 des3
280 2766 409 2798 sensu
440 2758 485 2796 et
514 2752 656 2796 animo
685 2764 836 2795 carcre
865 2764 915 2794 se
945 2751 1074 2794 malle
1105 2751 1235 2806 dicit,
1279 2753 1318 2795 si
1359 2753 1454 2796 fieri
1485 2759 1656 2810 posset,
1702 2769 1829 2811 quam

132 2839 248 2883 ferre
275 2838 437 2880 diutius
462 2835 539 2880 baa
568 2848 794 2879 aerumnas
823 2837 982 2880 amoris
1004 2835 1188 2879 adversi.
1248 2836 1477 2886 Postremo
1502 2836 1678 2881 attende
1701 2839 1832 2881 etiam

134 2921 190 2965 ad
220 2926 464 2976 temporum
495 2917 867 2961 coniunctionem=
915 2930 942 2960 n
968 2930 994 2960 e
1035 2919 1248 2974 possim
1283 2941 1342 2949 —
1375 2919 1545 2964 Quam
1589 2919 1830 2962 mallem.

135 3004 200 3045 Ac
240 3015 294 3043 ne
327 3000 496 3057 possim
529 2997 634 3041 dicit
671 2997 838 3041 directo
876 3002 978 3041 voto
1019 3005 1064 3042 et
1096 3004 1251 3055 optans
1283 3000 1399 3054 quod
1430 3015 1456 3043 a
1487 3001 1578 3044 sola
1611 3002 1833 3045 voluntate

135 3084 336 3129 Nemesis
367 3081 552 3139 pendet,
595 3079 770 3123 mallem
800 3085 945 3124 autem
975 3080 1081 3124 dicit
1113 3078 1419 3136 hypothetice,
1465 3084 1646 3137 loquens
1676 3082 1732 3127 de
1762 3097 1832 3134 eo,

134 3167 248 3223 quod
282 3166 456 3209 minime
497 3167 565 3207 est
605 3163 837 3207 verisimile
878 3169 923 3207 et
963 3164 1059 3207 fieri
1100 3165 1277 3220 nequit3
1321 3165 1399 3208 sed
1443 3166 1740 3211 tantummodo
1778 3166 1834 3211 ad

135 3248 471 3304 magnitudinem
504 3246 669 3289 doloris
698 3245 999 3290 declarandam
1032 3245 1113 3290 hoc
1145 3253 1212 3291 est
1238 3249 1428 3303 dictum,
1458 3262 1508 3293 se
1536 3249 1724 3306 lapidem
1756 3257 1834 3294 aut

137 3336 306 3374 cautem
346 3330 439 3374 fieri
479 3330 635 3383 malle,
680 3342 764 3373 non
805 3335 948 3374 autem
990 3343 1140 3374 revera
1172 3333 1263 3377 fiet.
1296 3356 1354 3365 --
1390 3333 1580 3376 noctis
1622 3333 1831 3385 umbra,

137 3413 353 3466 tenebrae,
386 3412 524 3456 Vino.
556 3412 711 3468 Eclog·
741 3412 859 3466 Vlll,
889 3415 952 3456 14.
986 3415 1093 3458 Aen·
1122 3415 1178 3470 ΙΙ,
1207 3419 1309 3460 621.
1372 3417 1515 3471 Saepe
1548 3429 1650 3458 vcro
1686 3415 1832 3459 dicunt

1261 3501 1361 3548 17*
