2158 3750
672 299 856 350 LIBR.
893 298 959 348 11.
1031 296 1233 348 ELEG.
1267 296 1363 347 VI.
1746 301 1848 346 305

147 441 294 486 feret?
354 441 453 486 Nou
495 447 563 485 est
601 442 823 486 credibile.
887 443 952 486 An
997 442 1218 486 revocabit
1261 455 1361 486 eum
1407 455 1432 484 e
1475 441 1592 485 bello
1623 439 1850 484 desideriis

145 525 338 569 amoris?
397 526 597 569 suaserit
626 524 708 568 hoc
739 526 895 580 aliquis
924 525 1020 568 deo.
1081 526 1131 568 Si
1163 530 1309 568 tamen
1342 523 1442 568 huic
1473 523 1586 566 aliud
1617 523 1844 579 placuerit,

146 611 186 652 si
215 610 461 664 neglexerit
489 609 717 662 Macrum,
763 613 808 650 et
839 608 997 649 liberos
1028 607 1178 650 videro
1211 607 1368 650 milites
1400 620 1496 650 esse
1527 607 1708 662 imperio
1738 607 1844 660 eius,

148 692 296 747 quidni
338 696 385 734 et
421 692 517 747 ipse
555 703 684 744 quam
725 690 909 744 primum
949 691 1072 732 miles
1114 692 1240 743 fiam,
1286 696 1333 733 ut
1377 692 1580 746 effugiam
1625 703 1850 735 aerumnas

150 773 346 816 amoris?
417 772 477 815 Et
517 772 714 828 profecto
754 771 815 813 ita
856 770 1039 823 saciam3
1087 778 1231 813 castra
1261 777 1388 827 peto,
1434 774 1607 815 valeant
1636 773 1854 829 puellae.“

151 857 242 900 Sed
274 870 377 899 ecce
410 855 483 910 (ut
510 855 654 897 statim
684 852 842 895 addam
870 853 1096 907 proxima)
1129 858 1308 907 repente
1339 854 1521 895 mutabit
1552 854 1710 897 iterum
1740 853 1849 897 hanc

149 940 429 992 sententiam,
468 935 703 980 recordans
744 934 918 976 nimiam
961 947 1058 976 esse
1103 934 1185 976 vim
1219 936 1379 977 amoris
1415 935 1458 977 in
1490 949 1589 979 sese
1619 950 1702 980 nec
1731 937 1852 982 abire

148 1036 199 1064 se
228 1035 370 1077 posse.
432 1022 580 1066 Quare
609 1017 714 1061 nihil
743 1019 828 1061 iam
865 1023 1001 1062 restat
1032 1031 1160 1073 quam
1202 1023 1250 1062 ut
1290 1025 1464 1062 maneat
1512 1026 1557 1063 et
1598 1027 1772 1077 speret,
1816 1024 1854 1065 si

151 1104 266 1147 forte
307 1102 422 1146 flecti
466 1102 601 1158 possit
643 1101 857 1145 Nemesis,
919 1101 1054 1145 Vides
1097 1115 1269 1145 cursum
1310 1116 1454 1145 rerum
1496 1103 1551 1146 ad
1595 1105 1857 1149 dramaticae

151 1189 258 1231 artis
294 1187 624 1230 similitudinem·
660 1186 964 1242 compositum·
1026 1185 1126 1229 Hoc
1168 1187 1282 1230 enim
1314 1188 1428 1231 inter
1467 1189 1572 1232 istas
1614 1189 1670 1235 de
1713 1191 1856 1236 Macri

152 1272 424 1328 profectione
454 1272 740 1326 cogitationes
770 1271 977 1326 paulatim
1009 1283 1190 1313 nascens
1234 1273 1460 1316 consilium
1502 1274 1715 1327 abeundi,
1763 1280 1857 1319 tum

150 1356 326 1398 fortiter
354 1361 554 1411 captum,
597 1368 701 1397 mox
732 1367 837 1397 vero
867 1356 1022 1397 iterum
1055 1356 1298 1409 abiectum,
1343 1356 1447 1410 quid
1481 1362 1549 1399 est
1579 1357 1695 1400 aliud
1727 1371 1856 1413 quam

152 1441 298 1493 imago
332 1439 459 1481 animi
491 1437 574 1482 huc
601 1440 704 1482 illuc
734 1439 1010 1492 fluctuantis,
1053 1445 1100 1481 ut
1141 1452 1238 1482 cum
1269 1439 1313 1481 in
1344 1453 1476 1482 scena
1507 1453 1578 1482 res
1608 1443 1718 1484 fiunt
1751 1447 1853 1484 ante

153 1522 304 1564 oculos
334 1521 541 1564 nostros?
601 1523 744 1575 Atque
774 1521 818 1562 in
849 1519 958 1562 hauc
989 1533 1079 1561 rem
1113 1532 1217 1562 usus
1259 1526 1390 1576 poeta
1422 1527 1489 1563 est
1518 1522 1658 1564 Macri
1689 1535 1854 1577 nupero

152 1604 371 1658 discessu,
411 1604 486 1658 qui
527 1601 639 1645 baud
682 1603 812 1645 dubie
848 1603 1012 1644 amicus
1060 1603 1153 1644 eius
1197 1602 1293 1645 fuit.
1356 1603 1561 1646 Ceterum
1594 1605 1855 1647 mutationes

153 1688 410 1741 sententiae,
440 1687 607 1730 consilii
638 1687 767 1730 etiam
799 1687 843 1729 in
875 1688 971 1729 aliis
1003 1686 1195 1730 exordiis
1226 1687 1435 1739 vidimus3
1474 1692 1617 1730 tamen
1643 1688 1857 1743 propositi

154 1772 356 1814 carminis
385 1771 598 1822 introituS,
632 1769 747 1824 quod
775 1771 976 1812 ultimum
1008 1769 1180 1812 videtur
1209 1782 1236 1811 a
1266 1774 1398 1824 poeta
1430 1770 1652 1825 scriptum,
1696 1771 1854 1813 ceteris

154 1855 200 1897 in
233 1852 314 1897 hoc
344 1866 506 1909 genere
537 1851 813 1895 artificiosior
845 1856 925 1895 est.
956 1876 1018 1885 -—
1059 1852 1111 1895 V.
1145 1854 1197 1892 11
1233 1863 1327 1905 sqq.
1388 1851 1599 1904 Magna
1632 1853 1858 1906 loquor,

155 1937 332 1991 glorior.
403 1936 524 1980 Idem
570 1940 640 1979 est
680 1935 918 1994 mogmfice
958 1935 1106 1994 loqui,
1154 1941 1200 1978 et
1242 1935 1359 1990 quod
1403 1949 1482 1991 per
1520 1938 1856 1979 cumulationem

155 2018 232 2072 (cf.
262 2017 317 2060 ad
352 2018 388 2071 I,
419 2022 463 2071 5,
497 2018 589 2072 65.)
633 2017 817 2070 dicitur,
860 2016 1098 2074 mogmflce
1138 2031 1304 2074 magna
1339 2017 1477 2075 loqui.
1541 2018 1653 2062 Vide
1695 2019 1750 2061 de
1793 2018 1858 2061 his

155 2101 446 2144 locutionibus
476 2101 847 2143 Bnouoxnosum
879 2105 924 2144 et
955 2102 1175 2143 memu
1210 2099 1263 2143 ad
1295 2099 1408 2144 hunc
1436 2101 1579 2144 locum
1611 2105 1657 2144 et
1686 2101 1860 2144 Pissa-

70 2247 74 2250 .
155 2198 335 2228 RA'rmn
378 2185 434 2228 ad
478 2185 678 2242 Propert.
721 2185 779 2239 ΙΙ,
814 2189 883 2240 19,
912 2189 987 2228 71.
1032 2185 1232 2228 laudatos
1278 2185 1409 2228 etiam
1451 2186 1507 2228 ab
1549 2185 1768 2239 Hmrmo,
1815 2191 1859 2228 et

160 2270 611 2313 Mun-scnmmcmmn
639 2268 695 2311 ad
724 2268 882 2311 Horat.
915 2268 992 2322 lv,
1023 2271 1067 2321 6,
1088 2271 1132 2311 2.
1196 2267 1471 2310 Contrarium
1503 2266 1647 2310 verbis
1678 2267 1860 2310 minori--

160 2352 242 2396 bus
274 2353 368 2400 uti,
408 2353 546 2396 Ovln.
574 2352 686 2396 Met.
716 2352 795 2406 VI,
829 2355 930 2395 151.
992 2351 1154 2394 Graeci
1183 2356 1394 2406 usurpant
1421 2353 1533 2404 μέγα
1564 2351 1719 2401 εἰπεῖν,
1750 2354 1860 2405 μέγα

158 2439 430 2487 μυθεῖσθαι,
459 2429 639 2488 μεγάλοι
664 2428 806 2487 λόγοι,
837 2427 1001 2488 μεγάλη
1031 2432 1228 2486 γλῶσσα,
1258 2432 1573 2488 μεγαληγορία,
1604 2433 1784 2486 similia,
1813 2439 1862 2476 ut

161 2523 344 2560 constat.
364 2540 420 2549 —
455 2516 632 2559 fortia
661 2515 840 2558 verba
871 2513 940 2557 hic
970 2519 1084 2568 sunt,
1116 2527 1228 2569 quae
1257 2514 1466 2557 audacem
1496 2516 1682 2558 animum
1713 2521 1863 2559 osten-

162 2600 296 2652 dunt,
337 2603 540 2641 monente
568 2598 962 2641 Wmmssnuomo.
1024 2596 1258 2639 confertur
1286 2597 1523 2640 Pnommw.
1555 2597 1591 2651 I,
1622 2601 1667 2651 5,
1700 2600 1772 2641 14.
1804 2621 1864 2631 -

161 2681 453 2726 Excutiun
466 2685 498 2726 t.
550 2680 714 2726 Clean.
745 2693 826 2737 pro
858 2680 967 2723 Suu.
1001 2694 1039 2723 c.
1071 2684 1124 2723 8:
1170 2680 1250 2738 qui
1285 2681 1328 2722 si
1355 2681 1600 2724 attulerint
1630 2697 1786 2725 nervos
1817 2689 1865 2724 et

158 2764 456 2812 industriam,
501 2763 611 2806 mihi
641 2763 791 2815 crede,
831 2763 1062 2804 excutient
1097 2762 1181 2804 tibi
1209 2763 1347 2807 istam
1379 2765 1612 2809 verborum
1647 2766 1865 2808 iactatio-

161 2861 283 2894 nem,
313 2847 515 2890 laudante
549 2847 743 2891 Hssrmo
775 2852 820 2891 et
851 2847 1209 2903 Bnotscmmsm,
1240 2851 1314 2904 qui
1346 2851 1474 2894 etiam
1507 2851 1615 2894 alios
1646 2852 1766 2894 locos
1796 2851 1864 2893 af-

162 2931 260 2975 fert.
322 2932 455 2975 Addit
495 2931 764 2976 Huscmmss
807 2932 963 2977 Aesch.
1005 2934 1226 2978 Prometh.
1259 2939 1374 2978 358:
1427 2932 1473 2982 ὃς
1505 2932 1639 2978 αιῗτδν
1673 2937 1864 2993 ἐξέπληξε

161 3017 248 3057 τῶν
280 3010 510 3072 ὑψηγόρων
540 3012 874 3066 κομπασμάτων.
947 3018 1150 3062 Ceterum
1181 3033 1302 3062 mens
1332 3020 1494 3074 Tibulli
1527 3020 1656 3064 haec:
1700 3021 1864 3075 Magna

164 3098 337 3153 quidem
382 3096 451 3141 hic
496 3099 675 3153 loquor,
734 3097 812 3141 sed
857 3103 1000 3141 tamen
1046 3113 1132 3142 non
1177 3102 1397 3156 perficiam
1441 3116 1558 3155 rem3
1607 3104 1864 3157 gloriantem

164 3181 293 3224 etiam
326 3180 556 3223 fortissime
586 3182 707 3238 ipsae
737 3183 910 3226 clausae
942 3183 1083 3238 fores,
1127 3198 1239 3240 quae
1270 3187 1366 3229 aliis
1397 3187 1586 3229 animum
1618 3186 1777 3230 addant
1809 3188 1864 3230 ad

168 3264 437 3318 abeundum,
478 3263 702 3309 retrahunt
730 3278 904 3323 semper
936 3269 1105 3323 magica
1137 3269 1318 3324 quadam
1352 3271 1408 3313 vi.
1440 3293 1499 3300 —
1544 3247 1741 3311 quravi
1783 3282 1864 3311 re-

168 3346 431 3391 diturum.
494 3349 560 3391 De
591 3348 824 3391 omissione
856 3351 1119 3404 pronominis
1150 3356 1249 3406 post
1284 3352 1368 3394 alia
1403 3351 1536 3393 verba
1568 3351 1753 3396 vidimus
1780 3350 1861 3390 inm

167 3441 296 3484 snpra
327 3428 361 3482 1,
392 3433 436 3483 3,
464 3430 550 3482 ²⁷3
594 3427 675 3473 hoc
707 3430 803 3473 loco
835 3428 1102 3474 lluscnxms
1134 3431 1263 3475 docte
1295 3433 1450 3487 probat
1489 3432 1697 3486 imprimis
1735 3432 1865 3472 etiam

1364 3522 1430 3563 20
