2158 3750
301 229 376 287 14
815 226 1121 285 TIBULLI
1185 226 1325 284 LIB.
1359 227 1397 284 Ι.
1431 240 1473 285 4.

324 382 571 442 §Nudus
618 395 670 440 et
714 381 985 440 hibernae
1024 379 1296 462 producis
1341 379 1558 460 frigora
1600 382 1864 455 brumae,

441 489 644 548 Nudus
688 502 741 547 et
786 487 977 547 aestivi
1021 501 1275 570 tempora
1317 487 1466 548 sicca
1513 488 1714 551 CaniS.’

363 597 459 655 Sic
502 618 636 674 ego:
701 608 820 653 tum
862 593 1077 655 Bacchi
1117 595 1414 677 respondit
1450 596 1662 656 rustica
1705 594 1925 678 proles,

447 704 717 766 Armatus
758 727 930 765 curva
973 704 1054 766 sic
1096 703 1239 765 mihi
1282 703 1426 765 falce
1471 704 1628 768 deus,

373 811 458 871 ‘O
503 812 638 892 fuge
682 826 734 872 te
779 806 1003 873 tenerae
1046 836 1355 895 puerorum
1402 812 1632 874 credere
1673 811 1905 872 turbae:

302 933 361 978 10
454 920 601 980 Nam
643 942 871 979 causam
915 920 1047 979 iusti
1091 943 1315 1002 semper
1360 920 1569 981 amoris
1613 918 1841 980 habent.

363 1027 470 1088 Hic
491 1026 692 1109 placet,
732 1028 986 1107 angustis
1008 1027 1165 1110 quod
1183 1051 1390 1110 equum
1415 1027 1722 1110 compescit
1738 1026 2008 1087 habenis:

455 1135 563 1195 Hic
601 1134 885 1216 placidam
925 1135 1090 1192 niveo
1126 1149 1355 1215 pectore
1396 1134 1555 1216 pellit
1597 1158 1835 1218 aquam:

372 1243 513 1316 Hic,
571 1242 705 1325 quia
747 1242 910 1302 fortis
957 1242 1117 1302 adest
1161 1242 1430 1316 audacia,
1491 1243 1666 1325 cepit:
1733 1258 1791 1303 at
1831 1243 1912 1303 illi

454 1350 762 1430 Virgineus
802 1363 1022 1409 teneras
1068 1362 1177 1410 stat
1215 1350 1407 1432 pudor
1451 1364 1578 1410 ante
1627 1373 1819 1431 genas,

313 1472 367 1516 15
383 1457 498 1517 Sed
545 1480 616 1516 ne
654 1472 707 1517 te
742 1457 998 1539 capiant,
1057 1458 1244 1540 primo
1288 1458 1336 1517 si
1379 1458 1525 1519 forte
1560 1459 1828 1538 negabit,

435 1565 682 1626 Taedia:
731 1565 1003 1647 paulatim
1047 1565 1154 1625 sub
1200 1565 1335 1646 iuga
1376 1565 1520 1626 collo
1559 1566 1733 1627 dabit.

375 1675 576 1752 Longa
621 1672 741 1731 dies
786 1673 1005 1732 homini
1051 1673 1245 1733 docuit
1287 1697 1486 1755 parere
1530 1673 1753 1749 leoneS,

462 1782 665 1860 Longa
709 1779 828 1839 dies
871 1779 1030 1839 molli
1072 1804 1206 1839 saxa
1243 1781 1465 1863 peredit
1506 1805 1683 1864 aqua:

380 1889 584 1947 Annus
629 1887 690 1946 in
735 1887 942 1969 apricis
985 1902 1231 1949 maturat
1269 1887 1508 1948 collibus
1552 1912 1720 1962 uvaS,

317 2016 377 2058 20
475 1997 679 2057 Annus
725 1998 842 2078 agit
886 2013 1036 2058 certa
1078 1998 1270 2058 lucida
1310 1999 1474 2079 signa
1516 1999 1654 2063 vice.

386 2108 504 2166 Nec
546 2106 735 2166 iurare
772 2105 934 2166 time:
989 2107 1226 2167 Veneris
1267 2107 1518 2190 periuria
1553 2107 1706 2167 venti

472 2214 639 2272 Irrita
684 2237 788 2294 per
830 2229 1008 2274 terras
1049 2229 1103 2274 et
1146 2214 1290 2274 freta
1332 2238 1554 2275 summa
1589 2215 1796 2274 ferunt.

397 2321 595 2380 Gratia
635 2343 843 2400 magna
888 2321 1036 2380 Iovi:
1097 2321 1272 2381 vetuit
1312 2337 1474 2405 pater
1512 2322 1634 2404 ipse
1675 2319 1888 2394 valere,

477 2429 728 2487 Iurasset
771 2428 976 2510 cupide
1020 2429 1296 2511 quicquid
1338 2430 1564 2512 ineptus
1607 2452 1795 2490 amor:

324 2551 383 2596 25
401 2537 622 2618 Perque
664 2560 795 2596 suas
836 2537 1069 2618 impune
1112 2538 1248 2596 sinit
1285 2538 1574 2623 Dictynna
1619 2537 1850 2617 sagittas

485 2642 786 2716 AffirmeS,
849 2643 1031 2702 crines
1076 2666 1290 2726 perque
1333 2645 1592 2704 Minerva
1626 2667 1776 2703 suos.

450 2861 504 2903 V.
527 2863 598 2902 13.
645 2861 756 2903 Hic
797 2861 894 2903 libri
935 2863 1087 2917 optimi
1129 2876 1291 2908 omnes.
1367 2856 1603 2918 Regiensis
1634 2867 1799 2918 Hunc,
1842 2869 1893 2908 ut
1930 2865 2034 2908 edit.

333 2954 399 2998 pr.
441 2943 539 2985 mai.
585 2955 652 2984 an.
686 2945 815 2985 1472.
899 2943 970 2986 Ex
1012 2944 1108 2986 aliis
1152 2950 1326 2987 notatur
1366 2945 1504 2989 Huic.
1538 2969 1596 2978 -
1677 2948 1732 2991 V.
1757 2950 1825 2990 15.
1870 2959 1938 2989 ne
1979 2952 2035 2989 te

334 3024 499 3079 optimi.
560 3024 706 3078 Vulgo
747 3031 791 3064 te
833 3039 884 3065 ne
926 3038 982 3067 ex
1019 3027 1167 3081 paucis
1200 3026 1426 3069 deterioris
1463 3028 1650 3082 generis.
1680 3050 1734 3059 -—
1781 3028 2036 3082 negabit,

334 3111 466 3150 recte.
528 3107 673 3160 Vulgo
705 3107 883 3165 negarit
917 3109 1028 3150 male
1059 3108 1113 3151 de
1143 3110 1389 3152 coniectura
1418 3110 1624 3155 Hssmsn.

452 3211 506 3255 V.
524 3214 598 3253 25.
638 3211 778 3253 sinit
818 3216 952 3254 recte.
1014 3213 1370 3257 Bnoucxnusms
1404 3214 1522 3257 sinet
1557 3228 1614 3259 ex
1645 3214 1918 3270 Colbertino‚
1959 3216 2037 3260 sed

338 3307 424 3337 non
458 3306 568 3349 opus
603 3297 670 3336 est
703 3293 862 3338 futuro.
