2086 3756
869 195 915 245 T
919 193 1182 246 lBULLI.
1782 207 1862 239 cm

96 359 98 362 ·
159 338 267 389 vim
317 337 570 390 orationis
604 338 773 394 -nianis
823 336 913 389 diu
956 339 1258 390 continuata
1303 333 1651 403 apostrophe,
1703 348 1865 399 quare

158 450 225 481 ne
261 429 552 483 ternarium
585 431 805 501 quidem
833 448 1115 483 numerum
1148 449 1303 498 saepe
1337 430 1530 497 posuit.
1557 454 1631 465 -—-
1669 425 1866 476 Venia-

156 543 272 576 mus
308 545 450 578 nunc
477 525 540 577 ad
575 529 847 592 rcpditzbnis
877 527 1148 589 schemata,
1192 542 1419 597 quorum
1453 539 1578 574 usus
1609 520 1867 598 plurimus

156 619 212 667 in
249 637 406 684 prosa
449 618 685 668 oratione
729 627 780 667 et
819 617 995 684 poesi,
1050 618 1191 668 uude
1237 609 1341 669 iam
1379 620 1619 670 rhetores
1663 623 1867 664 veteres

157 728 311 776 saepe
347 710 411 759 de
446 710 510 760 iis
546 720 815 761 notarunt.
887 711 1030 762 Talis
1062 729 1192 763 vero
1228 724 1303 762 est
1341 712 1571 778 primum
1598 710 1866 776 anaphora,

155 804 207 852 h.
231 819 276 852 e.
310 803 552 869 repetitio
587 805 733 854 vocis
767 805 1126 869 gravissimae,
1163 806 1477 871 particulae,
1519 802 1864 871 pronominis,

156 894 419 959 adiectivi,
454 894 794 961 substantivi,
826 898 979 949 verbi
1001 897 1058 947 in
1082 898 1245 948 initiis
1271 897 1673 959 sententiarum,
1706 912 1870 944 mem-

156 991 375 1039 brorum
437 1006 492 1039 se
553 991 960 1058 excipientium,
1059 1009 1214 1043 sensu
1281 1009 1407 1042 vero
1478 990 1869 1041 cohaerentium

154 1083 348 1148 (potest
379 1093 555 1134 tamen
585 1102 695 1136 vox
723 1085 1011 1152 repetenda
1046 1087 1200 1136 etiam
1232 1096 1353 1152 post
1386 1085 1591 1134 initium
1625 1082 1881 1139 collocari

153 1176 421 1228 interdum
451 1181 767 1246 praemissis
815 1182 928 1232 aliis
974 1183 1151 1233 verbis
1198 1176 1511 1246 nonnullis).
1597 1178 1772 1237 Habet
1808 1194 1870 1226 ea

154 1273 498 1337 alacritatem,
544 1274 809 1340 vigorem,
862 1277 1117 1337 calorem,
1161 1284 1211 1325 et
1255 1275 1310 1324 in
1349 1274 1495 1324 omui
1534 1272 1709 1324 vivida
1749 1289 1868 1322 ora-

156 1366 299 1416 tione
337 1368 479 1417 ultro
517 1384 571 1418 se
610 1369 794 1432 offert,
843 1370 952 1427 sive
993 1368 1208 1419 affectus
1259 1367 1392 1419 adsit
1431 1366 1646 1433 proprie
1687 1365 1871 1429 dictus,

157 1461 267 1513 sive
305 1462 407 1512 alia
448 1478 604 1513 causa
644 1463 900 1527 alacrius-z,
949 1463 1139 1514 fortius
1177 1461 1385 1515 dicendi
1425 1477 1589 1526 genus
1628 1461 1873 1526 postulat,

156 1556 320 1607 veluti
359 1556 518 1606 Hom.
554 1553 743 1624 Odyss.
769 1557 872 1620 111,
908 1557 1014 1607 430
1053 1573 1167 1624 sqq.
1205 1557 1261 1606 in
1304 1556 1634 1605 narratione:

216 1647 339 1711 “⁶529
373 1642 570 1721 ἔφαθ’·
611 1654 671 1705 οἱ
703 1644 757 1705 δ’
795 1646 903 1724 ἄρα
943 1648 1157 1712 πάντες
1195 1648 1534 1707 ἐποίπνυον·
1579 1640 1726 1719 ἦλθε
1761 1650 1874 1718 μὲν

544 1739 616 1814 ἂρ
660 1745 806 1816 βοῦς

228 1843 287 1894 ἐκ
332 1836 558 1903 πεδίου,
601 1830 800 1908 ἦλθον
835 1836 893 1911 δὲ
937 1837 1085 1909 θοῆς
1131 1835 1284 1909 πικροὶ
1333 1834 1469 1909 νηὸς
1513 1840 1659 1908 ἔΐσης

240 1924 574 2006 Τηλεμάχου
602 1939 788 2002 ἔταροι
814 1927 1216 2004 μεγαλήτορος·
1243 1925 1393 2002 ἦλθε
1419 1930 1478 1986 δὲ
1503 1923 1737 2004 χαλκεύς
1757 1948 1874 1998 sqq.

161 2027 255 2078 ubi
283 2027 619 2078 manifestum
649 2037 726 2078 est
755 2037 1037 2095 postquam
1072 2025 1294 2078 dictum:
1334 2028 1387 2080 οἱ
1425 2017 1478 2079 δ’
1515 2020 1623 2097 ἄρα
1663 2021 1876 2082 πάντες

160 2119 508 2186 ἐποίπνυον,
558 2123 783 2190 repetito
831 2124 997 2173 verbo
1048 2115 1234 2192 ἦλθεν
1278 2122 1414 2172 hanc
1460 2119 1777 2172 alacritatem
1820 2120 1875 2168 in

77 2252 81 2255 -
161 2213 399 2282 parando
451 2215 702 2266 sacrificio
757 2214 996 2283 depingi,
1071 2226 1262 2266 natura
1309 2225 1492 2280 suapte
1546 2216 1603 2265 vi
1654 2211 1877 2263 ducente

162 2320 401 2377 poetam,
451 2319 508 2360 ut
541 2311 614 2360 ita
658 2320 897 2377 poneret.
981 2310 1079 2359 Sed
1123 2327 1158 2359 a
1202 2311 1324 2359 nullo
1368 2312 1556 2376 saepius
1599 2317 1880 2375 usurpatum

164 2408 252 2456 hoc
289 2406 483 2455 schema
527 2422 674 2474 quam
720 2422 755 2455 a
800 2405 1002 2468 Tibullo,
1055 2404 1203 2455 cuius
1253 2403 1332 2454 rei
1374 2418 1530 2453 causa
1576 2402 1696 2452 satis
1742 2403 1881 2452 clara

163 2511 284 2569 post
338 2517 430 2563 ea,
497 2516 632 2567 quae
687 2498 751 2550 de
807 2500 986 2565 vigore
1042 2515 1266 2565 poeseos
1317 2498 1649 2549 Tibullianae
1707 2507 1760 2547 et
1814 2488 1879 2546 de

163 2597 336 2646 forma
379 2579 631 2644 orationis
674 2592 733 2643 in
774 2591 858 2643 his
894 2592 1124 2644 distichis
1168 2593 1505 2659 praevalente
1548 2608 1711 2659 supra
1748 2590 1883 2643 dicta

163 2699 303 2741 sunt.
385 2686 525 2738 Nam
569 2686 802 2754 primum
849 2684 1063 2756 quidem
1110 2696 1295 2752 regnat
1336 2686 1607 2753 anaphora
1657 2694 1709 2734 et
1755 2701 1881 2751 pro-

165 2784 336 2854 priam
376 2779 553 2834 sedem
588 2781 747 2833 habet
792 2781 850 2832 i'n
895 2781 1008 2833 istis
1045 2781 1362 2843 dz'oisz‘onibuS,
1417 2796 1547 2849 quas
1586 2796 1746 2847 supra
1788 2796 1882 2829 ex-

167 2877 363 2950 plicui:

310 2971 403 3023 Illa
438 2970 581 3022 favet
619 2984 712 3021 seu
749 2968 868 3038 quis
904 2967 1110 3023 iuvenis
1152 2985 1290 3020 nova
1326 2967 1511 3018 limina
1547 2975 1741 3031 tentat,

298 3079 301 3081 ’
339 3090 341 3092 ·
383 3063 488 3116 Seu
523 3063 868 3116 reseratfixo
905 3063 1059 3115 dente
1096 3064 1276 3130 puella
1313 3062 1484 3112 fores:

258 3198 261 3201 Δ
317 3159 410 3211 ΙΙΙα
447 3157 598 3209 docet
636 3156 821 3210 furtim
856 3160 1006 3210 molli
1043 3157 1295 3210 decedere
1331 3157 1495 3217 leem,

390 3255 480 3304 Illa
516 3250 704 3319 pedem
742 3253 891 3303 nullo
929 3269 1130 3320 ponere
1169 3268 1321 3319 posse
1360 3266 1519 3311 sone,
