2158 3750
283 290 378 335 102
669 279 1139 335 COMMENTAR.
1175 280 1250 332 IN
1288 282 1333 331 T
1336 280 1575 334 IBULLI

282 437 378 468 nem
422 423 593 467 admisit
634 434 688 464 ex
730 425 916 477 utroque
960 433 1123 476 genere
1163 423 1368 466 mixtam:
1417 423 1453 466 si
1497 428 1632 478 ponas
1673 426 1858 469 carmina
1893 437 1976 468 non

284 522 394 562 esse,
427 521 511 550 non
542 506 741 549 nituisset
771 505 890 548 ebur.
951 505 1065 550 Vide
1095 507 1219 563 plura
1251 507 1305 549 de
1331 504 1395 548 bis
1422 507 1811 552 constructionibus
1840 523 1979 566 expo-

284 592 366 632 sita
397 591 439 632 in
472 591 556 630 tine
588 588 911 631 Dissertationis
943 588 998 632 de
1028 589 1290 632 Elocutione
1321 589 1497 633 Tibulli.
1523 613 1583 620 -—
1613 591 1843 634 Postremo
1875 591 1981 635 haec

284 672 476 727 eorporis
516 671 700 727 partium
741 670 1031 714 fabulosarum
1071 673 1201 714 allata
1241 672 1440 727 exempla
1481 677 1665 728 apparet
1703 685 1831 727 quam
1872 673 1983 716 bene

284 754 383 796 huic
423 755 522 796 loco
566 753 845 807 conveniant,
890 752 966 795 ubi
996 754 1142 810 pueris
1172 754 1439 806 ostenditur,
1487 753 1525 795 si
1566 758 1697 809 poeta
1726 752 1909 797 formam
1938 759 1985 798 et

287 833 646 890 pulchritudinem
676 837 809 879 amati
839 835 1149 888 celebraverit,
1183 836 1312 878 etiam
1344 836 1563 878 mirabiles
1594 835 1742 878 laudes
1772 835 1986 879 creditum

284 921 336 963 iri
377 920 432 962 ab
473 918 727 965 hominibus.
801 920 948 964 Locus
986 921 1137 964 similis
1180 921 1318 964 Ovm.
1359 921 1453 964 Art.
1486 921 1582 962 Am.
1613 919 1693 972 111,
1721 922 1838 963 5352
1891 919 1987 961 Nos

278 1001 487 1060 facimus
517 1001 724 1059 placitae
765 1001 860 1043 late
898 1001 1138 1059 praeconia
1158 1001 1341 1060 formae
1371 1007 1456 1046 etc·
1486 1025 1546 1033 —
1604 1003 1660 1046 V.
1691 1005 1750 1046 65
1777 1014 1842 1058 sq·
1905 1014 1990 1045 re-

287 1084 502 1139 ferent,
552 1084 723 1139 dicent,
767 1086 1080 1129 memorabunt.
1153 1087 1264 1129 Mox
1295 1086 1351 1128 ad
1382 1087 1626 1140 elegantem
1657 1086 1988 1130 collocationem

287 1170 513 1213 verborum
566 1171 758 1213 attende.
836 1171 946 1213 Post
991 1170 1147 1212 verba:
1203 1169 1420 1211 robora
1465 1170 1674 1223 tellus,
1720 1182 1806 1212 non
1855 1170 1989 1214 dixit:

287 1251 392 1294 dum
421 1252 580 1294 stellas
609 1252 806 1299 caelum,
856 1253 934 1296 sed
975 1252 1096 1295 dum
1142 1252 1362 1295 caelum
1408 1252 1655 1306 stellas,
1698 1257 1750 1295 ut
1779 1252 1917 1296 tellus
1947 1259 1992 1297 et

290 1336 462 1378 caelum
491 1337 575 1380 sibi
606 1341 928 1393 opponerentur
956 1337 1156 1380 maxime.
1217 1336 1331 1379 Tum
1359 1336 1403 1379 in
1431 1337 1562 1380 tertio
1589 1337 1785 1381 membro
1810 1336 1995 1394 vehet,

289 1421 406 1476 quod
441 1422 571 1465 etiam
609 1422 766 1464 ceteris
805 1422 999 1465 iunctum
1034 1426 1101 1464 est
1141 1434 1221 1478 per
1264 1433 1477 1475 zeugma,
1525 1420 1666 1477 primo
1703 1421 1802 1465 loco
1832 1423 1994 1478 posuit,

291 1502 345 1545 de
386 1516 473 1558 quo
513 1503 722 1546 monitum
764 1503 819 1546 ad
860 1504 897 1558 I,
944 1506 987 1557 1,
1027 1506 1102 1546 51.
1176 1503 1404 1546 Sententia
1446 1502 1633 1558 denique
1674 1507 1767 1548 tota
1809 1504 1866 1548 de
1908 1504 1993 1548 im·-

288 1586 552 1630 mortalitate
595 1585 854 1629 carminibus
896 1584 1043 1627 debita
1081 1585 1307 1627 notissima
1345 1589 1414 1627 est
1453 1598 1479 1628 e
1521 1585 1718 1641 plurimis
1747 1587 1904 1642 poetis.
1933 1609 1994 1618 -

288 1669 344 1712 V.
376 1672 449 1712 67.
481 1673 554 1712 68.
595 1682 702 1712 non
736 1668 924 1722 audit,
965 1669 1130 1726 spernit
1158 1668 1393 1712 amatorios
1422 1681 1573 1713 versus
1603 1673 1649 1712 et
1681 1682 1832 1713 aurum
1863 1683 1996 1727 prae-

288 1753 386 1797 fert.
419 1778 481 1788 —
518 1753 725 1798 Idaeae
757 1754 926 1810 Opis,
959 1753 1175 1807 Cybeles,
1205 1765 1390 1807 maguae
1422 1751 1577 1795 Matris
1606 1753 1751 1798 deum.
1811 1754 1996 1810 Proprie

289 1839 464 1894 quidem
501 1841 586 1883 alia
615 1839 698 1882 fuit
735 1839 888 1882 Italica
929 1838 1011 1882 dea
1045 1838 1167 1893 Ops,
1209 1837 1295 1880 alia
1325 1835 1516 1891 Phrygia
1549 1836 1741 1893 Cybele,
1786 1837 1864 1882 sed
1895 1851 1996 1882 cum

288 1921 435 1964 indole
466 1923 627 1965 similes
660 1927 817 1976 essent,
847 1926 1001 1979 postea
1031 1921 1237 1965 confusae
1252 1926 1367 1976 sunt,
1397 1921 1743 1966 vid.Cn13uz131u
1766 1922 1919 1976 Symb.
1938 1923 1996 1977 Π,

289 2021 333 2061 p.
365 2010 440 2049 58.
502 1984 684 2061 Signum
719 2006 908 2060 Cybeles
950 2006 993 2047 in
1038 2018 1167 2048 curru
1210 2003 1425 2047 vehebant
1463 2017 1544 2060 per
1584 2005 1717 2048 urbes
1745 2005 1997 2050 sacerdotes

291 2091 410 2133 Galli
456 2095 500 2133 et
541 2091 698 2146 stipem
740 2090 1030 2144 colligebant,
1076 2089 1163 2131 vile
1205 2101 1343 2142 genus
1386 2086 1605 2130 hominum
1652 2091 1698 2130 et
1743 2087 1991 2142 fanaticum,

293 2189 403 2230 quos
437 2181 606 2219 constat
635 2177 679 2218 in
711 2175 845 2218 sacris
877 2174 984 2216 deae
1013 2173 1164 2216 insano
1193 2171 1342 2213 furore
1382 2170 1524 2214 virilia
1559 2170 1641 2214 sibi
1671 2171 1908 2216 abscidisse
1937 2172 1994 2216 ad

296 2256 515 2313 Phrygios
546 2258 711 2301 modos.
774 2256 986 2300 Conferas
1019 2242 1148 2298 etiam
1180 2254 1235 2297 de
1263 2251 1327 2296 his
1360 2254 1604 2297 mezssnr
1635 2254 1829 2309 Symbol.
1860 2255 1917 2298 Τ.
1935 2256 1998 2299 ΙΙ.

295 2356 338 2397 p.
373 2343 433 2383 40
466 2354 560 2396 sqq.
620 2340 672 2383 In
702 2340 846 2384 verbis
885 2340 1050 2383 Tibulli
1093 2339 1280 2395 primum
1321 2338 1497 2381 attende
1528 2338 1583 2381 ad
1614 2339 1701 2382 vim
1731 2339 1996 2395 pronominis

293 2425 415 2469 ille.
476 2425 538 2467 Ut
569 2422 663 2467 hicz
696 2424 790 2479 qui
819 2422 1020 2466 vendit
1045 2447 1105 2454 —
1134 2423 1239 2465 ille
1271 2427 1577 2477 sequatur,
1609 2423 1806 2467 similiter
1837 2425 2000 2468 Graeci

298 2501 322 2548 ὅ
356 2507 431 2560 δέ,
475 2505 516 2548 is
547 2521 651 2548 vero
685 2519 784 2550 cum
813 2506 855 2547 vi
888 2509 1055 2560 ponunt
1084 2504 1127 2546 in
1158 2505 1351 2548 secundo
1380 2504 1602 2558 membro,
1634 2505 1690 2548 de
1719 2519 1806 2561 quo
1838 2519 2001 2561 genere

299 2592 460 2647 primus
491 2591 726 2646 disputavit
753 2590 1080 2632 Bu'r'rMANNus
1111 2589 1166 2631 ad
1192 2587 1422 2645 Sophoclis
1445 2587 1733 2633 Philoctetam
1763 2603 1804 2634 v.
1817 2593 1892 2633 86.
1911 2593 2002 2644 87„

297 2679 395 2730 post
430 2675 735 2720 Buttmannum
765 2673 1066 2717 Hssmummss
1099 2671 1274 2715 ibidem.
1337 2672 1464 2728 Apud
1509 2672 1730 2716 Tibullum
1774 2673 1924 2717 confer
1962 2674 1999 2728 Ι,

296 2759 341 2810 2,
372 2760 446 2799 39.
479 2760 524 2799 et
551 2756 650 2798 vide
682 2767 812 2812 porro
845 2755 899 2798 de
928 2755 971 2797 vi
1004 2754 1268 2810 pronominis
1299 2753 1354 2796 ad
1384 2754 1441 2807 H,
1472 2757 1516 2807 3,
1546 2757 1618 2798 26.
1652 2778 1710 2788 —-
1757 2757 1812 2800 V.
1845 2761 1904 2800 69
1935 2771 2002 2813 sq.

300 2840 602 2882 erroribus
651 2839 912 2894 expleat,
959 2842 1197 2892 percurrat.
1274 2838 1682 2881 Wunnmaemcmus
1724 2843 1770 2881 et
1811 2838 2004 2883 Huscn-

300 2936 407 2967 xms
456 2923 681 2966 conferunt
726 2922 918 2966 Vmen..
962 2922 1073 2964 Aen.
1116 2920 1218 2975 XII,
1249 2924 1364 2964 763:
1415 2919 1620 2978 Quinque
1660 2918 1784 2964 orbes
1823 2920 2004 2978 explent

299 3019 451 3047 cursu.
510 3005 755 3048 Ponsomxs
786 3003 1007 3045 Tibullum
1039 3001 1186 3044 laudat
1217 3001 1270 3044 ad
1303 3002 1408 3045 Eur.
1427 3003 1571 3047 Orest.
1603 3006 1676 3047 54.
1706 3004 1780 3047 ubi
1812 3005 2004 3061 explicat

299 3087 454 3129 verba:
500 3087 648 3137 λιμένα
679 3087 727 3128 δὲ
757 3087 1022 3128 Ναυπλίειον
1054 3087 1275 3144 ἐκπληρῶν
1307 3083 1472 3143 πλάτῃ.
1501 3110 1562 3119 --
1602 3088 1671 3130 ad
1713 3086 2005 3144 Phrygios

300 3167 522 3221 modos,
552 3168 607 3211 ad
639 3166 861 3222 Phrygiae
892 3167 1140 3212 harmoniae
1170 3168 1338 3223 modos,
1369 3182 1455 3224 qua
1485 3170 1716 3214 utebantur
1742 3171 1787 3213 in
1815 3169 2005 3226 Cybeles

301 3245 449 3287 sacris.
485 3269 541 3276 —
602 3249 778 3289 secet.
839 3247 1073 3303 Proprium
1118 3248 1295 3291 verbum
1338 3247 1393 3291 de
1435 3248 1519 3291 ista
1562 3250 1858 3305 amputatione
1899 3250 2003 3294 viri-

302 3327 420 3369 lium.
481 3329 620 3372 Ovn).
651 3328 772 3371 Fast.
803 3329 881 3382 lv,
911 3331 1027 3372 221:
1083 3328 1208 3370 Unde
1242 3327 1393 3375 venit,
1444 3329 1562 3376 dixi,
1593 3343 1682 3372 sua
1711 3329 1904 3374 membra
1933 3347 2003 3374 se—

305 3409 437 3452 candi
466 3409 698 3468 impetus?
756 3411 817 3455 Et
858 3413 900 3455 iu
932 3413 1041 3458 lbid.
1074 3415 1186 3458 455:
1242 3412 1567 3472 Attonitusque
1609 3426 1751 3459 seces,
1799 3420 1853 3455 ut
1895 3429 2004 3474 quos
