2158 3750
641 298 822 351 LlssR.
862 298 926 347 11.
999 294 1203 346 ELEG.
1239 294 1308 346 V.
1724 301 1825 344 273

122 451 363 504 pretemur:
395 445 522 488 flecte
551 441 686 487 verba
715 450 800 483 tua
830 440 885 483 ad
917 438 1054 482 landis
1084 437 1270 482 modos?
1313 438 1479 481 Tamen
1513 437 1592 481 hoc
1624 439 1825 480 alienum.

121 531 239 572 Deus
280 527 448 571 Tibulli
477 528 607 572 verba
646 528 823 569 flectere
866 540 902 568 s.
944 526 1108 579 fingere
1149 530 1195 566 et
1233 528 1332 580 apta
1378 523 1557 566 reddere
1599 523 1730 565 debet
1772 522 1824 562 ad

122 613 284 655 laudes.
345 615 491 668 Atque
532 610 616 681 hoc
659 611 963 664 consequimur
1007 609 1227 664 proposita
1258 609 1341 650 levi
1371 609 1620 651 mutatione.
1682 607 1826 662 Saepe

122 699 217 750 quis
248 710 400 740 »ocem
429 687 551 741 suam
581 709 661 754 seu
690 676 861 739 tantuin
894 694 1068 738 flectere
1106 695 1270 736 musico
1301 707 1431 737 sensu
1461 695 1616 738 dicitnr
1648 700 1713 737 nt
1721 706 1828 736 coii-

122 786 234 833 stat3
271 781 379 822 inde
410 779 541 822 ducta
570 779 788 821 locutione
815 790 928 819 nuuc
961 777 1117 831 Apollo
1147 781 1327 830 rogatur
1365 784 1414 819 nt
1445 784 1638 834 poetam,
1670 792 1829 833 quere—-

123 864 190 905 lae
222 864 443 917 elegiacae
481 863 612 916 vulgo
642 866 888 914 assuetum,
931 861 1154 905 sublimius
1187 873 1447 916 componere
1479 864 1718 920 orationem
1749 863 1830 910 do-

122 949 244 997 ceat,
288 943 647 999 quemadmodum
691 942 830 985 laudis
869 941 987 985 modi
1027 942 1418 1006 magnificentiores
1460 946 1692 999 postulent.
1766 951 1831 991 Ac

122 1029 333 1071 tractatu'r
372 1041 522 1070 revera
563 1032 868 1090 argumentum
909 1027 1061 1083 maiori
1095 1015 1278 1086 pruritu,
1325 1028 1566 1084 diciturque
1608 1034 1833 1088 splendida

62 1117 78 1127 “
123 1105 214 1154 Ιιιιι5
243 1112 387 1154 statim
419 1111 462 1153 in
491 1111 774 1180 sequentibus
798 1111 1049 1183 Messalino.
1110 1112 1186 1155 Sic
1218 1113 1359 1155 omnia
1392 1115 1521 1157 clara.
1584 1117 1672 1159 lam
1698 1117 1833 1162 hexa-

123 1177 246 1236 metri
280 1199 325 1237 et
356 1179 634 1250 pentametri
639 1194 754 1261 ratio
779 1193 892 1253 ‚haec
922 1199 990 1237 est
1019 1207 1076 1237 ex
1106 1199 1254 1251 nostra
1283 1197 1596 1252 explicatione,
1637 1206 1684 1243 ut
1714 1202 1830 1257 quod

121 1279 195 1320 illo
237 1273 485 1332 indirectius
527 1279 821 1335 significatur,
865 1272 950 1325 hoc
990 1280 1240 1334 expressius
1280 1281 1493 1324 indicetur
1539 1288 1583 1326 et
1627 1286 1833 1341 apertius,

122 1361 489 1415 quemadmodum
509 1367 649 1418 saepe
672 1362 720 1405 fit
749 1362 794 1404 ἰιι
814 1358 1149 1410 hortationibus.
1181 1385 1240 1393 —
1295 1364 1347 1405 V.
1378 1368 1406 1406 ὁ
1438 1378 1501 1418 sq.
1562 1366 1582 1407 Ι
1594 1381 1717 1422 pse
1751 1368 1834 1410 bo..

123 1461 204 1490 nus
246 1447 450 1510 transitus
488 1460 548 1498 ex
581 1431 782 1502 opposito
825 1445 1080 1502 pronomine
1123 1459 1275 1488 meas
1318 1447 1362 1489 in
1413 1449 1499 1490 fine
1542 1451 1836 1495 antecedentis

124 1542 288 1574 sersus.
311 1553 370 1565 --
380 1521 770 1594 triumphali
767 1531 867 1593 tau
881 1543 966 1584 ro,
996 1543 1050 1573 ex
1076 1531 1371 1574 Romanorum
1401 1544 1545 1586 more,
1578 1535 1694 1589 apud
1724 1549 1835 1590 quos

126 1616 248 1658 lauro
280 1614 449 1659 constat
477 1613 829 1684 triumphatores
841 1614 974 1658 fuisse
1005 1620 1195 1659 ornatos·
1256 1615 1348 1658 Sed
1389 1617 1490 1670 quid
1533 1619 1624 1661 vult
1666 1625 1836 1675 poeta?

125 1701 242 1742 Sane
275 1693 442 1755 Apollo
461 1687 699 1744 laureatum
723 1700 862 1747 debet
905 1698 1066 1744 habere
1097 1703 1228 1757 eaput
1260 1700 1302 1742 in
1334 1701 1411 1742 tali
1451 1700 1592 1754 fest03
1637 1715 1715 1745 cur
1753 1717 1835 1746 au-

126 1787 215 1826 tem
256 1775 524 1838 triumphali
555 1751 796 1852 mihim?
857 1775 1049 1828 Vossms
1083 1783 1370 1826 Octavianum
1402 1784 1646 1840 Augustum
1680 1790 1837 1844 respici

126 1872 276 1922 putat,
306 1867 380 1921 qui
410 1865 523 1922 apud
555 1865 728 1909 Aetium
756 1865 997 1930 Antonium
1026 1864 1162 1917 sudit3
1194 1869 1240 1907 at
1270 1867 1381 1908 enim
1412 1868 1578 1910 nullum
1609 1869 1724 1924 apud
1753 1869 1832 1912 Ti-

125 1949 289 1993 bullum
320 1949 375 1992 de
409 1948 605 2011 Augusto
635 1915 843 2010 veibum',
878 1959 962 1991 uec
993 1947 1097 1990 licet
1127 1947 1323 2010 cogitare
1356 1947 1411 1990 de
1441 1961 1519 2001 eo,
1563 1950 1686 1993 cuins
1718 1954 1835 1996 nulla

124 2036 287 2080 mentio
315 2035 456 2088 facta,
483 2028 539 2077 gf.
539 2014 901 2097 liermeneutices
925 2012 1100 2085 regulas
1131 2029 1342 2075 audimus.
1402 2031 1539 2076 Immo
1571 2034 1627 2076 ad
1662 2020 1836 2079 Messa-

56 2116 59 2118 ’
124 2117 255 2161 linum
287 2130 356 2160 res
387 2114 587 2174 pertinet,
616 2117 702 2159 cui
717 2119 816 2171 utto
849 2127 883 2160 e
904 2113 1034 2158 domo
1069 2113 1331 2171 triumphali,
1363 2128 1461 2158 nam
1493 2121 1618 2172 pater
1645 2118 1836 2163 Messala

75 2245 80 2247 .
125 2201 181 2245 de
222 2175 861 2258 Aquitanis*triumphaverat,-
907 2198 994 2240 iam
1039 2201 1087 2240 et
1127 2197 1210 2253 ipsi
1251 2202 1350 2253 post
1391 2198 1835 2246 Quindecimviratum

126 2290 297 2341 partum
324 2263 1031 2341 gloriam‚1'mili,tarem⁵auguratur
1064 2282 1196 2335 poeta
1236 2284 1282 2322 et
1323 2280 1585 2337 triumphum
1627 2283 1836 2340 futurum,

127 2347 487 2422 quemadmodum
509 2364 699 2421 apertius
718 2364 764 2407 iu
789 2355 1100 2426 specui-*minis
1118 2363 1400 2417 significatur.
1452 2365 1563 2409 Nam
1589 2381 1668 2423 per
1697 2370 1836 2414 Quin-

129 2450 452 2495 decimviratum
470 2447 612 2494 aditus
630 2446 686 2489 ad
707 2446 976 2491 consulatum
1004 2444 1185 2500 patebat
1207 2445 1251 2487 in
1276 2445 1411 2488 libera
1435 2438 1661 2503 ¹republica
1688 2456 1734 2494 et
1755 2452 1838 2496 sul»

132 2536 404 2581 Caesaribus.
452 2532 553 2579 LIV.
587 2530 663 2585 VI,
693 2533 778 2591 43⁶2:
821 2529 973 2571 Creaei
1003 2529 1199 2588 quinque
1224 2537 1438 2586 patrum,
1471 2530 1668 2589 quinque
1696 2532 1838 2590 plebis

131 2618 210 2673 (ut
241 2616 469 2666 emzaer‘at
502 2613 737 2667 numerus]
750 2628 777 2665 -‚·;
792 2610 1033 2669 graduque
1062 2626 1111 2653 eo
1141 2610 1232 2651 iam
1267 2610 1338 2651 via
1361 2611 1506 2668 jacta
1537 2613 1601 2654 ad
1627 2615 1837 2660 consula..

132 2708 230 2742 tum
250 2678 513 2743 videbatur.
574 2696 716 2738 stru.
748 2694 856 2736 Silv.
890 2693 924 2745 1,
954 2696 997 2746 2,
1033 2695 1131 2735 174.
1165 2692 1218 2734 de
1251 2693 1302 2737 L.
1335 2696 1549 2739 Auruntio
1582 2699 1723 2742 Stella
1749 2700 1837 2743 Pa-

131 2782 304 2826 tavino:
327 2781 480 2827 ..Hunc
503 2785 550 2819 et
578 2776 785 2823 bissenos,
817 2776 883 2818 sic
911 2776 1197 2834 indulgentia
1221 2787 1389 2835 pergat
1420 2780 1654 2825 Praesidzs
1683 2783 1838 2826 Auso-

131 2865 219 2911 nii,
263 2880 295 2905 c
311 2877 419 2905 rnus
449 2859 656 2903 attollere
677 2860 855 2919 fasces
844 2861 995 2947 fate
1025 2860 1166 2909 diem5
1213 2869 1330 2902 certe
1361 2861 1450 2902 iam
1482 2878 1602 2905 nunc
1633 2865 1839 2922 Cybeleia

132 2946 255 2988 novit
288 2942 468 2985 Limina
495 2951 540 2984 et
570 2941 796 2984 Euboicae
824 2951 1004 2986 carmen
1041 2942 1152 3001 legit
1188 2941 1265 2984 ille
1296 2941 1513 3001 Sibyllae.
1574 2948 1710 2992 Vides
1739 2955 1839 3005 post

133 3027 242 3071 liaeo
271 3008 465 3070 menteffi
485 3023 662 3070 Tibulli.
724 3025 906 3080 Apollo,
948 3037 1060 3080 quae
1096 3025 1349 3069 suavissime
1380 3030 1630 3082 excogitata
1659 3037 1837 3076 senten·

132 3112 192 3155 tia
234 3115 325 3163 est,
371 3111 526 3152 ornatu
565 3106 674 3150 lauri
711 3114 885 3164 sumpto
924 3121 1062 3152 novae
1103 3108 1242 3151 laudis
1280 3123 1404 3166 spem
1434 3111 1590 3155 afferto
1621 3113 1837 3158 sacerdoti

132 3206 228 3246 suo,
259 3197 303 3235 et
330 3191 572 3247 significato
599 3190 702 3245 quid
732 3204 830 3235 cum
860 3191 1067 3236 hodierno
1098 3191 1261 3237 honore
1297 3195 1522 3250 promittat
1551 3197 1748 3253 amplius.
1780 3223 1838 3231 .-

134 3275 268 3319 Dum
298 3274 584 3317 cumulant
613 3286 765 3327 aras,
808 3275 1002 3331 prosiciis
1032 3287 1135 3319 arae
1164 3275 1381 3333 impositis
1407 3282 1451 3321 et
1482 3284 1592 3324 ture.
1655 3280 1838 3325 Confert

134 3358 351 3399 Hurmus
394 3356 548 3410 virgil.
581 3357 685 3398 Aen.
720 3355 799 3409 xl,
829 3359 915 3399 50:
963 3357 1252 3417 cumulatque
1293 3357 1468 3401 altaria
1511 3359 1651 3405 donis.
1714 3363 1836 3405 Addo

136 3441 280 3482 Cun‘r.
322 3438 372 3492 V,
408 3442 456 3482 l:
500 3435 674 3481 altaria
699 3446 814 3493 'ture
857 3446 901 3480 et
940 3437 1139 3481 omnibus
1183 3439 1391 3482 odoribus
1431 3441 1672 3483 cumulare.
1749 3444 1836 3486 De-

1302 3530 1361 3575 18
