2086 3756
837 197 1143 249 TIBULLI.
1696 211 1839 243 Lxxv

135 346 403 394 hactenus·
470 345 637 408 Pergo
666 341 872 407 longius
910 351 962 392 et
987 338 1191 392 tertiam
1218 339 1444 393 formam
1469 335 1662 389 indico.
1733 336 1842 387 Ha-

135 444 292 493 betur
326 442 366 503 Ι,
402 445 451 505 3,
491 439 683 490 35-48.
719 452 908 488 aureae
947 437 1126 489 aetatis
1161 436 1467 504 descriptiO,
1525 453 1631 503 qua
1669 444 1843 484 osten-

136 536 277 587 ditur
323 532 563 586 nondum
610 542 735 582 tunc
779 530 1013 581 habendi
1057 531 1338 598 cupiditate
1377 531 1514 581 bella
1554 529 1844 596 longinqua

136 643 267 684 orta.
334 633 411 682 Ac
446 640 566 696 post
600 628 876 679 introitum
911 628 1016 678 loci
1053 627 1117 678 de
1152 639 1294 680 terra
1328 638 1441 678 tum
1477 623 1716 678 nondum
1749 642 1845 691 pa-

136 729 322 778 tefacta
357 726 416 776 in
451 726 634 790 longas
670 724 809 788 vias,
845 723 1075 790 primum
1113 723 1338 775 ostendit
1373 723 1584 775 duobus
1616 721 1847 773 distichis

135 821 446 873 nominatim
481 819 744 870 maritima
793 818 985 871 itinera
1021 816 1262 869 nondum
1300 818 1462 868 fuisse
1500 827 1847 868 mercatorum

136 936 206 969 ex
238 918 430 984 ignotis
465 917 619 968 terris
657 931 857 966 merces
893 913 1260 982 repetentium.
1331 912 1540 964 Deinde
1571 912 1685 963 aliis
1715 911 1848 962 duo-

136 1017 237 1066 bus
275 1012 506 1064 distichis
545 1011 860 1064 domesticus
898 1012 1179 1063 exhibetur
1212 1011 1352 1063 vitae
1391 1019 1582 1071 status,
1625 1006 1720 1074 qui
1753 1023 1849 1056 nec

137 1111 460 1163 domitorum
511 1111 814 1161 animalium
859 1126 1018 1160 usum
1065 1118 1287 1162 noverat
1334 1126 1430 1173 nec
1469 1105 1700 1158 dominia
1742 1103 1851 1170 pri-

137 1219 259 1262 vata
289 1207 570 1259 domorum
605 1216 658 1259 et
693 1223 955 1272 agrorum.
1025 1205 1086 1256 In
1127 1221 1234 1274 quo
1266 1202 1413 1256 vides
1449 1202 1851 1255 concinnitatem

138 1302 425 1356 divisionis.
494 1302 608 1352 Iam
640 1302 726 1352 his
759 1299 1013 1367 negativis
1052 1301 1323 1351 sententiis
1358 1298 1646 1351 coniunctis
1685 1315 1852 1365 oppo-

139 1400 285 1451 nitur
326 1417 436 1450 una
482 1398 707 1466 positiva
753 1397 1013 1448 sententia
1060 1398 1217 1449 haec:
1273 1395 1378 1447 Sed
1425 1397 1671 1446 alimenta
1709 1395 1851 1445 ultro

140 1496 499 1561 obtingebant,
534 1502 594 1543 ut
619 1491 722 1543 illis
752 1491 998 1542 omnibus
1030 1507 1163 1557 opus
1194 1507 1303 1541 non
1333 1499 1485 1540 esset.
1554 1489 1699 1539 Haec
1733 1505 1852 1538 sen-

138 1591 300 1641 tentia
330 1606 495 1639 unum
531 1597 737 1638 tantum
760 1584 1022 1636 distichon
1051 1586 1247 1653 implet,
1284 1604 1403 1636 cum
1430 1585 1510 1637 vis
1548 1583 1855 1651 descriptio-

140 1688 222 1738 nis
251 1686 476 1737 maxime
510 1686 564 1736 in
598 1702 661 1736 eo
695 1695 951 1748 versetur,
982 1696 1043 1736 ut
1070 1684 1304 1736 absentia
1334 1682 1581 1735 laudetur
1607 1683 1854 1734 luxuriae

142 1791 193 1832 et
228 1780 504 1845 avaritiae,
548 1780 754 1848 *quibus
804 1780 975 1831 serior
1025 1791 1164 1831 aetas
1212 1780 1487 1847 premitur.
1570 1780 1745 1848 Atque
1780 1780 1855 1830 ita

138 1878 347 1940 factum,
382 1877 455 1927 ait
489 1874 717 1944 denique
751 1875 808 1925 in
846 1876 1010 1934 exim,
1046 1886 1107 1926 ut
1145 1876 1283 1925 bella
1318 1891 1429 1925 non
1470 1883 1643 1924 essent
1678 1890 1854 1941 neque

141 1972 207 2024 ad
245 1973 559 2040 longinquas
595 1982 764 2022 terras
792 1969 1106 2036 subigendas
1142 1968 1377 2021 habendi
1412 1947 1692 2035 cupiditate
1727 1986 1856 2035 pro-

138 2070 493 2123 ficiscerentur
546 2069 804 2120 homines.
890 2067 1055 2119 Vides
1107 2086 1249 2119 nunc
1305 2067 1736 2134 compositionem
1788 2068 1855 2118 ab

143 2166 288 2218 omni
321 2175 471 2232 parte
507 2166 818 2215 absolutam.
890 2164 1137 2231 Denique
1173 2172 1338 2214 restat
1371 2181 1506 2231 quae
1543 2172 1723 2214 catena
1760 2179 1858 2229 op-

65 2259 69 2262 ’
141 2262 461 2326 positionum
499 2259 602 2310 dici
631 2269 819 2326 potest,
854 2260 951 2311 ubi
980 2277 1078 2326 per
1114 2260 1562 2310 continuationem
1593 2257 1858 2325 quandam

143 2355 315 2420 primo
343 2352 566 2405 disticho
593 2351 898 2417 secundum,
921 2351 1211 2404 secundum
1232 2354 1406 2416 terti0,
1431 2354 1642 2404 tertium
1667 2362 1857 2421 quarto

147 2450 449 2516 opponitur.
519 2449 600 2499 Ita
638 2448 838 2498 factum
872 2447 1081 2499 credam
1115 2450 1157 2514 I,
1186 2455 1235 2511 7,
1267 2453 1454 2499 15-22.
1494 2448 1558 2500 de
1596 2466 1702 2517 quo
1737 2447 1858 2501 vide

145 2546 607 2597 Commentarium.
678 2546 852 2596 Habet
886 2544 1102 2612 quidem
1139 2562 1237 2613 per
1280 2563 1334 2596 se
1371 2547 1499 2599 haec
1535 2548 1707 2597 forma
1740 2548 1859 2596 nul-

144 2643 252 2691 lum
292 2641 481 2707 finem,
517 2639 611 2693 sed
649 2658 772 2692 eum
809 2644 1102 2708 argumenti
1136 2642 1268 2694 ratio
1308 2644 1476 2693 affert.
1547 2643 1721 2710 Atque
1759 2643 1858 2692 hae

145 2747 267 2788 sunt
321 2736 665 2789 distichorum
703 2738 1094 2805 oppositiones;
1156 2736 1293 2789 dicas
1330 2754 1461 2790 vero
1498 2737 1859 2788 Tibulh‘anum

146 2846 312 2886 totum
347 2836 450 2887 hoc
483 2852 675 2902 genus,
710 2846 769 2886 ut
805 2836 1018 2887 Tibullo
1052 2835 1163 2886 fere
1198 2835 1494 2901 proprium.
1524 2832 1602 2872 ⁸——
1647 2834 1861 2885 Alterum

142 2951 288 2996 genus
321 2933 479 2998 vulgo
511 2942 811 3000 usurpatur,
846 2931 942 2982 ubi
976 2931 1458 2998 omnino‘partium
1491 2932 1754 2981 maiorum
1782 2932 1861 2982 vi·

146 3029 267 3080 deas
306 3029 696 3096 oppositiones,
727 3030 899 3099 ¹nulla
937 3045 1066 3082 vero
1104 3028 1221 3079 talis
1271 3027 1612 3081 distichorum
1648 3029 1862 3095 opposi-

147 3137 320 3178 torum
355 3125 679 3179 concinnitas
706 3128 995 3196 quaeritur.
1067 3127 1247 3177 Potest
1279 3127 1439 3192 igitur
1470 3124 1598 3190 fieri,
1637 3137 1694 3176 ut
1729 3125 1860 3176 duo-

149 3238 267 3272 rum
317 3232 409 3273 aut
457 3222 620 3273 trium
670 3226 984 3291 opposiwrum
1035 3225 1243 3272 Iocorum
1291 3227 1409 3273 ser-le
1460 3223 1717 3274 formetur
1755 3238 1860 3270 una

153 3317 409 3385 quaedam
442 3336 670 3372 nervosa
707 3337 982 3388 compages
1018 3337 1213 3371 rerum.
1283 3321 1465 3371 Veluti
1513 3317 1755 3369 Tibullus
1804 3317 1859 3366 in
