2086 3756
785 222 1090 278 TIBULLI.
1639 242 1802 276 cxxix

94 365 274 418 caedes
311 375 364 418 et
395 376 604 434 raptus,
653 383 794 417 mors
830 375 884 416 et
917 374 1181 430 senectuS,
1220 365 1424 434 aliaque
1460 368 1623 417 multa
1659 367 1803 418 simi-

93 463 162 512 lia
193 463 487 515 coniuncta.
554 460 713 510 Dicas
739 477 849 510 non
877 463 1031 511 talem
1057 461 1314 512 rationem
1341 460 1546 513 distichi
1573 463 1614 527 I,
1637 469 1686 521 8,
1709 468 1802 514 19:

238 555 437 607 Cantus
474 552 659 606 vicinis
694 553 871 618 fruges
906 552 1132 606 traducit
1172 558 1238 606 ab
1275 557 1437 622 agriS,

307 648 504 699 Cantus
541 657 593 698 et
624 648 789 698 iratae
828 645 1025 699 detinet
1066 651 1247 715 anguis
1282 651 1401 702 iter.

93 741 610 792 Verum.notissima
652 751 800 791 erant
846 742 975 793 haec
1015 744 1267 794 miracula
1311 745 1507 810 magiae
1554 754 1604 795 et
1649 755 1806 811 poeta

93 837 298 887 moveri
330 834 453 886 dicit
488 845 646 886 cantu
680 848 814 902 quae
849 836 1139 887 immobilia
1167 838 1293 900 sint,
1330 838 1562 889 inhiberi
1593 850 1644 890 et
1674 839 1806 890 deti-

96 931 214 979 neri
257 947 393 997 quae
430 931 657 981 maxime
704 930 942 981 mobilia.
1029 931 1299 998 Exemplis
1339 933 1601 983 rarissime
1644 934 1808 987 utitur

94 1025 382 1087 Tibullus,·
411 1019 473 1075 ut
516 1025 658 1076 infra
702 1023 1029 1089 videbimu33
1087 1026 1181 1077 ubi
1225 1042 1355 1079 vero
1403 1028 1597 1092 utitur,
1653 1030 1804 1079 etiam

95 1119 222 1170 haec
263 1120 518 1171 concinne
554 1121 848 1187 componit,
884 1130 958 1170 .ut
991 1115 1032 1185 I,
1064 1121 1114 1182 4,
1145 1124 1215 1171 17
1230 1138 1245 1172 :

233 1204 419 1278 Longa
456 1212 566 1266 dies
602 1212 1022 1266 homini‘docuit
1056 1216 1254 1282 parere
1278 1217 1491 1274 leones,

262 1368 265 1371 .
305 1307 492 1375 Longa
529 1307 641 1360 dies
678 1302 827 1360 molli
864 1325 993 1360 saxa
1031 1308 1240 1376 peredit
1275 1326 1441 1376 aqua:

234 1402 422 1454 Annus
456 1404 517 1454 in
552 1403 742 1472 apricis
777 1399 1006 1455 maturat
1043 1395 1265 1454 collibus
1302 1419 1457 1465 uvas,

309 1498 511 1550 Annus
532 1499 637 1564 agit
668 1509 812 1549 certa
847 1490 1022 1548 lucida
1060 1500 1206 1563 signa
1241 1498 1372 1550 vice.

97 1590 242 1641 Dicit
278 1601 438 1658 poeta
486 1593 742 1659 paulatim
789 1593 887 1643 sub
934 1592 1055 1657 iuga
1097 1593 1231 1643 colla
1274 1591 1517 1642 daturum
1571 1607 1813 1656 puerum.

98 1684 175 1735 Ac
203 1686 432 1753 primum
466 1686 679 1756 quidem
715 1697 835 1754 apte
869 1686 1094 1738 domitos
1123 1687 1302 1738 leones
1337 1697 1388 1737 et
1416 1704 1482 1736 ex
1517 1686 1815 1737 inanimatis

98 1781 258 1830 rebus
295 1797 423 1831 saxa
458 1781 660 1833 mollita
697 1799 836 1850 aqua
871 1783 1166 1848 comp¹onit3
1208 1799 1434 1850 cumque
1473 1782 1567 1831 ubi
1602 1779 1665 1830 de
1703 1781 1817 1829 fru-

99 1872 225 1937 gum·
255 1875 614 1940 incrementis,
646 1875 804 1939 flore,
844 1876 1139 1927 maturitate
1177 1886 1374 1938 serm0,
1409 1876 1548 1924 ultro
1582 1875 1636 1923 iu
1669 1891 1816 1923 men-

96 1976 204 2017 tem
252 1969 467 2020 veniant
512 1969 746 2021 siderum
797 1971 854 2021 in
903 1972 1046 2021 caelo
1095 1980 1240 2020 ortus
1287 1980 1338 2020 et
1377 1986 1588 2020 occasus
1601 2007 1615 2034 ,
1671 1967 1817 2019 vides

95 2065 258 2114 etiam
302 2067 517 2118 alterius
559 2066 766 2118 distichi
813 2069 1051 2118 membra
1100 2068 1200 2117 sibi
1245 2067 1439 2133 optime
1479 2063 1819 2132 respondere.

101 2160 229 2211 Non
256 2155 449 2233 >habuit
482 2165 583 2215 hoc
619 2163 971 2215 necessarium
999 2164 1330 2230 PropertiuS,
1370 2173 1429 2212 ut
1462 2163 1604 2213 infra
1643 2168 1818 2213 osten-

103 2253 258 2320 dam,
334 2275 477 2309 nunc
507 2275 828 2326 persequor
884 2259 1219 2326 propositum
1271 2258 1447 2308 finem.
1562 2258 1820 2307 Dicebam

105 2349 386 2402 divisiones
437 2342 812 2403 sententiarum
859 2352 918 2402 in
966 2341 1144 2419 partes
1197 2351 1395 2418 ubique
1449 2351 1631 2403 obvias
1681 2353 1821 2419 apud

106 2445 407 2509 Tibullum,
458 2463 591 2515 quas
637 2448 919 2498 monebam
961 2462 1238 2513 nunquam
1284 2446 1584 2497 artificiosas
1623 2463 1732 2498 esse
1773 2459 1824 2498 et

104 2539 398 2606 languidas,
436 2539 529 2591 sed
561 2541 741 2592 faciles
778 2550 831 2591 et
862 2542 1143 2607 perspicua
1176 2539 1523 2590 concinnitate
1554 2558 1823 2595 nervosas·

105 2632 415 2685 Videbimus
468 2652 612 2687 nunc
659 2644 722 2685 ut
770 2635 926 2686 etiam
974 2635 1260 2687 verborum
1310 2634 1635 2699 singulorum
1678 2637 1824 2687 varia

106 2729 439 2795 oppositione
488 2730 691 2796 egregie
737 2729 1046 2781 corroboret
1091 2744 1176 2780 eas
1217 2739 1399 2795 poeta,
1451 2739 1500 2779 et
1537 2731 1643 2780 vim
1682 2727 1824 2780 disti-

108 2821 326 2873 chorum
365 2834 563 2888 augeat.
634 2822 719 2874 Sic
755 2824 813 2874 in
849 2823 968 2876 loco
1006 2841 1165 2892 supra
1202 2823 1357 2873 allato
1400 2823 1448 2884 I,
1487 2826 1535 2880 1,
1574 2829 1631 2874 7:

252 2917 371 2984 Ipse
410 2933 577 2968 seram
612 2927 820 2968 teneras
856 2907 1063 2968 maturo
1107 2929 1342 2984 tempore
1380 2916 1511 2966 vites

318 3011 561 3062 Rusticus
600 3023 648 3062 et
686 3012 825 3064 facili
860 3010 1077 3079 grandia
1114 3029 1272 3078 poma
1308 3029 1492 3073 manu,

112 3107 339 3173 epitheta
376 3117 564 3158 tenerae
601 3117 652 3158 et
687 3108 899 3172 grandia
939 3109 1181 3175 opposita
1225 3118 1344 3158 sunt
1383 3103 1825 3176 quemadmodum

112 3201 241 3250 vites
293 3211 342 3251 et
388 3218 562 3268 poma.
651 3199 838 3265 Qualia
882 3204 1074 3270 passim
1114 3204 1458 3269 neglexerunt
1497 3203 1825 3267 interpretes,

116 3311 231 3345 cum
269 3311 377 3347 nou
415 3294 653 3348 viderent
690 3313 847 3366 quam
879 3300 1042 3349 multa
1077 3298 1133 3348 in
1168 3300 1250 3350 his
1287 3297 1519 3348 distichis
1559 3313 1626 3345 ex
1661 3309 1826 3361 oppo-

1315 3407 1333 3439 1
