2086 3756
818 226 865 277 Τ
866 223 1131 279 IBULLI.
1689 245 1817 281 cxxi

111 367 271 418 Plura
306 368 547 435 exempla
578 367 664 420 hic
693 384 806 419 non
843 371 1035 436 affero3
1072 368 1214 421 infra
1247 367 1388 422 enim
1423 369 1580 421 etiam
1612 367 1677 420 de
1712 372 1814 423 hoc

111 480 299 528 genere
344 466 535 516 iterum
569 463 788 516 dicetur.
868 467 1107 534 Apparet
1143 483 1272 519 vero
1317 483 1416 535 per
1455 483 1510 517 se
1550 483 1710 534 quam
1751 465 1818 516 sit

110 559 241 610 haec
289 577 515 647 quoque
551 576 636 610 res
683 569 806 626 apta
841 557 1100 626 distichis,
1151 578 1271 611 cum
1311 570 1364 611 et
1400 561 1555 611 metri
1590 558 1815 610 ambitus

112 656 385 720 expleatur
430 651 700 704 commode
750 662 800 703 et
847 655 1133 705 sententiae
1176 653 1418 707 disertius
1462 663 1816 722 exponantur.

107 748 376 799 Postremo
413 750 611 799 clarum
646 747 914 816 q'uomodo
952 767 1015 800 ea
1049 749 1258 802 differat
1293 770 1325 802 a
1359 750 1642 816 divisione3
1690 761 1813 801 nam

107 842 249 892 aliud
280 855 357 895 est
388 843 682 895 discernere
718 853 893 910 partes
905 880 922 908 ,
958 843 1225 907 notiones,
1264 855 1316 895 et
1349 863 1549 911 ponere
1588 844 1812 907 diversa,

105 937 246 988 aliud
287 938 428 990 idem
469 939 642 991 dicere
689 943 838 993 vario
881 939 1041 992 modo
1083 951 1134 992 et
1172 926 1440 992 cumulare
1477 940 1667 991 similes
1703 940 1815 990 for-

106 1049 217 1082 mas
254 1033 485 1085 eiusdem
527 1038 830 1088 sententiae.
909 1037 991 1088 Ita
1027 1035 1086 1087 fit
1121 1047 1181 1087 ut
1226 1039 1388 1088 altera
1424 1036 1560 1086 ratio
1602 1035 1815 1102 opposi-

102 1126 359 1192 tionibus,
398 1129 563 1180 altera
596 1129 1024 1183 similitudinibus
1058 1131 1322 1199 gaudeat,
1355 1131 1502 1203 quod
1537 1130 1814 1184 discrimen

104 1236 261 1288 quam
297 1222 408 1275 vim
442 1224 663 1292 habeat,
714 1226 855 1277 infra
891 1225 1082 1282 clarius
1119 1225 1303 1279 disces.
1338 1262 1342 1266 -

924 1391 992 1443 A.

207 1506 494 1560 Videamus
540 1525 686 1560 nunc
724 1509 1028 1575 Tibullum‘,
1079 1507 1229 1560 cuius
1281 1524 1437 1559 causa
1483 1507 1612 1557 haec
1657 1507 1814 1573 prae-

98 1603 257 1655 missa
288 1615 451 1670 ,sunt3
509 1622 633 1656 nam
676 1602 733 1656 id
781 1604 978 1670 agimus
1026 1614 1086 1655 ut
1127 1604 1457 1666 Tibullianae
1506 1599 1814 1654 elocutionis

99 1700 332 1753 indolem
377 1699 657 1772 (Kunststz'l)
694 1703 1037 1755 illustremus.
1118 1701 1212 1752 Est
1252 1711 1428 1771 autem
1469 1697 1613 1750 aliud
1655 1714 1814 1764 gene-

98 1800 254 1850 ratim
299 1799 527 1851 scribere
579 1798 643 1852 de
694 1801 1020 1864 elocutione,
1076 1797 1220 1849 aliud
1271 1796 1335 1848 de
1387 1807 1526 1849 certo
1579 1791 1813 1863 quodam

96 1895 349 1961 scriptore
387 1893 578 1947 dicere.
665 1893 798 1947 Cum
837 1896 977 1947 enim
1020 1895 1192 1949 varias
1237 1905 1412 1962 partes
1463 1893 1655 1943 habeat
1703 1891 1814 1941 elo-

97 1991 266 2056 cuti0,
321 1992 415 2059 qui
457 1992 767 2061 scriptorem
813 1991 1080 2062 quendam
1125 1991 1379 2060 explicat,
1430 1991 1495 2041 ab
1542 2007 1605 2041 eo
1647 1986 1815 2039 ordiri

98 2084 250 2138 debet
296 2097 454 2157 atque
496 2087 552 2140 id
596 2089 769 2158 primo
805 2091 924 2143 loco
962 2107 1193 2159 ponere,
1248 2084 1393 2157 quod
1428 2086 1718 2136 maximum
1754 2085 1809 2135 in

94 2180 253 2232 huius
285 2183 578 2236 elocutione
608 2186 770 2237 habet
803 2196 1153 2250 momentum,
1191 2195 1304 2236 tum
1334 2180 1606 2235 commode
1636 2180 1813 2247 dispo-

95 2294 222 2327 nere
271 2288 457 2332 cetera.
543 2280 720 2348 Atque
765 2281 840 2331 ita
889 2280 1158 2332 faciemus.
1190 2307 1266 2320 ·—-
1347 2278 1514 2343 Igitur
1563 2286 1656 2326 aut
1705 2291 1813 2324 una

97 2371 345 2423 continua
379 2371 600 2440 periodo
635 2375 888 2442 impletur
919 2373 1204 2438 distichon,
1254 2383 1346 2424 aut
1381 2373 1618 2445 membra
1652 2370 1812 2420 habet

94 2469 351 2520 sententia
387 2468 623 2522 discreta.
695 2472 773 2539 Ac
809 2472 962 2523 nobis
993 2473 1219 2522 maxime
1253 2469 1317 2521 de
1351 2472 1514 2522 altero
1554 2465 1810 2533 agendum

95 2563 214 2627 erit,
250 2566 630 2632 praemittimus
653 2577 830 2618 tamen
859 2570 1119 2619 nonnulla
1148 2567 1212 2618 de
1236 2566 1419 2635 priori.
1488 2564 1564 2615 Ut
1590 2564 1808 2614 omnino

92 2656 299 2724 pondus
326 2660 524 2712 habent
550 2660 855 2728 grandiores
885 2662 1306 2730 compositiones,
1343 2663 1414 2713 sic
1445 2659 1600 2712 etiam
1629 2658 1806 2726 perio-

92 2752 190 2804 dus
238 2773 346 2806 una
391 2757 640 2808 continua
685 2774 784 2825 per
831 2767 998 2809 totum
1045 2756 1308 2810 distichon
1356 2773 1467 2807 non
1509 2755 1805 2819 interrupto

92 2867 250 2900 cursu
298 2850 581 2904 decurrens
627 2855 796 2922 placet
840 2871 1067 2908 nervoso
1116 2854 1334 2905 ambitu.
1423 2851 1806 2916 Distinguimus

91 2961 218 2995 vero
270 2946 354 2997 hic
405 2946 534 2998 duas
582 2948 796 3000 formas.
878 2949 1172 3003 Nervosior
1211 2960 1262 3000 et
1301 2947 1502 3000 firmior
1545 2947 1672 2997 haec
1715 2955 1806 3006 est,

90 3041 182 3091 ubi
231 3059 341 3093 non
389 3044 696 3097 hexametro
746 3046 1038 3100 absolvitur
1087 3047 1404 3100 constructio
1454 3040 1803 3110 grammatica,

23 3155 30 3159 ·
90 3137 179 3188 sed
230 3137 453 3191 duarum
506 3141 803 3210 principum
854 3144 1082 3211 partium
1133 3141 1504 3193 enuntiationis
1554 3139 1801 3188 alterutra

90 3232 142 3280 in
185 3245 507 3299 pentametro
554 3239 770 3305 ponitur
807 3250 897 3291 aut
939 3240 1093 3292 etiam
1131 3238 1427 3308 praedicata
1464 3247 1514 3289 et
1552 3233 1798 3288 attributa

90 3332 198 3380 sola
238 3331 597 3386 hexametrum
633 3335 868 3403 implent.
942 3337 1196 3406 Exempla
1239 3351 1481 3405 appono:
