2158 3750
682 238 863 292 LlBR.
900 240 939 292 Ι.
1011 238 1211 293 ELEG.
1248 241 1338 292 III.
1801 247 1865 294 79

171 381 330 438 gaudia
359 397 438 428 sua
469 384 612 430 futura
643 388 687 430 in
716 387 874 443 Elysio
905 388 1126 447 depinxit,
1163 389 1226 432 sic
1255 400 1368 432 nunc
1398 384 1627 440 rivalibus,
1669 386 1744 441 qui
1775 398 1867 430 ma-

171 468 288 522 ligna
315 468 595 516 fascinatione
625 478 888 528 nocuerunt,
931 486 1095 531 poenas
1124 473 1298 517 Tartari
1327 474 1615 528 imprecatur,
1645 471 1868 528 ipsamque

169 551 337 595 Deliam
367 553 570 598 admonet
600 554 755 598 leniter
784 567 840 598 ne
874 554 1006 597 fidem
1045 555 1204 598 laedat.
1265 554 1396 600 Quod
1436 553 1557 597 vides
1599 565 1727 609 quam
1765 556 1869 609 apte

170 634 356 686 positum
384 636 455 679 sit.
514 635 704 679 Facilius
735 636 851 679 enim
879 634 993 678 feret
1022 641 1207 679 mortem
1239 642 1284 679 et
1315 637 1609 692 tranquilliore
1638 635 1780 680 animo
1808 635 1867 679 ad

169 717 342 762 umbras
383 718 642 773 descendet,
682 718 721 763 si
741 719 895 762 etiam
937 719 1093 762 rivales
1142 720 1250 763 istos
1295 721 1507 776 pessimos
1548 720 1727 765 credere
1766 720 1870 763 licet

168 802 363 856 punitum
404 803 484 855 iri3
533 803 601 847 sin
642 801 801 846 redibit
839 802 1014 846 domum
1055 804 1309 858 incolumis,
1356 818 1485 859 quam
1524 819 1615 849 rem
1644 806 1687 849 in
1718 805 1870 848 ultima

167 892 291 942 parte
319 888 518 930 carminis
547 891 732 940 tractat,
763 887 867 942 quid
897 888 1036 943 magis
1066 889 1112 931 in
1143 889 1255 932 votis
1285 887 1446 933 habere
1475 889 1631 944 debet,
1662 904 1789 946 quam
1819 897 1870 935 ut

164 969 295 1015 fidam
323 975 369 1013 et
397 975 560 1015 castam
587 971 777 1027 reperiat
805 971 1012 1016 Deliam?
1089 972 1288 1016 Diximus
1319 972 1376 1017 de
1405 986 1521 1017 nexu
1551 975 1638 1017 loci
1667 989 1766 1020 cum
1795 990 1869 1021 re-

163 1052 283 1107 liquo
305 1054 518 1107 carmine3
550 1053 853 1099 tractationem
884 1055 1120 1112 explicatio
1148 1069 1335 1112 sequens
1363 1058 1609 1102 illustrabit.
1628 1084 1688 1093 -—
1720 1061 1775 1105 V.
1792 1064 1866 1105 67.

163 1135 453 1178 scelerata
481 1135 680 1191 sedes,
707 1141 759 1180 ut
789 1137 930 1183 Ovm.
952 1137 1064 1184 Met.
1091 1139 1169 1193 lv,
1198 1143 1300 1184 455.
1363 1141 1488 1185 Adde
1518 1155 1617 1187 cum
1647 1143 1868 1188 memo

163 1224 208 1260 et
240 1218 404 1263 Voss1o
443 1219 710 1263 sceleratum
750 1220 884 1264 limen
923 1223 1046 1278 Virg.
1080 1224 1189 1267 Aen.
1218 1223 1295 1278 VI,
1334 1227 1444 1268 563.
1474 1249 1532 1258 —-
1577 1227 1735 1270 iacet
1775 1229 1867 1272 ab-

163 1302 286 1346 dita
327 1317 395 1360 pr.
427 1309 496 1348 est
527 1305 700 1360 abdita,
741 1306 823 1349 nisi
853 1306 970 1362 quod
1012 1305 1131 1348 iacet
1159 1307 1466 1365 profunditatis
1506 1309 1867 1364 significationem

162 1388 348 1433 adiuvat.
381 1390 515 1434 Ovm.
547 1389 657 1435 Met.
686 1389 746 1444 11,
778 1394 878 1435 179.
914 1413 969 1425 -
1001 1392 1055 1435 in
1086 1397 1260 1436 nocte
1290 1393 1595 1449 profunda,
1628 1408 1727 1439 cum
1757 1395 1868 1451 Ely-

162 1471 272 1515 sium
309 1476 459 1515 contra
494 1472 631 1516 solem
671 1470 852 1525 habeat,
898 1485 984 1528 quo
1027 1474 1318 1517 collustretur.
1350 1496 1408 1508 —
1452 1489 1613 1530 quam
1655 1479 1867 1521 circum

160 1555 398 1600 flumina
427 1557 592 1612 nigra
620 1563 840 1601 sonant.
907 1557 1031 1614 Apud
1054 1559 1314 1605 Vmenaum
1339 1559 1609 1616 Phlegethon
1634 1561 1867 1607 Tartarum

161 1639 318 1693 ambit,
360 1640 468 1683 Aen.
503 1639 580 1693 vl,
611 1644 715 1684 550.
777 1640 926 1684 Habet
966 1643 1079 1685 enim
1123 1641 1332 1685 Tartarus
1372 1645 1546 1700 propria
1586 1647 1864 1700 munimenta,

162 1725 207 1764 et
236 1720 431 1765 diversae
460 1727 562 1766 sunt
589 1722 758 1776 undae,
803 1736 914 1779 quae
947 1728 1086 1766 totum
1118 1725 1283 1768 Orcum
1314 1726 1537 1770 includunt
1565 1734 1611 1771 et
1641 1729 1695 1772 ab
1726 1731 1869 1772 emni-

160 1803 243 1846 bus
287 1805 451 1849 umbris
497 1806 781 1851 traiiciuntur.
832 1830 889 1840 -
950 1809 1007 1852 V.
1051 1811 1126 1852 69.
1189 1808 1626 1866 Tisiphoneque
1669 1814 1869 1858 saevit.

158 1886 296 1942 Intus,
326 1889 402 1943 ait,
423 1888 674 1945 Tisiphone,
707 1890 919 1933 carnificis
943 1903 1097 1934 munus
1122 1889 1298 1945 habenS,
1330 1892 1506 1947 flagello
1538 1895 1733 1948 exagitat
1762 1908 1866 1937 son-

158 1974 250 2023 tes,
282 1970 338 2014 cf.
370 1971 510 2014 Vnae.
548 1973 655 2015 Aen.
689 1972 766 2027 VI,
797 1976 930 2026 570„
963 1978 1007 2017 et
1038 1974 1177 2018 taedis
1208 1975 1485 2031 ardentibus,
1517 1981 1566 2019 ut
1597 1977 1789 2020 additum
1821 1979 1864 2021 in

158 2054 296 2099 Culic.
325 2057 429 2098 217.
460 2046 668 2111 aliasque,
697 2056 755 2100 cf.
789 2057 1088 2102 Buoucmms.
1120 2082 1180 2090 —
1211 2060 1437 2116 impexa
1470 2073 1569 2116 pro
1602 2060 1864 2104 crinibus

156 2151 396 2194 angues,
437 2137 601 2183 habens
641 2142 685 2183 in
727 2144 869 2197 capite
911 2155 991 2198 pro
1033 2144 1221 2187 crinibus
1262 2158 1428 2200 angues
1459 2144 1655 2189 horridos
1698 2151 1743 2189 et
1783 2147 1866 2189 im-

67 2231 71 2234 ·
158 2234 309 2277 pexos.
370 2222 607 2266 Colubrino
636 2224 844 2280 capillitio
871 2225 1088 2269 terribiles
1119 2226 1251 2269 furias
1282 2227 1480 2270 fecerunt
1510 2241 1661 2271 omnes
1692 2234 1865 2285 poetae.

157 2306 362 2350 Ceterum
392 2307 660 2351 constructio
685 2311 753 2360 est
780 2312 831 2354 ut
858 2306 1056 2350 incomta
1087 2309 1273 2366 capillos
1298 2311 1376 2365 Ill,
1402 2315 1447 2365 2,
1473 2315 1542 2355 11.
1572 2318 1618 2356 et
1645 2311 1866 2369 implexae

157 2401 330 2445 angues
358 2388 626 2432 Eumenides
657 2389 803 2434 Vmo-
831 2389 1002 2445 Georg·
1033 2390 1111 2444 IV,
1140 2394 1260 2446 482„
1290 2393 1460 2436 similia.
1478 2415 1538 2425 —
1568 2398 1624 2436 et
1655 2392 1762 2438 huo
1797 2396 1862 2437 il-

157 2473 248 2515 luc
290 2471 458 2515 turba
499 2472 668 2528 fugit.
728 2470 830 2518 Non
861 2474 995 2518 dixit:
1039 2480 1086 2519 et
1116 2475 1201 2519 huc
1232 2477 1335 2519 illuc
1366 2476 1536 2519 turbam
1567 2476 1718 2531 sugat,
1762 2478 1864 2531 quia

156 2567 241 2597 non
273 2555 436 2611 pellere
466 2556 559 2598 vult
588 2554 827 2612 Tisiphone
857 2563 1030 2610 sontes,
1060 2557 1137 2601 sed
1169 2559 1251 2615 ipsi
1286 2558 1470 2613 fugiunt.
1495 2582 1554 2591 —
1597 2559 1650 2603 V.
1684 2563 1756 2603 71.
1788 2564 1862 2604 72.

157 2637 245 2682 Qui
279 2636 421 2680 obiter
456 2638 560 2680 talia
590 2638 846 2695 inspiciunt,
894 2644 1130 2694 querantur
1161 2640 1317 2683 iterum
1349 2642 1661 2696 negligentiam
1703 2647 1863 2699 poetae

155 2725 201 2763 et
242 2732 490 2776 perversum
532 2733 677 2764 rerum
719 2721 939 2775 ordinem3
983 2723 1048 2765 sic
1089 2723 1201 2766 enim
1244 2722 1473 2766 dicendum
1517 2723 1651 2767 fuisse
1683 2728 1730 2766 ut
1762 2731 1862 2781 post

156 2803 328 2845 flumina
358 2803 597 2846 Cerberum
627 2807 727 2848 ante
760 2804 876 2847 fores
907 2812 1194 2858 memoraret,
1244 2811 1464 2861 postremo
1496 2805 1761 2863 Tisiphonen
1795 2808 1865 2852 in-

155 2890 240 2928 tus.
302 2885 368 2929 Ac
406 2885 589 2929 dixisset
627 2889 748 2931 certe
778 2888 838 2931 ita
869 2886 1147 2944 geographus
1190 2888 1341 2932 bonus.
1404 2890 1545 2932 Aliter
1585 2903 1688 2933 vero
1732 2896 1864 2946 poeta

157 2981 269 3013 nnnc
300 2969 516 3024 iudicavit,
543 2970 618 3024 qui
646 2969 734 3014 situ
763 2970 846 3014 loci
877 2976 923 3016 et
952 2972 1092 3016 fluviis
1124 2972 1414 3016 ambientibus
1443 2974 1690 3017 memoratis
1717 2976 1863 3018 statim

155 3054 200 3097 in
237 3054 444 3098 interiora
485 3066 566 3098 nos
601 3053 745 3108 ducit,
787 3061 836 3099 ut
864 3055 1130 3114 Tisiphonen
1162 3059 1385 3104 videamus
1415 3061 1679 3104 saevientem
1711 3066 1757 3103 et
1793 3061 1865 3103 fu-

153 3136 344 3191 gientem
380 3134 462 3179 huc
498 3136 600 3179 illuc
643 3136 838 3190 turbam,
878 3143 968 3181 tum
1010 3139 1182 3185 demum
1223 3142 1266 3185 in
1301 3147 1427 3198 porta
1458 3144 1589 3186 etiam
1621 3143 1861 3186 Cerberum

155 3222 378 3260 monstrat.
441 3218 542 3264 Qua
571 3218 627 3261 de
657 3218 822 3261 causa?
866 3218 1077 3264 Nimirum
1106 3223 1169 3266 sic
1195 3224 1394 3279 gradatio
1418 3225 1577 3268 eximia
1602 3224 1864 3281 descriptio-

156 3302 223 3344 nis
253 3302 446 3355 exsistit,
494 3301 765 3356 efficiturque
798 3307 846 3345 ut
878 3309 976 3359 post
1010 3308 1227 3361 cognitam
1258 3309 1398 3351 suriae
1431 3308 1731 3365 persequentis
1763 3320 1862 3349 sae-

158 3383 303 3427 vitiam
349 3397 484 3427 novus
530 3391 668 3428 terror
718 3384 795 3427 tibi
838 3386 999 3430 oriatur
1042 3401 1118 3442 eo,
1167 3390 1284 3446 quod
1327 3390 1523 3446 effugere
1565 3403 1650 3433 nou
1683 3394 1863 3444 possunt
