2158 3750
378 271 479 315 258
774 261 1240 314 COMMENTAR.
1282 263 1356 313 1N
1394 265 1681 317 TIBULLI

381 411 540 454 dictum
579 414 692 464 puta.
757 411 1010 462 paterna.
1061 406 1198 449 ΟΠ».
1242 406 1348 447 Met.
1382 406 1459 458 111,
1501 410 1615 449 590:
1660 407 1930 469 moriensque
1971 411 2078 453 mihi

378 493 494 534 nihil
513 490 588 530 ille
623 488 803 546 reliquit
834 491 1025 530 Praeter
1057 503 1216 546 aquas,
1250 505 1387 532 unum
1420 489 1500 530 lzoc
1525 505 1709 545 possum
1738 492 1964 547 appellare
1987 511 2074 550 pa-

378 585 566 616 ternam.
588 596 645 603 —-
676 573 786 615 Puta
821 585 921 615 vero
955 571 1037 615 hoc
1069 572 1214 615 dicere
1248 578 1446 628 poetam,
1476 586 1575 615 cum
1605 573 1648 615 in
1678 578 1843 616 tantum
1872 578 2077 619 crevisset

376 657 561 699 nutritus
595 654 855 710 aliquamdiu
884 667 1006 696 amor
1036 653 1260 706 Nemesis,
1291 659 1339 695 ut
1369 654 1452 695 iam
1481 654 1724 697 firmissime
1755 668 1804 697 se
1834 654 2074 702 devinctum

376 741 567 783 sentiret.
589 761 648 770 -—
680 739 995 781 Servitium
1026 738 1121 780 sed
1154 739 1331 780 triste
1361 737 1539 780 datur.
1604 737 1816 793 Compara
1848 737 1952 778 mite
1982 750 2075 781 ser-

374 825 552 874 vitium,
599 822 715 877 quod
748 823 1047 865 Priorem-ms
1080 822 1226 864 laudat
1257 821 1313 873 ll,
1345 824 1419 873 20,
1454 824 1509 862 19
1535 833 1630 874 sqq.
1703 818 1903 862 Nemesis
1932 824 2074 863 autem

375 905 485 947 fastu
517 917 572 947 ex
604 904 782 946 avaritia
813 904 1033 946 cruciabat
1064 903 1314 955 Tibullum,
1346 915 1519 958 semper
1548 902 1737 944 difficilis
1769 907 1814 945 et
1842 901 1968 944 nimis
1996 914 2074 945 cu-

373 990 474 1046 pida
505 1002 744 1032 munerum.
777 993 1185 1041 —teneorque
1217 987 1469 1038 catenis,
1500 984 1539 1027 h.
1572 998 1610 1027 e.
1642 985 1748 1028 dure
1778 997 1945 1026 meeum
1977 983 2074 1038 agi-

377 1077 461 1124 tur,
491 1071 667 1113 ductum
695 1084 719 1112 a
753 1070 1074 1123 comparatione
1105 1070 1215 1111 servi
1248 1070 1358 1111 male
1391 1068 1536 1121 habiti,
1566 1069 1640 1123 qui
1670 1068 1877 1124 compede
1907 1068 2073 1111 vinctos

373 1151 507 1208 pedes
541 1150 684 1194 habet.
717 1172 774 1183 —
820 1149 888 1190 Et
927 1162 1206 1203 nunquam
1239 1149 1427 1190 vincla
1458 1150 1710 1192 remittit
1745 1152 1929 1203 Amor,
1963 1148 2000 1192 b.
2031 1163 2072 1193 e.
2153 1151 2158 1153 ’

370 1242 416 1280 et
459 1249 672 1290 nunquam
717 1234 831 1276 mitis
863 1239 928 1276 est
961 1235 1092 1275 Amor
1137 1238 1182 1275 et
1224 1232 1410 1286 benigne
1443 1245 1511 1274 me
1552 1237 1736 1288 tractat,
1781 1234 1858 1277 sed
1897 1247 2070 1291 semper

366 1319 515 1362 saevit.
581 1319 748 1373 Nempe
776 1331 861 1360 non
893 1317 1198 1360 admittebatur
1229 1316 1428 1359 Tibullus
1467 1329 1493 1358 a
1538 1317 1708 1372 puella,
1750 1317 1826 1360 sed
1869 1324 1970 1361 ante
2003 1319 2068 1362 ia-

367 1417 498 1446 nuam
544 1403 713 1444 iacebat
754 1403 970 1444 exclusus.
1049 1402 1170 1443 Bene
1214 1413 1317 1443 vero
1364 1405 1409 1442 et
1445 1400 1618 1455 poetice
1649 1400 1779 1443 etiam
1811 1399 1894 1443 deo
1926 1405 2069 1456 partes

365 1487 409 1528 in
442 1498 494 1528 ea
527 1498 573 1527 re
607 1484 783 1537 tribuit,
817 1485 917 1538 quia
952 1489 1038 1527 tam
1073 1497 1228 1538 magna
1260 1487 1304 1525 et
1337 1483 1539 1525 continua
1569 1482 1727 1526 duritia
1754 1484 1848 1528 iure
1878 1485 2070 1528 creditur

365 1570 494 1612 deum
524 1569 687 1611 socium
722 1567 891 1610 habere.
926 1592 984 1600 —
1033 1569 1086 1611 V.
1118 1572 1146 1610 5
1179 1581 1243 1621 sq.
1307 1565 1378 1608 Et
1420 1579 1522 1608 seu
1568 1566 1701 1620 quid
1747 1568 1925 1610 merui
1968 1580 2068 1610 seu

365 1653 499 1707 quid
549 1653 921 1708 peccavimus.
982 1651 1065 1694 Est
1095 1665 1254 1692 merere
1286 1651 1515 1694 admittere
1546 1652 1662 1707 quod
1701 1665 1841 1709 poena
1873 1653 2064 1708 dignum,

367 1742 415 1779 ut
448 1741 633 1780 constat.
698 1738 888 1777 Peccare
931 1749 1035 1778 vero
1080 1741 1147 1779 est
1178 1735 1493 1790 imprudentem
1525 1735 1686 1790 aliquid
1717 1735 1968 1790 admittere,
2014 1742 2064 1780 ut
2122 1734 2158 1777 ⁷7⁴

362 1827 482 1866 recte
537 1821 643 1863 haec
687 1819 818 1862 verba
864 1817 1089 1872 distinguit
1130 1818 1351 1870 Vossms,
1408 1816 1479 1859 cui
1520 1817 1752 1860 assentitur
1796 1818 2066 1862 Huscnxrus

359 1918 612 1962 comparans
657 1903 873 1946 laudatum
917 1903 1045 1946 etiam
1090 1916 1115 1945 a
1158 1902 1339 1944 Bicmo
1373 1902 1514 1946 locum
1545 1902 1759 1947 Tssnuu'r.
1793 1903 1924 1953 Andr.
1952 1903 1988 1958 Ι,
2021 1908 2062 1956 l,

359 1992 469 2031 112:
515 1987 638 2044 Quid
659 1986 781 2044 feci,
814 1985 924 2043 quid
958 1983 1192 2026 commerui
1220 1990 1305 2024 aut
1326 1983 1528 2039 peccavi,
1555 1983 1729 2041 pater?
1791 1986 1873 2028 Ubi
1902 1986 2060 2029 DONA-

357 2084 466 2113 rus:
496 2066 706 2124 „ai-&qous-
734 2083 758 2111 a
783 2068 1017 2111 maioribus
1048 2067 1102 2110 ad
1129 2067 1309 2110 minora.
1371 2067 1431 2109 Et
1453 2066 1555 2125 feci
1584 2068 1705 2122 quasi
1736 2067 1902 2112 facinus
1934 2068 2060 2124 dixit,

354 2154 500 2196 facere
530 2153 642 2195 enim
673 2154 768 2207 quis
801 2156 845 2194 et
876 2149 1148 2192 homicidium
1181 2148 1352 2192 dicitur.
1419 2148 1662 2190 Commerui
1697 2149 1873 2194 minoris
1904 2153 2058 2208 culpae

353 2243 432 2280 est.
495 2235 685 2276 Peccavi
714 2235 850 2277 multo
881 2234 1056 2276 minoris
1089 2239 1134 2275 et
1167 2232 1387 2275 levioris-‘⁶
1451 2231 1565 2275 Dicit
1596 2233 1728 2287 igitur
1757 2233 1981 2285 Tibullus:
2012 2235 2058 2277 in

352 2319 502 2375 quavis
533 2319 660 2373 culpa
701 2318 928 2360 commissa
971 2319 1062 2360 sive
1104 2317 1268 2359 maiore
1309 2316 1403 2358 sive
1443 2315 1611 2358 minore
1652 2316 1791 2370 urit,
1835 2315 1876 2362 h.
1907 2331 1946 2361 e.
1992 2319 2056 2362 sic

351 2404 488 2459 punit,
518 2407 566 2445 ut
590 2403 626 2445 si
659 2402 890 2444 maximum
921 2406 1036 2444 esset
1064 2399 1287 2445 delictum.
1347 2400 1598 2444 Urebantur
1621 2401 1734 2445 euim
1756 2403 1871 2446 servi
1895 2403 2054 2452 lamina

351 2486 562 2530 candente
595 2490 669 2528 aut
699 2484 879 2538 facibus,
910 2484 966 2529 cf.
989 2484 1044 2527 ad
1066 2485 1100 2538 Ι,
1123 2488 1166 2538 5,
1197 2488 1240 2528 5.
1304 2483 1436 2528 Vides
1467 2485 1654 2540 puellam
1683 2484 1869 2528 maxime
1899 2498 2055 2542 super-

351 2571 447 2612 bam
480 2574 523 2611 et
555 2567 800 2611 iracundam
820 2567 989 2619 -fuisse,
1025 2579 1137 2621 quae
1169 2568 1237 2608 vel
1268 2567 1310 2609 in
1343 2566 1526 2610 minimis
1557 2566 1770 2621 dissidiis,
1811 2569 1953 2623 qualia
1984 2569 2051 2612 in-

348 2665 524 2695 numera
555 2653 666 2694 inter
697 2656 904 2704 amantes,
936 2651 1137 2703 saeviret,
1170 2650 1355 2692 frontem
1388 2663 1543 2705 aspera
1574 2649 1858 2705 contraheret,
1888 2651 2050 2696 aditum

344 2733 636 2777 interdiceret.
699 2732 868 2788 Nempe
899 2736 998 2774 ante
1027 2731 1169 2773 omnia
1200 2744 1331 2774 avara
1362 2736 1454 2773 erat
1485 2735 1531 2774 et
1560 2732 1764 2775 utebatur
1793 2734 1942 2788 quavis
1971 2747 2049 2777 oc-

345 2818 544 2871 casione,
576 2815 727 2870 quovis
763 2818 1016 2870 praetextu,
1047 2813 1120 2868 qui
1156 2811 1381 2868 pecuniam
1422 2813 1720 2868 promitteret3
1765 2828 1905 2870 neque
1935 2817 2049 2860 enim

340 2899 523 2942 dubium
554 2899 743 2941 favorem
773 2895 980 2952 imprimis
1013 2894 1195 2950 pecunia
1227 2892 1430 2936 debuisse
1464 2894 1632 2937 redimi.
1691 2895 1831 2939 Poeta
1860 2898 2048 2940 suaviter

343 2987 386 3024 et
419 2982 588 3038 poetice
631 2980 799 3035 tropica
838 2978 1025 3021 dictione
1067 2979 1202 3020 utitur
1234 2979 1276 3019 in
1309 2977 1372 3020 his
1404 2978 1535 3021 rebus
1565 2979 1870 3033 significandis.
1933 2981 2044 3025 Cum

342 3070 487 3107 autem
516 3069 608 3106 tum
640 3063 827 3106 saeviret
863 3063 1070 3115 maxime,
1106 3061 1283 3118 pulchre
1312 3062 1487 3105 subiicit
1519 3063 1750 3106 continuet
1793 3063 1936 3107 Uror
1976 3067 2044 3118 io,

341 3150 461 3202 quasi
492 3149 587 3203 quis
627 3147 838 3190 distentus
867 3146 910 3187 in
953 3145 1138 3200 equuleo
1169 3158 1281 3187 nunc
1316 3145 1483 3200 ipsum,
1530 3148 1576 3187 et
1608 3145 1822 3188 flammam
1851 3146 2042 3190 sentiens

338 3232 535 3275 admotae
567 3231 682 3273 facis.
742 3230 882 3284 Igitur
913 3241 1139 3272 remove
1171 3229 1326 3271 faces
1360 3232 1449 3270 est:
1482 3227 1628 3270 desine
1660 3227 1807 3280 irasci,
1838 3228 1915 3270 fias
1947 3229 2042 3283 pla-

339 3314 448 3356 cida.
511 3315 780 3366 Quamquam
825 3311 936 3354 enim
968 3311 1042 3353 fax
1078 3311 1208 3353 etiam
1253 3309 1307 3351 de
1350 3310 1507 3352 amoris
1537 3309 1733 3364 ignibus,
1779 3322 1888 3364 quos
1918 3311 2040 3354 exci-

338 3403 429 3440 tant
460 3397 642 3452 puellae,
672 3407 804 3451 saepe
835 3395 1004 3450 dicitur,
1035 3400 1081 3438 ut
1114 3395 1296 3438 Hoaxr.
1325 3393 1401 3449 111,
1431 3396 1473 3448 9,
1507 3396 1575 3438 13.
1608 3393 1720 3438 conf.
1752 3394 2031 3438 anmumv.

2149 1997 2158 2081 Ξ

2147 2122 2158 2172 i

2148 2177 2158 2212 1

2150 2215 2158 2249 »ι

2144 2267 2158 2305 ,ε

2145 2321 2158 2363 ε,
