2086 3756
232 205 431 239 Lxxxw
907 184 1003 235 DE
1040 181 1240 239 POESI

234 338 504 381 contentae
551 340 603 380 et
650 345 896 381 arvorum
944 326 1036 378 ubi
1079 345 1187 395 pax
1230 335 1440 393 regnat,
1491 326 1929 395 quemadmodum

233 423 378 476 vides
418 426 542 490 eleg.
568 426 608 490 Ι,
642 429 667 475 1
711 434 761 474 et
793 425 834 488 Ι,
864 421 970 474 10?
1040 424 1287 477 Eiusdem
1320 425 1521 491 generis
1557 428 1841 493 praesentis
1880 436 1930 477 et

233 519 449 587 mythici
498 519 749 586 temporis
805 519 1093 584 oppositiO,
1151 529 1210 571 ut
1258 539 1376 572 cum
1423 522 1474 586 Ι,
1513 522 1668 572 3.'i11
1717 523 1930 589 querela

209 605 417 683 ⁸poetae
470 617 658 666 morbo
706 615 851 680 gravi
898 615 955 665 in
1002 615 1188 667 itinere
1238 618 1423 668 bellico
1476 616 1702 684 correpti
1742 615 1932 682 legitur
1973 624 1983 633 '

230 728 421 760 aureae
473 710 653 762 aetatis
707 700 1012 778 descriptio,
1066 715 1159 788 ubi
1213 732 1322 765 non
1374 715 1511 764 bella
1560 731 1657 764 nec
1702 711 1934 763 habendi

234 802 487 871 cupiditas
526 823 620 856 nec
656 813 737 855 tot
768 805 884 858 viae
923 808 1133 873 mortis,
1187 818 1274 859 aut
1313 826 1431 859 cum
1469 808 1599 873 eleg.
1626 809 1702 871 II,
1739 812 1788 857 3.
1825 825 1933 858 ser-

229 900 412 952 vitium
459 901 744 969 mythicum
789 903 1045 970 Apollinis
1089 921 1188 971 pro
1232 921 1408 955 amore
1451 903 1627 954 omnia
1666 904 1936 954 tolerantis

230 994 516 1047 hodiernae
555 997 801 1064 pravitati
841 1015 1050 1048 morum
1092 998 1396 1065 opponitur.
1478 998 1589 1049 Nec
1629 995 1773 1066 quod
1818 1007 1938 1064 post

231 1092 399 1160 Elysii
441 1091 629 1158 gaudia
669 1093 913 1146 rivalium
949 1094 1007 1143 in
1042 1095 1265 1145 Tartaro
1307 1111 1509 1161 poenae
1544 1095 1585 1156 Ι,
1613 1100 1661 1144 3.
1699 1103 1789 1143 aut
1822 1093 1862 1154 Ι,
1889 1096 1939 1142 5.

231 1198 353 1255 post
383 1188 794 1238 exsecrationem
820 1183 973 1237 'lenae
1005 1186 1187 1238 sedula
1217 1188 1389 1238 officia
1422 1188 1664 1237 amatoris
1693 1185 1939 1253 pauperis

233 1282 629 1349 describuntur,
696 1295 747 1335 et
797 1302 932 1353 quae
982 1294 1106 1335 sunt
1150 1284 1336 1335 similia
1380 1285 1580 1351 ,partim
1626 1299 1787 1350 supra
1833 1283 1938 1332 iam

238 1389 547 1444 memorata,
589 1377 689 1429 erit
726 1379 820 1447 qui
851 1395 960 1429 non
992 1378 1186 1429 laudet.
1256 1373 1392 1430 Nam
1428 1380 1556 1430 haec
1594 1378 1771 1430 omnia
1805 1387 1940 1444 apta,

206 1473 508 1526 *commoda
569 1476 772 1544 ratione
837 1474 1183 1542 oppositionis
1242 1477 1464 1542 placent.
1565 1475 1767 1527 Scimus
1780 1511 1795 1539 ,
1851 1475 1941 1538 aiS,

233 1569 367 1620 nihil
410 1570 783 1637 repugnantiae
822 1587 960 1631 esse,
1010 1571 1104 1620 ubi
1139 1571 1360 1621 alterum
1393 1569 1669 1635 laudatur,
1718 1572 1940 1621 alterum

235 1663 515 1715 damnatur
553 1664 945 1732 oppositorum3
993 1662 1125 1714 illud
1164 1682 1506 1731 quaeramus,
1560 1681 1740 1715 annon
1784 1664 1939 1714 etiam

233 1758 388 1809 simul
435 1769 704 1825 ponantur
763 1778 898 1828 quae
952 1777 1063 1810 non
1108 1759 1390 1813 videantur
1449 1777 1602 1827 posse
1662 1759 1942 1812 conciliari.

235 1850 340 1903 Sed
379 1871 551 1922 neque
594 1855 695 1905 hoc
732 1872 934 1907 verum.
1017 1855 1275 1905 Errarunt
1310 1853 1452 1905 haud
1492 1854 1650 1906 dubie
1687 1855 1941 1923 Heym‘us,

235 1949 456 2000 Vossius
501 1951 719 2018 aliique,
779 1951 872 2019 qui
920 1954 1253 2003 sarcasticum
1301 1952 1478 2003 locum
1519 1952 1594 2016 II,
1631 1955 1688 2014 3,
1728 1953 1943 2000 35-60.

235 2044 331 2094 ubi
364 2046 579 2095 luxuria
612 2045 849 2096 Nemesis
888 2055 940 2096 et
972 2046 1150 2097 rivalis
1189 2047 1505 2111 exagitatur,
1552 2060 1788 2112 pugnare
1832 2059 1943 2094 cre-

238 2138 484 2191 diderunt
519 2159 635 2192 cum
671 2141 852 2191 ceteris
888 2140 1126 2207 partibus
1165 2139 1404 2190 carminis
1443 2139 1634 2190 amoris
1669 2148 1941 2205 praestan-

234 2235 361 2287 tiam
406 2237 774 2300 tractantibu83
825 2253 949 2286 nam
998 2253 1092 2286 cur
1135 2233 1294 2286 ardor
1345 2234 1536 2284 amoris
1586 2243 1639 2285 et
1679 2234 1942 2299 castigatio

235 2331 437 2381 ironica
487 2332 728 2381 luxuriae
782 2332 1030 2398 puellaris
1083 2348 1261 2382 secum
1314 2325 1594 2398 pugnent?
1696 2328 1945 2380 Similiter

235 2425 345 2476 irae
403 2442 521 2476 cum
575 2424 856 2492 cupiditate
911 2436 960 2476 et
1014 2425 1272 2475 desiderio
1330 2421 1651 2475 concordant
1699 2424 1834 2474 bene
1886 2422 1941 2472 in

238 2539 445 2586 amore,
484 2531 574 2572 aut
602 2522 844 2571 lacrimae
877 2539 997 2571 cum
1025 2520 1323 2587 voluptate,
1369 2519 1520 2570 fletus
1555 2537 1674 2570 cum
1702 2517 1944 2584 indigna-

236 2618 411 2679 tione,
477 2616 649 2666 minae
707 2632 822 2665 cum
877 2614 1140 2681 precibus.
1250 2615 1433 2664 Discas
1486 2614 1611 2664 hinc
1667 2630 1774 2682 quo
1824 2614 1941 2663 iure

238 2711 478 2780 Heynius
531 2721 592 2762 ut
642 2711 980 2763 invenustum
1034 2709 1358 2762 damnaverit
1411 2720 1462 2760 et
1516 2712 1647 2761 alius
1701 2711 1943 2760 carminis

238 2808 587 2874 fragmentum
621 2807 849 2861 voluerit
884 2824 994 2859 esse
1034 2807 1232 2858 exitum
1270 2806 1459 2872 elegiae
1489 2808 1528 2870 Ι,
1558 2810 1635 2871 5.,
1670 2807 1764 2858 ubi
1789 2814 1944 2873 poeta

238 2913 359 2971 post
394 2905 581 2954 multas
620 2904 857 2971 querelas
895 2912 1015 2953 ante
1050 2902 1264 2952 ianuam
1297 2911 1562 2969 postremo
1601 2918 1655 2952 se
1690 2917 1942 2953 revocans

240 3018 359 3051 cum
393 2999 637 3051 irrisione
683 2997 924 3064 discedit,
979 2999 1154 3066 qualia
1197 3016 1264 3048 ne
1304 3000 1508 3066 puellae
1555 2997 1768 3066 quidem
1808 2995 1940 3047 adeo

240 3096 457 3146 moleste
493 3094 750 3146 ferebant.
831 3092 937 3145 Sed
973 3092 1037 3144 de
1072 3094 1173 3144 hoc
1211 3094 1356 3144 exitu
1390 3095 1495 3144 iam
1533 3111 1693 3161 supra
1729 3091 1940 3143 dictum.

242 3189 491 3240 Similiter
537 3207 653 3239 cum
700 3191 751 3252 Ι,
797 3194 886 3251 10,
930 3188 996 3237 45
1039 3203 1154 3255 sqq.
1200 3186 1341 3253 pacis
1392 3196 1443 3237 et
1489 3188 1564 3250 II,
1608 3191 1666 3248 5,
1711 3189 1776 3237 95
1823 3203 1938 3254 sqq.

237 3285 492 3334 ruralium
527 3265 779 3334 festorum
810 3282 1053 3333 laudibus
1086 3285 1309 3333 infertur
1345 3283 1581 3334 rixarum
1615 3278 1939 3346 eroticarum,
