2158 3750
672 231 855 284 LIBR.
891 231 984 282 IV.
1060 231 1274 283 CARM.
1313 233 1353 283 Ι.
1751 237 1850 286 421

149 376 224 428 24,
248 377 290 417 2.
323 378 500 420 notante
532 377 660 421 etiam
690 378 886 423 BAcmo.
920 402 977 411 —
1009 379 1268 435 Valgius.
1318 379 1385 422 De
1415 376 1468 422 C.
1502 378 1683 424 Vlline-xo
1716 378 1850 424 Rmvo

148 469 288 512 nuper
315 465 516 502 accurate
550 461 641 514 egit
670 461 736 503 vir
765 461 1037 504 doctissimus
1067 462 1395 513 Wmcmmwus
1425 461 1470 504 iu
1499 461 1675 503 Poetar.
1709 460 1849 503 Latin.

149 539 237 582 vit.
278 546 323 582 et
364 542 506 584 Carm.
551 543 728 597 Reliqq.
770 557 814 598 p.
852 546 941 585 203
973 556 1069 597 sqq.
1142 543 1326 585 Florens
1369 543 1568 597 Augusto
1610 543 1850 598 imperante

148 618 217 663 hic
258 623 323 664 vir
362 625 530 666 vinctae
573 629 618 667 et
657 625 827 666 solutae
859 624 1067 666 orationis
1099 625 1304 679 operibus
1335 625 1492 667 famam
1525 625 1710 678 aliquam
1743 636 1849 680 con-

146 708 320 745 secutus
355 710 434 747 est.
507 708 650 760 Atque
679 706 890 760 imprimis
920 706 1093 759 quidem
1125 705 1341 749 rhetorica
1372 712 1416 750 et
1446 708 1726 762 grammatica
1755 711 1848 749 stu-

147 782 217 825 dia
250 787 479 838 tractavit,
523 792 568 829 et
598 788 770 844 scripsit
802 787 932 829 etiam
974 799 1083 841 opus
1125 785 1180 828 de
1221 800 1301 830 usu
1345 787 1569 832 herbarum
1611 788 1667 831 ad
1696 791 1849 846 Augu-

144 872 284 922 stum,
326 869 442 923 quod
481 875 624 913 tamen
667 875 807 914 morte
851 883 1084 927 oppressus
1126 883 1211 913 non
1254 871 1451 914 absolvit.
1516 872 1627 914 Cum
1659 871 1849 925 eleganti

145 951 319 1004 iugenio
354 956 484 1006 esset,
515 953 697 995 tentavit
728 953 859 995 etiam
887 953 1056 1009 poesin,
1086 952 1164 995 sed
1194 957 1368 1009 praeter
1396 954 1560 1008 elegias
1591 951 1694 996 nihil
1726 953 1847 996 vide-

143 1035 215 1072 tur
235 1031 435 1085 edidisse,
468 1036 514 1076 et
532 1033 570 1075 si
596 1047 723 1088 quam
749 1034 920 1077 laudem
947 1033 1012 1076 his
1033 1035 1293 1078 carminibus
1323 1035 1404 1078 sibi
1440 1040 1683 1092 pepererat,
1715 1035 1845 1078 etiam

141 1112 248 1158 haec
289 1117 473 1158 aliorum
510 1118 767 1172 scriptorum
811 1117 927 1160 laudi
969 1119 1127 1170 cessit,
1175 1130 1357 1172 quorum
1400 1130 1539 1173 paene
1579 1117 1846 1172 frequentior

140 1202 206 1238 est
235 1197 350 1252 apud
380 1198 615 1254 scriptores
646 1204 816 1242 veteres
860 1203 906 1241 et
947 1200 1252 1254 grammaticos
1291 1201 1466 1243 mentio.
1527 1200 1698 1256 Nempe
1728 1200 1845 1242 nullo

138 1290 323 1332 poeseos
353 1291 516 1333 genere
544 1280 804 1323 luculentius
836 1281 1043 1324 excelluit
1087 1282 1200 1324 inter
1230 1283 1458 1336 aequales,
1505 1287 1551 1325 et
1582 1281 1713 1325 fuisse
1744 1295 1844 1325 eum

138 1359 352 1414 insignem
400 1363 572 1417 epicum
618 1368 794 1418 poetam
847 1375 1057 1416 nusquam
1102 1376 1207 1406 sane
1256 1364 1418 1418 legitur
1469 1365 1550 1408 nisi
1599 1362 1682 1406 hoc
1731 1365 1844 1407 loco.

139 1443 303 1497 Censet
332 1445 465 1498 igitur
491 1445 810 1489 Wmcnssnwus
841 1447 972 1490 etiam
1003 1446 1102 1490 huic
1133 1448 1381 1491 testimonio
1413 1447 1516 1491 nihil
1547 1445 1844 1499 tribuendum3

137 1530 301 1570 temere
355 1532 401 1570 et
452 1528 685 1571 inscienter
725 1529 887 1572 factum
935 1529 1138 1583 Valgium
1185 1530 1411 1584 egregium
1454 1530 1622 1586 epicum
1665 1533 1840 1582 poetam

136 1609 191 1652 ab
222 1611 319 1666 ipso
352 1609 477 1654 huius
521 1613 722 1656 carminis
763 1617 967 1667 auctore,
1013 1614 1088 1669 qui
1128 1614 1260 1656 sciret
1302 1627 1399 1656 eum
1432 1614 1649 1656 Messalae
1679 1618 1723 1655 et
1760 1611 1840 1654 Ti-

136 1696 253 1739 bullo
295 1699 521 1752 aequalem
562 1712 738 1755 operam
769 1698 941 1742 dedisse
981 1699 1177 1742 versibus
1213 1699 1464 1743 scribendis.
1528 1698 1658 1744 Quod
1695 1703 1839 1741 tamen

134 1794 220 1836 ego
263 1783 327 1824 sic
366 1795 452 1825 nou
495 1782 650 1826 dicam.
723 1783 824 1827 Non
867 1785 1132 1828 nominasset
1173 1788 1305 1840 poeta
1352 1784 1581 1837 Valgium,
1625 1781 1705 1823 nisi
1750 1780 1840 1824 veri

134 1863 236 1918 quid
267 1864 467 1908 subesset
506 1867 585 1908 rei.
649 1865 834 1921 Nempe,
865 1872 912 1909 ut
941 1867 1166 1923 suspicor,
1208 1866 1501 1909 meditabatur
1531 1863 1714 1919 Valgius
1744 1867 1836 1906 tum

133 1949 303 2003 epicum
334 1963 515 2006 poema,
544 1956 590 1994 et
618 1951 853 2007 scripserat
882 1952 966 1995 iam
1000 1952 1253 2008 particulam
1287 1953 1578 2007 praeclaram,
1611 1963 1738 2006 quam
1770 1949 1838 1992 vi-

133 2030 257 2074 derat
287 2032 480 2075 Messala
511 2039 644 2088 atque
675 2034 808 2076 etiam
838 2031 908 2082 hic
938 2038 1068 2088 poeta
1098 2034 1259 2088 aliique
1296 2034 1514 2086 nonnulli,
1562 2031 1668 2085 sed,
1709 2032 1837 2086 igno-

129 2118 223 2158 tum
253 2128 340 2170 quo
370 2129 502 2170 casu,
537 2128 622 2159 non
653 2117 899 2160 absolutum
931 2122 999 2160 est
1028 2131 1138 2174 opus
1168 2130 1250 2160 nec
1281 2117 1443 2173 prodiit
1473 2116 1672 2172 publice3
1721 2114 1838 2157 unde

130 2194 186 2238 de
217 2197 342 2252 epica
371 2199 495 2254 poesi
526 2199 671 2254 Valgii
699 2197 806 2242 nihil
836 2203 1064 2255 praeterea
1093 2199 1312 2242 traditum.
1343 2223 1403 2232 —
1446 2199 1686 2255 propior
1727 2210 1836 2240 non

128 2280 283 2324 alter
313 2280 574 2325 Homero.
636 2281 737 2326 Non
766 2284 892 2326 nimis
923 2284 1120 2338 urgenda
1151 2284 1267 2326 talia.
1311 2283 1553 2326 Pnorsnw.
1580 2282 1616 2333 Ι,
1643 2285 1688 2334 7,
1715 2283 1834 2323 init.:

128 2364 251 2404 Dum
282 2362 366 2405 tibi
398 2363 613 2426 Cadmeas
643 2363 887 2417 dicuntur,
920 2365 1117 2410 Pontice,
1153 2363 1326 2406 Thebae
1360 2388 1418 2395 --
1454 2364 1624 2422 Atque,
1655 2363 1726 2403 ita
1752 2361 1836 2404 sim

118 2447 257 2506 felix,
283 2448 429 2506 primo
459 2447 689 2494 contendis
718 2451 931 2494 Homero.
962 2472 1021 2481 —
1053 2450 1106 2492 V.
1139 2453 1220 2491 181
1255 2462 1318 2503 sq.
1360 2447 1672 2502 Languida.
1735 2447 1835 2491 Non

128 2533 238 2576 bene
265 2534 423 2576 omissa
454 2533 665 2590 particula
695 2533 790 2580 At,
824 2540 974 2575 tamen
1005 2531 1086 2576 hic.
1149 2534 1314 2576 Sensus
1344 2536 1511 2574 autem:
1557 2532 1831 2585 Quamquam

126 2618 307 2661 adversa
338 2617 508 2660 fortuna
539 2622 662 2672 utor,
710 2631 821 2673 quae
862 2631 947 2661 non
979 2618 1094 2660 favet
1127 2616 1308 2673 poeticis
1339 2616 1517 2669 studiis,
1565 2628 1649 2658 non
1683 2621 1828 2658 tamen

127 2699 287 2743 otiatur
328 2699 538 2743 industria
580 2712 677 2743 mea
717 2712 800 2742 neo
841 2700 984 2756 patiar
1023 2712 1093 2742 me
1135 2697 1321 2742 abstrahi
1366 2713 1393 2742 a
1436 2698 1635 2742 laudibus
1666 2699 1752 2742 tuis
1781 2704 1830 2742 ut

129 2788 283 2838 potero
325 2783 546 2826 canendis.
576 2805 638 2817 —
683 2783 850 2827 labor
890 2789 940 2827 ut
982 2778 1109 2830 πόνος
1153 2783 1208 2826 de
1251 2783 1394 2826 studio
1442 2783 1629 2839 poetico.
1660 2804 1718 2813 —
1772 2786 1831 2823 ut

124 2878 241 2908 mos
284 2870 373 2909 est
410 2866 523 2910 illi.
581 2866 776 2911 Fortuna
805 2873 856 2911 nt
893 2869 1005 2912 solet
1037 2881 1196 2911 vexare
1239 2866 1460 2921 homines,
1503 2868 1567 2910 sic
1599 2867 1728 2909 etiam
1759 2878 1828 2907 me

127 2953 256 2990 vexat
285 2949 468 2992 inimica.
541 2951 617 2994 Sic
647 2953 864 3008 explicata
894 2954 1026 2997 verba
1056 2966 1143 2996 non
1173 2952 1301 2996 video
1332 2951 1436 3006 quid
1468 2950 1719 2994 offensionis
1751 2948 1828 2991 ha-

125 3031 270 3074 beant.
332 3031 451 3075 Male
485 3032 692 3076 Bscmus
727 3034 946 3078 distinxitz
990 3043 1044 3076 ut
1075 3050 1166 3078 mos
1197 3043 1292 3081 est,
1324 3036 1508 3088 iungens
1538 3031 1609 3074 illi
1640 3031 1828 3086 (labori)

125 3115 330 3162 adversa,
361 3115 478 3171 quod
509 3115 635 3159 valde
667 3117 871 3160 ieiunum.
897 3139 952 3149 -—
985 3117 1228 3172 fatiget,
1262 3121 1405 3167 vexet,
1437 3116 1578 3158 Vmo.
1610 3115 1719 3159 Aen.
1749 3113 1826 3166 VI,

122 3202 238 3242 53³2
286 3213 347 3239 αη
393 3213 508 3257 quae
549 3206 593 3240 te
626 3200 827 3257 fortuna
864 3199 1091 3259 fatigat?
1120 3224 1177 3232 —
1227 3202 1281 3244 V.
1316 3203 1400 3242 183
1432 3212 1528 3253 sqq.
1590 3199 1699 3241 Cum
1730 3209 1828 3240 ann.

119 3283 224 3324 713.
270 3286 369 3337 post
410 3284 620 3337 proelium
666 3282 942 3340 Philippense
984 3285 1247 3328 Octavianus
1289 3289 1333 3327 et
1379 3283 1590 3327 Antonius
1632 3283 1827 3337 legiones

125 3378 223 3408 suas
265 3366 552 3422 assignatione
595 3369 715 3424 larga
747 3382 949 3424 agrorum
984 3374 1384 3423 remunerarentur,
1434 3369 1564 3412 etiam
1597 3366 1665 3410 hic
1697 3371 1826 3423 poeta
