2086 3756
845 219 1146 272 TIBULLI.
1715 235 1847 268 xxxi

354 364 421 413 At
458 361 587 415 mihi
621 362 665 412 si
701 360 894 427 credas,
927 363 1068 414 illam
1107 379 1296 431 sequar
1333 379 1469 412 unus
1506 360 1570 412 ad
1607 380 1756 414 aras:
1808 392 1811 393 ν

497 461 647 511 Tunc
683 461 814 511 mihi
848 478 958 512 non
998 460 1160 512 oculis
1200 459 1266 510 sit
1300 459 1533 510 timuisse
1567 459 1713 523 meis,

140 555 333 621 colligit
350 556 504 607 etiam
521 555 645 604 hinc
665 554 1016 622 antiquiorem
1037 555 1202 606 fuisse
1218 551 1563 621 Lygdamum,
1587 552 1844 622 siquidem

139 652 286 718 prius
305 651 474 702 maior
493 650 687 700 horror
712 650 904 700 horum
929 665 1199 701 sacrorum
1221 659 1373 701 esset.
1431 647 1538 700 Sed
1564 646 1684 701 vide
1709 663 1844 718 quae

138 745 250 796 dixi
282 743 351 796 ad
381 745 501 795 illos
537 745 728 796 loc08.⁴
782 744 1028 811 Denique
1063 744 1423 811 imperfectam
1458 756 1623 797 artem
1657 755 1845 813 poetae

136 841 475 892 rusticitatem
512 841 738 907 appellat
770 837 1081 891 horridioris
1118 841 1251 892 aevi.
1321 840 1426 893 Sed
1451 843 1535 892 his
1575 852 1733 911 atque
1766 853 1846 894 ta·

134 937 273 989 libus
309 936 443 987 nihil
476 935 699 987 efficitur
735 916 879 1004 quod
920 947 1252 987 commovere
1297 953 1617 1004 quemquam
1647 939 1845 1003 possit,

137 1052 299 1104 quare
350 1051 492 1084 nunc
542 1034 694 1085 mitto
743 1033 897 1084 istam
950 1032 1275 1099 opinionem.
1365 1033 1574 1102 Optime
1623 1053 1752 1087 vero
1794 1047 1844 1087 et

134 1133 413 1183 rectissime
463 1128 705 1192 Oebeke‚
751 1138 817 1180 ut.
860 1128 1056 1179 fecerat
1104 1130 1261 1181 etiam
1307 1128 1575 1196 Spolmius
1590 1166 1605 1195 ,
1652 1130 1845 1181 refutat

134 1230 382 1280 Voss-ium
439 1226 783 1295 repugnantia
841 1227 1008 1278 multa
1063 1224 1129 1276 de
1187 1225 1459 1294 Lygdamo
1514 1225 1843 1278 fundentem.

133 1325 322 1394 Neque
357 1325 498 1375 enim
533 1323 822 1374 Graeculus
855 1323 960 1374 fuit
993 1333 1046 1374 et
1080 1323 1354 1376 libertinae
1387 1322 1714 1388 conditioniS,
1751 1324 1841 1374 sed

134 1423 431 1475 Romanum
463 1439 521 1472 se
559 1421 684 1472 dicit
712 1420 844 1487 ipse,
880 1430 945 1470 ut·
975 1421 1308 1471 observatum
1343 1420 1575 1486 primum
1612 1433 1642 1470 a
1672 1420 1840 1485 Wag-

134 1534 264 1570 nero
299 1527 400 1580 est,
440 1515 590 1566 initio
625 1515 751 1564 libri
785 1513 953 1566 tertii:
1235 1504 1238 1508 ⁴

343 1609 602 1662 Exoriens
635 1609 828 1659 nostris
863 1608 948 1658 hic
982 1608 1085 1659 fuit
1119 1625 1287 1659 annus
1325 1609 1463 1673 aviS,

131 1724 302 1777 neque
335 1721 527 1772 egenus
551 1705 726 1772 potuit
751 1720 875 1769 esse,
916 1704 1011 1773 qui
1035 1704 1242 1754 lautum
1274 1705 1575 1757 convivium
1600 1705 1658 1756 in
1689 1717 1840 1757 sexta

131 1805 291 1872 elegia
320 1802 578 1867 describit,
617 1801 710 1852 ubi
745 1801 902 1852 etiam
932 1811 1200 1868 unguenta
1235 1801 1466 1869 pretiosa
1497 1819 1608 1855 non
1634 1801 1838 1865 desunt,

130 1914 182 1952 et
216 1911 354 1953 amat
401 1899 617 1952 omnino
660 1897 968 1964 elegantiam
1009 1908 1060 1950 et
1104 1899 1295 1950 luxum
1336 1898 1628 1968 quendam,
1675 1902 1839 1953 veluti

128 2017 245 2050 cum
287 1999 480 2050 librum
531 1995 728 2056 amicae
763 1995 980 2046 missum
1022 1992 1268 2044 describit
1306 2003 1397 2044 aut
1429 1995 1660 2046 honores
1696 2007 1839 2046 mor-

57 2120 61 2125 «
125 2106 215 2156 tuo
255 2093 368 2144 ‘sibi
414 2089 731 2144 reddendos.
819 2087 925 2140 Sed
974 2086 1253 2140 dicendum
1301 2106 1443 2140 nunc
1492 2088 1557 2141 de
1609 2088 1838 2142 editione

75 2250 81 2254 ¹
125 2191 404 2256 elegiarum
453 2198 532 2240 est
580 2185 711 2257 quid
759 2188 996 2238 sentiam.
1066 2184 1271 2253 Nempe
1311 2196 1458 2238 acute
1491 2187 1623 2238 mihi
1665 2187 1838 2238 Lach-

123 2278 348 2336 manime
381 2300 530 2344 meus
564 2294 787 2336 statuere
825 2279 1037 2334 videtur
1074 2281 1133 2331 in
1166 2281 1522 2332 Annotatione
1559 2281 1700 2333 libro
1730 2293 1838 2333 ter-

125 2383 200 2433 tio
235 2380 484 2449 praefixa,
519 2377 685 2430 editos
719 2387 827 2428 tres
866 2377 1080 2428 ultimos
1106 2376 1272 2426 libros
1301 2377 1369 2426 ab
1405 2377 1509 2428 alio
1538 2388 1660 2444 post
1694 2395 1838 2429 mor-

123 2488 230 2528 tem
268 2477 484 2528 Tibulli.
554 2476 822 2539 Tibullus,
857 2484 918 2525 ut
957 2473 1182 2527 vidimus
1221 2491 1409 2542 supra,
1443 2487 1686 2527 mortuus
1723 2488 1837 2527 erat

124 2580 171 2626 in
201 2591 382 2626 amore
417 2572 673 2637 Nemesis,
709 2574 806 2641 qui
840 2587 990 2622 amor
1025 2588 1147 2621 cum
1180 2587 1292 2622 non
1325 2570 1507 2622 finitus
1548 2582 1697 2635 esset,
1738 2590 1834 2622 nec

120 2673 256 2724 liber
293 2669 553 2723 secundus
586 2667 691 2720 dici
725 2678 898 2737 potest
934 2687 965 2719 a
1000 2668 1214 2721 Tibullo
1250 2668 1462 2734 finitus,
1511 2669 1602 2720 sed
1642 2673 1836 2737 proba-

122 2770 226 2822 bile
271 2779 348 2821 est
379 2770 674 2836 longiorem
706 2768 943 2819 futurum
993 2765 1154 2817 fuisse
1190 2777 1240 2817 et
1275 2766 1445 2834 priori
1480 2765 1836 2832 magnitudine

123 2855 438 2931 similiorem,
476 2866 523 2917 si
553 2875 711 2934 poeta
744 2860 939 2917 diutius
972 2863 1219 2929 vixisset3
1253 2880 1425 2932 neque
1467 2864 1608 2915 enim
1646 2861 1836 2914 edidis-

123 2974 196 3015 set
233 2973 351 3015 ante
380 2962 539 3014 finem
572 2958 781 3013 amoris.
853 2958 1010 3011 Nunc
1038 2958 1196 3024 igitur
1228 2969 1285 3009 ut
1315 2959 1557 3021 habetur,
1587 2974 1655 3008 ex
1687 2959 1835 3009 sche-

124 3058 201 3110 dis
236 3059 377 3109 Albii
412 3059 478 3108 ab
521 3057 625 3108 alio
666 3054 837 3107 editus
855 3062 952 3105 ‘est
965 3091 979 3118 ,
1019 3071 1078 3103 ac
1115 3070 1236 3104 cum
1271 3056 1449 3106 omnia
1489 3054 1613 3105 satis
1655 3056 1834 3106 elabo-

122 3163 234 3204 rata
272 3153 507 3217 videam,
543 3164 622 3205 est
649 3163 827 3204 tamen
862 3151 919 3202 in
955 3151 1110 3202 tertio
1143 3151 1372 3202 carmine
1410 3149 1688 3218 descriptio
1726 3168 1833 3202 ser-

122 3249 234 3300 vitii
268 3247 534 3317 Apollinei
565 3247 711 3317 apud
745 3247 1058 3312 Admetum,
1106 3249 1162 3298 in
1201 3265 1306 3317 qua
1348 3248 1582 3299 ultimam
1616 3265 1831 3299 manum

125 3342 379 3399 desidere.
452 3345 556 3398 Sed
590 3343 730 3399 idem
764 3347 877 3410 ille,
918 3345 1010 3414 qui
1039 3346 1180 3397 hunc
1217 3346 1415 3397 librum
1454 3344 1639 3409 edidit,
1678 3344 1833 3395 simul
