2086 3756
241 241 336 273 ext,
924 222 1019 272 DE
1056 219 1257 277 POESI

384 363 523 414 Vota
562 373 774 418 movent
814 380 1058 431 superos:
1095 362 1191 415 ubi
1223 359 1448 430 portitor
1487 378 1608 413 aera
1645 345 1861 429 recepit,

456 456 679 510 Obserat
712 459 965 509 herbosos
1005 456 1179 509 lurida
1213 467 1367 525 porta
1399 473 1573 523 rogos-

240 548 348 601 Ubi
391 569 486 618 per
535 562 784 619 quattuor
832 551 1050 606 disticha
1095 552 1277 604 eadem
1323 552 1582 604 sententia
1626 550 1729 602 alio
1778 558 1935 616 atque

223 643 342 693 ‘alio
399 644 557 695 modo
621 663 866 712 expressa
920 648 1162 699 habetur.
1265 648 1486 701 Frustra
1539 645 1664 696 talia
1695 657 1938 712 »quaeras

240 735 379 801 apud
430 738 718 790 Tibullum.
803 741 1074 792 Pertinent
1119 759 1245 793 vero
1298 740 1481 793 eodem
1528 737 1939 806 comparationes

240 839 293 879 et
330 834 570 899 exempla
607 851 635 884 e
665 851 844 886 rerum
880 845 1070 886 natura
1104 847 1154 887 et
1187 838 1294 888 vita
1335 836 1637 897 hominum,
1683 830 1938 897 imprimis

239 940 267 973 e
305 927 623 993 mythologia
661 929 821 995 petita
858 931 1113 996 plurima,
1162 948 1269 1000 quo
1310 940 1501 981 ornatu
1536 939 1645 979 tota
1679 924 1941 992 Propertii

236 1019 409 1082 poesis
446 1019 714 1073 distincta:
763 1041 883 1073 nam
920 1025 1073 1074 etiam
1105 1027 1232 1077 haec
1269 1042 1388 1075 eum
1423 1025 1581 1075 finem
1615 1023 1838 1083 habent,
1882 1028 1940 1069 ut

238 1109 418 1162 eadem
455 1131 538 1164 res
577 1125 626 1166 et
659 1118 915 1166 sententia
952 1119 1054 1168 alio
1093 1128 1250 1186 atque
1289 1118 1391 1168 alio
1427 1117 1584 1168 modo
1622 1124 1942 1166 monstretur

238 1214 289 1254 et
318 1205 626 1259 illustretur.
696 1211 756 1259 In
796 1227 902 1277 quo
940 1228 1050 1261 non
1087 1212 1443 1279 oppositiones
1476 1211 1680 1279 quaerit
1713 1211 1940 1276 Proper-

235 1296 367 1363 tius,
419 1299 511 1351 sed
550 1301 857 1355 varietatem
891 1314 1096 1356 tantum
1130 1304 1442 1372 iucundam,
1489 1305 1656 1357 veluti
1695 1303 1767 1356 sic
1803 1305 1852 1369 Ι,
1889 1310 1940 1367 2,

239 1397 269 1441 9
311 1411 458 1464 sqq.:

382 1489 635 1557 Adspice,
686 1509 819 1560 quos
857 1491 1133 1542 summittit
1163 1491 1355 1541 humus
1392 1491 1625 1542 formosa
1662 1493 1862 1544 colores

448 1584 525 1635 Ut
559 1586 773 1638 veniant
807 1585 1031 1637 hederae
1071 1597 1258 1653 sponte
1296 1603 1391 1636 sua
1427 1585 1640 1649 meliuS,

379 1677 569 1743 Surgat
605 1690 657 1729 et
693 1680 751 1729 in
789 1680 911 1732 solis
949 1682 1149 1730 felicius
1190 1682 1406 1732 arbutus
1442 1679 1632 1743 antris,

446 1772 513 1821 Et
549 1772 677 1822 sciat
710 1772 961 1824 indociles
999 1792 1213 1834 currere
1249 1775 1466 1842 lympha
1499 1773 1630 1827 vias.

380 1865 564 1917 Litora
600 1868 786 1921 nativis
824 1871 1083 1920 collucent
1117 1869 1256 1936 picta
1288 1869 1508 1936 lapillis,

447 1959 515 2009 Et
548 1963 791 2013 volucres
830 1964 977 2013 nulla
1013 1962 1213 2014 dulcius
1251 1973 1362 2015 arte
1399 1971 1609 2015 canunt.

236 2053 334 2103 His
371 2055 553 2104 confer
589 2055 788 2107 Tib-ulli
824 2058 1108 2120 rationem,
1162 2057 1255 2129 qui
1289 2057 1592 2126 ceteroquin
1632 2053 1941 2123 paucissima

238 2147 543 2198 huiusmodi
583 2149 768 2215 habet,
816 2152 870 2215 Ι,
907 2152 969 2215 4,
1007 2157 1108 2202 29:

383 2240 557 2303 Quam
593 2244 693 2294 cito
727 2263 989 2312 purpureos
1027 2244 1264 2312 deperdit
1299 2254 1440 2295 terra
1475 2244 1698 2305 colores,

450 2335 622 2398 Quam
657 2340 756 2390 cito
798 2340 1054 2391 formosas
1087 2342 1316 2407 populus
1357 2341 1473 2390 alba
1509 2334 1713 2391 comas!
1806 2396 1829 2418 v

237 2431 332 2481 ubi
378 2434 640 2498 oppositio
682 2435 974 2486 manifesta.
1046 2437 1250 2487 Verum
1293 2437 1423 2486 haec
1467 2436 1738 2487 hactenus·
1817 2430 1942 2483 Non

236 2522 293 2573 id
341 2543 481 2576 nunc
522 2544 616 2591 ago
659 2538 719 2578 ut
761 2529 1026 2595 Propertii
1073 2524 1420 2587 elocutionem
1459 2529 1579 2580 data
1621 2545 1781 2596 opera
1823 2527 1943 2576 illu-

238 2627 395 2667 strem
442 2629 632 2683 totam,
681 2621 825 2688 quod
870 2624 971 2673 alio
1015 2625 1132 2674 loco
1173 2625 1387 2688 faciam3
1439 2623 1627 2690 placita
1662 2618 1940 2688 Propertio

239 2711 568 2778 amplificatio
621 2716 788 2781 qualis
826 2711 930 2779 sit,
994 2717 1225 2768 indicare
1278 2718 1456 2781 volui,
1525 2727 1576 2767 et
1627 2734 1785 2785 quam
1834 2717 1942 2767 vim

239 2805 366 2855 haec
403 2823 486 2857 res
521 2807 739 2873 habeat,
787 2810 880 2860 ubi
924 2809 988 2860 de
1024 2810 1319 2862 discrimine
1358 2813 1689 2862 Tibullianae
1726 2821 1778 2861 et
1810 2812 1942 2861 Pro-

237 2902 507 2966 pertianae
559 2904 883 2954 elocutionis
920 2906 1104 2970 agitur.
1207 2904 1427 2958 Ovidius
1476 2919 1732 2976 utroque,
1797 2907 1941 2975 quod

241 2995 612 3060 explicuimus,
659 2998 875 3049 artificio
920 3000 1083 3049 utitur
1118 3000 1202 3050 hic
1238 3002 1342 3052 illic
1387 3003 1480 3052 ubi
1511 3021 1596 3053 res
1635 3003 1763 3066 fert3
1806 3020 1939 3070 quae

239 3106 364 3140 vero
403 3089 468 3139 sit
504 3091 720 3158 propria
753 3094 888 3145 ratio
920 3097 1239 3147 tractationis
1279 3113 1427 3160 suae,
1458 3114 1615 3163 supra
1645 3095 1747 3146 iam
1779 3098 1940 3148 verbo

238 3181 478 3234 indicavi.

345 3274 482 3326 Illud
518 3276 618 3326 hoc
654 3278 769 3327 loco
807 3289 964 3330 restat
1002 3281 1284 3346 agendum,
1333 3294 1386 3333 ut
1425 3282 1487 3333 de
1521 3288 1651 3334 temo
1690 3294 1731 3333 et
1772 3294 1940 3351 quarto
