2158 3750
301 266 362 309 16
690 257 1156 312 COMMENTAR.
1192 258 1267 310 IN
1306 258 1592 314 TIBULLI

297 411 462 449 tentus,
495 401 640 445 vivere
660 414 820 457 parvo,
851 413 935 443 non
967 402 1104 457 magis
1135 402 1349 458 probabis.
1412 403 1578 448 Censor
1606 406 1799 452 lenensis
1821 407 1995 452 Husch-

297 488 356 530 kii
388 488 414 530 1.
447 487 518 530 cit.
552 501 593 540 p.
629 487 726 526 190.
759 483 852 526 vult
882 485 998 531 Iam,
1027 483 1150 526 modo
1183 483 1272 526 iam
1295 499 1506 541 possum,
1534 486 1665 530 credo
1693 494 1742 531 ut
1771 486 1995 533 Smoivws

300 572 524 610 Aponus.
555 566 610 619 II,
641 567 746 607 545.
779 565 916 621 dixitg
962 565 1080 606 Nam
1123 565 1249 608 modo
1290 581 1370 609 nos
1413 566 1503 609 iam
1537 568 1675 627 festa
1715 580 1878 614 vocant
1915 586 1996 628 pro

295 650 402 692 eben
425 651 575 707 jetzt‚
620 648 698 692 sed
729 661 813 692 non
851 649 990 692 solum
1022 650 1286 693 rarissimum
1319 649 1427 704 hoc,
1470 664 1620 694 verum
1652 653 1782 695 etiam
1808 651 1914 695 nihil
1942 666 1996 696 eo

297 733 480 776 ieiunIus
509 731 641 774 fuerit
670 730 784 786 apud
817 731 1052 775 Tibullum.
1116 733 1238 775 Alius
1267 733 1333 775 vir
1361 732 1514 776 doctus
1544 734 1589 776 in
1619 735 1788 778 Annall.
1814 736 1996 781 literarr.

298 813 571 857 Vindobonn.
609 816 740 866 1815,
771 827 813 869 p.
845 816 946 856 719.
977 813 1071 858 Iun.
1102 813 1385 857 coniiciebat:
1412 817 1513 857 Iam
1542 815 1718 858 modulo
1738 831 1998 873 possum—

296 911 457 953 parvo,
486 898 531 940 in
562 910 647 952 quo
678 897 804 940 nimis
830 902 956 940 aucta
977 897 1117 953 parvi
1145 902 1278 953 notio,
1309 913 1390 943 nec
1417 903 1557 945 omitti
1578 903 1720 959 potuit
1738 902 1854 961 agri,
1882 903 1999 959 quod

294 980 480 1035 supplet.
541 979 701 1022 Restat
742 983 792 1021 ut
834 979 1012 1022 afferam
1056 980 1158 1034 quid
1208 982 1303 1037 ipse
1344 995 1558 1028 censeam.
1620 986 1839 1030 Coniicio=
1885 986 1996 1030 Iam

298 1061 520 1105 modico
551 1074 778 1118 possum
809 1068 1119 1106 contentus
1149 1066 1350 1109 vivere
1379 1066 1432 1109 in
1467 1081 1626 1122 arvo,
1666 1070 1709 1112 in
1739 1082 1826 1125 quo
1855 1071 1998 1114 insunt

294 1157 407 1199 quae
449 1157 534 1199 ego
573 1144 773 1186 desidero
805 1145 973 1198 omnia,
1016 1158 1146 1200 posse
1187 1160 1235 1189 se
1272 1126 1701 1202 paucIs'contentum
1732 1151 1846 1192 domi
1875 1159 1922 1192 et
1951 1152 1999 1193 in

287 1226 446 1284 patria
468 1227 626 1270 vivere.
688 1225 785 1268 Hac
811 1227 922 1268 enim
946 1227 1121 1269 notione
1147 1240 1268 1283 opus.
1330 1229 1551 1272 Modicum
1582 1243 1733 1275 arvum
1762 1232 1924 1275 dictum
1950 1238 2000 1276 ut

291 1323 502 1367 magnum
530 1309 680 1352 VARR.
714 1307 769 1350 de
793 1308 861 1351 Re
877 1308 1005 1352 Rust.
1029 1309 1064 1363 Ι,
1084 1314 1126 1354 7.
1150 1331 1200 1342 --·
1234 1312 1288 1354 V.
1307 1314 1380 1354 26.
1403 1312 1613 1367 longae
1641 1314 1789 1359 viae.
1839 1315 1997 1358 Militia

291 1405 427 1448 saepe
458 1392 703 1446 longinquis
734 1391 957 1433 itineribus
984 1396 1102 1434 terra
1131 1393 1326 1448 marique
1357 1393 1616 1449 declaratur,
1646 1395 1703 1438 cf.
1730 1395 1841 1439 infra
1863 1410 1903 1440 v.
1922 1400 1997 1441 52.

293 1473 531 1516 PnoPssnzr.
562 1472 641 1526 111,
671 1475 715 1526 4,
746 1476 789 1515 3.
823 1472 969 1527 ibique
999 1473 1232 1518 Kumom..
1293 1475 1401 1518 Aliis
1431 1476 1476 1518 in
1509 1477 1618 1520 locis
1653 1491 1774 1520 mare
1813 1482 1858 1521 et
1899 1477 1998 1520 viae

296 1555 352 1599 de
382 1556 596 1599 maritimo
628 1560 673 1598 et
703 1555 893 1612 pedestri
924 1556 1078 1599 itinere
1108 1556 1332 1611 dicuntur,
1362 1558 1460 1602 vide
1490 1559 1788 1603 Mrrscrrmu..
1817 1560 1872 1603 ad
1903 1560 1998 1603 Ho-

293 1645 375 1684 rat.
405 1640 462 1694 ΙΙ,
490 1643 532 1693 6,
560 1642 604 1681 7.
666 1640 810 1694 Atque
840 1637 922 1682 hoc
954 1641 1053 1683 loco
1082 1639 1263 1699 longam
1291 1640 1413 1683 viam
1441 1642 1659 1697 intelliges
1687 1643 1817 1698 longa
1846 1643 1999 1687 itinera

292 1726 524 1768 multorum
575 1724 754 1768 millium
804 1738 1034 1780 passuum,
1083 1725 1227 1780 qualia
1279 1725 1496 1770 faciebant
1545 1727 1763 1770 exercitus
1810 1727 1997 1771 Romani

293 1806 452 1865 (lange
481 1805 746 1862 Μᾶνεεῖιε),
792 1811 843 1849 ut
877 1807 1021 1863 posita
1062 1807 1222 1850 locutio
1253 1812 1321 1850 est
1350 1822 1390 1851 v.
1422 1822 1461 1852 c.
1491 1809 1601 1853 infra
1633 1810 1691 1864 ΙΙ,
1720 1813 1765 1864 6,
1793 1814 1839 1856 3.
1898 1811 1998 1855 L1v.

293 1890 439 1944 XXII,
468 1892 512 1931 2.
555 1890 760 1933 Suu-ron.
788 1890 870 1933 Iul.
898 1894 972 1934 57.
1033 1891 1226 1935 Molesta
1255 1892 1358 1934 talia
1386 1892 1522 1947 equiti
1560 1897 1610 1936 ut
1649 1892 1797 1949 pediti.
1858 1892 1927 1936 Ad
1957 1906 1997 1937 v.

294 1972 532 2017 deditus
561 1974 754 2017 Vossms
787 1978 1008 2030 comparat
1039 1974 1219 2017 deditus
1257 1974 1528 2034 aequoribus
1567 1977 1704 2020 Ovm.
1739 1976 1850 2021 Met.
1879 1977 2003 2031 XIII,

291 2060 404 2101 921.
435 2055 490 2099 de
521 2057 763 2112 piscatore,
808 2061 854 2100 et
886 2056 1064 2100 deditus
1084 2058 1239 2118 fugae
1269 2059 1481 2104 Lucnu‘r.
1511 2060 1590 2115 IV,
1623 2064 1724 2104 993.
1764 2061 1820 2105 de
1849 2063 2002 2105 cervis.

294 2140 360 2183 Ut
389 2145 584 2194 constat,
622 2140 794 2184 deditus
823 2141 954 2185 alicui
985 2142 1050 2185 rei
1078 2142 1236 2186 dicitur
1267 2145 1340 2199 qui
1371 2145 1594 2200 studiose,
1621 2146 1796 2190 assidue
1825 2151 1901 2190 aut
1930 2151 2000 2190 to-

292 2229 364 2267 tus
395 2225 437 2267 ei
467 2237 643 2280 operam
675 2225 774 2278 dat,
822 2230 868 2268 et
906 2239 1020 2269 nunc
1062 2227 1263 2270 Tibullus
1307 2229 1521 2283 laetatur,
1569 2227 1687 2284 quod
1722 2229 1834 2272 liber
1862 2230 1920 2272 sit
1948 2229 2004 2271 ab

293 2308 476 2351 assiduis
516 2308 612 2350 istis
654 2309 877 2352 molestiis.
950 2309 1157 2353 Ceterum
1189 2309 1256 2354 hle
1287 2323 1437 2354 versus
1466 2312 1704 2368 oppositus
1733 2312 2004 2357 antecedenti

292 2391 482 2434 ostendit
508 2391 568 2434 ibi
598 2393 842 2436 noti0nem=
874 2391 990 2435 domi
1019 2392 1130 2435 etin
1150 2393 1314 2450 patria
1329 2396 1508 2451 requiri,
1538 2409 1665 2452 quam
1689 2398 1828 2454 ipsam
1857 2401 2004 2441 nostra

293 2475 541 2518 coniectura
569 2480 773 2531 praestat.
799 2497 859 2509 —
888 2477 943 2520 V.
961 2479 1036 2520 27.
1069 2477 1246 2520 Canis
1276 2479 1541 2523 aestivos
1571 2484 1764 2534 ortus,
1794 2477 1836 2522 h.
1854 2491 1893 2524 e.
1927 2492 2004 2520 ea·-

296 2556 440 2604 lores,
473 2572 583 2615 quos
614 2565 742 2599 ortus
776 2557 979 2600 aestivus
1005 2558 1139 2602 Canis
1171 2559 1338 2616 affert,
1369 2566 1419 2604 ut
1449 2562 1554 2605 alias
1584 2575 1665 2619 pro
1695 2564 1740 2607 vi
1769 2567 1816 2606 et
1845 2562 2004 2606 effectu

297 2641 361 2684 rei
394 2640 568 2695 gravius
607 2653 677 2683 res
708 2641 802 2696 ipsa
833 2643 1089 2687 nominatur.
1138 2644 1276 2686 Ovm.
1314 2644 1424 2687 Met.
1455 2645 1510 2697 V,
1539 2647 1654 2686 281:
1698 2657 1839 2702 grave
1877 2643 2006 2686 sidus

293 2724 456 2768 vitare.
499 2725 762 2768 emenus.
804 2726 848 2767 in
890 2730 1012 2781 nupt.
1053 2725 1222 2769 Honor.
1266 2727 1448 2771 Fescen.
1487 2741 1528 2770 v.
1558 2730 1647 2770 20:
1693 2726 1842 2786 gelido
1871 2742 2003 2784 specu

295 2806 603 2850 torrentiorem
624 2805 798 2864 fallere
827 2805 1009 2851 Sirium.
1069 2807 1153 2852 Est
1182 2822 1286 2852 vero
1329 2816 1456 2852 ortus
1497 2809 1632 2852 Canis
1671 2810 1845 2854 omnino
1875 2824 2004 2867 prae-

294 2889 431 2931 sentia
473 2889 578 2932 Sirii
614 2889 658 2931 in
699 2889 824 2931 coelo
855 2901 937 2944 per
968 2889 1154 2933 aestivos
1183 2903 1381 2944 menses,
1431 2892 1547 2947 quod
1590 2897 1772 2950 propter
1814 2893 2002 2938 Husorr-

295 2985 414 3015 imm
443 2977 629 3026 annoto,
673 2972 984 3027 intelligentem
1026 2975 1135 3017 mire
1176 2979 1440 3019 momentum
1479 2976 1586 3019 illud
1629 2977 1860 3034 temporis,
1905 2990 2003 3021 cum

295 3056 436 3099 Sirius
469 3068 525 3098 ex
560 3057 736 3099 Oceano
771 3058 934 3111 surgit,
980 3059 1156 3102 laudato
1198 3059 1401 3102 Hammo
1445 3059 1499 3103 Il.
1534 3060 1590 3113 V,
1621 3061 1664 3104 4.
1691 3082 1753 3093 —
1799 3059 2004 3103 Ceterum

294 3142 517 3192 comparat
551 3137 783 3180 thss'rtrs
815 3140 964 3183 suavia
992 3141 1125 3183 verba
1157 3142 1354 3185 Graeca=
1402 3141 1556 3189 λασίας
1585 3136 1744 3197 &cimae
1774 3135 1859 3183 ὑπὸ
1888 3142 2002 3183 aka·
2038 3139 2045 3143 ”

292 3215 428 3260 τάνου
457 3215 668 3270 Καύματ’
699 3216 923 3278 <imparato
960 3218 1105 3276 φυγῶν
1136 3217 1286 3273 κυνός,
1326 3222 1591 3280 Epigramm.
1621 3225 1772 3267 incert·
1802 3236 1867 3267 nr.
1895 3226 2001 3267 260.

295 3303 510 3348 Arm-1101..
552 3304 642 3347 Gn.
690 3303 748 3348 T.
776 3304 856 3349 IV.
901 3320 946 3361 p.
978 3309 1080 3350 171.
1125 3307 1301 3351 Jacobs.
1375 3308 1475 3351 Alia
1514 3307 1661 3351 JAmss
1707 3308 1999 3350 Gnarunmrs

293 3384 475 3429 confert.
504 3405 556 3420 -
604 3385 660 3430 V.
694 3387 770 3433 28.
801 3385 865 3430 ad
896 3387 1049 3431 rivos
1080 3386 1120 3432 h.
1150 3401 1189 3432 e.
1222 3400 1335 3433 nunc
1365 3388 1421 3433 ad
1452 3387 1589 3444 hunc,
1632 3402 1745 3435 nunc
1774 3389 1832 3434 ad
1860 3389 1995 3433 illum.
