2158 3750
261 253 289 296 6
652 240 1006 296 COMMENT
1015 239 1119 290 AR.
1154 239 1229 290 IN
1269 238 1553 290 TIBULLI

266 391 311 430 et
346 389 626 430 veneraturus
670 382 726 424 sit
766 380 873 422 deos
914 378 1128 432 agricolas
1170 389 1342 430 omnes,
1387 376 1560 431 frugum
1599 377 1771 432 vinique
1813 383 1959 433 sperat

263 472 465 522 quantum
497 466 614 508 satis.
679 461 876 516 Attinget
906 473 1037 517 porro
1067 459 1282 503 interdum
1309 459 1546 502 arationem
1577 472 1658 502 nec
1686 461 1852 516 pecoris
1881 472 1959 503 cu-

264 564 354 593 ram
385 549 593 603 negliget,
626 558 678 587 ac
708 557 806 587 011111
834 543 1101 600 pastoritiam
1128 543 1252 586 deam
1277 555 1381 585 vere
1403 555 1575 596 quoque
1597 543 1711 585 colat
1738 544 1961 594 Palilibus,

267 634 396 675 etiam
428 629 657 687 pecuariae
689 628 839 670 florem
869 630 1017 682 sperat
1050 626 1233 671 felicem.
1303 625 1372 668 Ita
1412 625 1599 679 negotiis
1628 624 1799 667 rusticis
1830 630 1879 667 ut
1908 627 1963 668 li-

267 714 386 755 bebit
416 724 571 754 vacans
602 715 647 753 et
674 707 822 752 favore
849 709 1028 752 deorum
1054 722 1231 753 securus
1253 709 1439 764 inopiae,
1473 707 1624 750 vitabit
1651 709 1778 751 simul
1797 713 1962 751 aestum

265 794 346 837 sub
376 794 528 837 umbra
556 792 722 836 arboris
753 796 798 835 et
831 789 980 834 hiemis
1011 790 1222 846 procellas
1253 790 1297 831 in
1328 789 1457 832 solito
1486 789 1615 832 lecto.
1678 789 1768 832 Sed
1798 790 1967 832 accedit

265 874 320 917 ad
353 873 482 926 haec,
525 874 641 930 quod
673 874 804 916 etiam
834 872 979 929 puella
1014 871 1206 914 formosa
1237 870 1361 913 Delia
1399 871 1586 914 animum
1630 871 1769 927 cepit,
1811 874 1862 913 ut
1901 869 1966 912 his

264 970 436 1013 quoque
474 957 654 1000 vinculis
693 957 807 1000 domi
849 957 1096 999 retineatur.
1168 955 1386 998 Describit
1426 955 1561 1010 igitur
1595 968 1709 998 nunc
1739 957 1868 998 etiam
1898 955 1967 998 af-

267 1042 427 1085 fectum
458 1042 755 1085 mollissimum
787 1039 911 1083 huius
942 1039 1100 1082 amoris
1130 1038 1197 1080 sui
1228 1038 1282 1080 ad
1322 1042 1504 1082 mortem
1535 1038 1752 1092 duraturi,
1793 1043 1836 1080 et
1866 1036 1968 1080 hor-

268 1128 383 1166 tatur
411 1125 599 1180 puellam
634 1137 730 1166 cum
762 1125 960 1166 iuventus
993 1123 1135 1164 brevis
1166 1121 1248 1175 sit,
1290 1125 1340 1163 ut
1370 1135 1516 1164 secum
1549 1121 1771 1175 indulgeat
1809 1123 1968 1164 amoris

266 1207 429 1250 lusibus
465 1207 572 1249 dum·
597 1207 686 1249 fata
715 1207 885 1258 sinant;
927 1205 1094 1259 gloriae
1124 1217 1228 1247 vero
1263 1205 1437 1247 militari
1472 1210 1517 1247 et
1548 1203 1654 1247 haec
1681 1204 1839 1259 gaudia
1866 1218 1968 1261 spe-

268 1294 364 1331 rata
393 1289 575 1344 opponit
606 1292 652 1330 et
681 1292 782 1343 post
819 1291 1001 1331 mortem
1032 1287 1229 1329 lacrimas
1259 1287 1411 1329 Deliae
1442 1288 1728 1342 iuvenumque
1758 1291 1804 1330 et
1832 1288 1968 1342 virgi-

269 1384 399 1424 num,
445 1376 603 1426 poetae
642 1369 891 1412 fidelissime
932 1363 1274 1411 amantis‘sunus
1306 1369 1378 1422 qui
1409 1369 1724 1411 comitabuntur
1754 1354 1974 1424 lugentes.

266 1453 335 1496 Ita
367 1453 579 1497 Tibullus.
640 1452 776 1496 Vides
809 1452 924 1508 quod
958 1453 1072 1496 dixi=
1128 1454 1264 1496 otium
1306 1454 1454 1510 paucis
1495 1459 1744 1499 contentum
1784 1467 1885 1499 rure
1922 1459 1970 1498 et

268 1535 310 1576 in
344 1547 490 1577 amore
525 1534 873 1589 transigendum,
906 1532 1011 1577 haec
1043 1539 1108 1577 est
1142 1535 1324 1577 felicitas
1356 1535 1535 1590 idealis,
1575 1550 1702 1592 quam
1733 1537 1815 1580 sibi
1844 1537 1970 1593 fingit
2047 1596 2049 1598 η

269 1618 438 1671 animo,
486 1618 610 1660 cuius
651 1631 781 1660 sensu
813 1617 944 1660 etiam
985 1630 1063 1659 nos
1097 1617 1308 1660 afficimur
1339 1618 1641 1662 iucundissime
1672 1624 1717 1662 et
1749 1632 1971 1662 movemur

271 1703 481 1755 legentes
553 1685 661 1746 Cum
697 1702 809 1743 0111111
848 1714 927 1756 per
957 1714 1004 1744 se
1035 1714 1190 1755 magna
1219 1701 1409 1744 suavitas
1439 1703 1496 1744 sit
1526 1703 1569 1744 111
1601 1703 1806 1746 ruralium
1835 1716 1970 1746 occu-

268 1785 490 1839 pationum
535 1783 923 1840 descriptionibus,
972 1789 1197 1841 praeterea
1241 1785 1410 1828 accedit
1458 1787 1599 1829 cultus
1649 1788 1746 1843 pius
1790 1786 1971 1831 deorum

270 1867 505 1920 agrestium
537 1871 582 1909 et
611 1866 823 1912 modestia
858 1881 992 1924 parvo
1024 1873 1240 1921 contenta,
1279 1873 1498 1924 postremo
1528 1881 1649 1911 amor
1677 1869 1843 1924 Deliae,
1873 1869 1971 1926 qui·

269 1947 349 1990 bus
389 1949 519 1991 rebus
561 1949 799 1992 coniunctis
841 1949 1127 2006 pulcherrima
1172 1951 1342 1992 exsistit
1382 1952 1527 2005 imago
1569 1952 1698 1995 vitae.
1774 1953 1971 2008 Augetur

270 2043 373 2073 vero
408 2029 516 2073 haec
547 2032 768 2086 praeclara
797 2031 860 2074 vis
892 2044 1032 2073 rerum
1067 2032 1197 2073 etiam
1231 2045 1283 2074 eo
1316 2045 1399 2074 11011
1432 2045 1608 2088 parum,
1637 2033 1752 2088 quod
1785 2034 1969 2090 opponi—

270 2116 341 2154 tur
381 2113 507 2156 simul
548 2126 627 2168 per
667 2117 805 2155 totum
847 2125 1018 2156 carmen
1061 2113 1238 2165 militia3
1285 2126 1425 2168 neque
1462 2114 1574 2157 enim
1615 2115 1755 2158 solum
1791 2119 1973 2172 propter

271 2195 568 2238 invitationem
601 2196 844 2248 Messalae,
880 2195 950 2238 cui
981 2195 1294 2250 respondetur,
1337 2194 1444 2238 haec
1473 2209 1544 2239 res
1578 2202 1863 2240 consentanea
1891 2202 1971 2250 est,

271 2277 347 2320 sed
380 2279 509 2321 etiam
540 2279 594 2324 ad
627 2277 843 2335 poeticam
875 2279 1083 2320 rationem
1112 2278 1311 2320 carminis
1339 2278 1612 2334 suavissima,
1639 2279 1768 2322 cuius
1799 2294 1972 2323 summa

270 2360 497 2404 sententia
537 2361 624 2403 luzo
665 2359 937 2418 oppositione
978 2359 1166 2403 militiae
1208 2360 1376 2420 otiique
1413 2361 1676 2406 continetur.
1737 2362 1973 2407 Considera

270 2457 384 2486 nunc
413 2457 582 2488 mecum
619 2444 947 2501 dispositionem
978 2459 1135 2489 rerum.
1196 2446 1354 2490 Divisit
1384 2451 1516 2502 poeta
1546 2451 1682 2493 totam
1713 2448 1790 2492 otii
1820 2447 1972 2492 idealis

270 2529 570 2572 tractationem
610 2530 748 2572 tribus
790 2530 1011 2585 partibus,
1057 2531 1242 2586 primum
1273 2529 1328 2573 de
1359 2531 1562 2574 arborum
1603 2532 1840 2587 vitiumque
1868 2543 1973 2576 cura

272 2618 316 2654 et
351 2613 470 2655 cultu
502 2612 684 2656 deorum
714 2614 1000 2668 agricolarum
1033 2615 1203 2669 dicens,
1248 2615 1404 2658 deinde
1435 2615 1490 2657 de
1519 2616 1720 2670 pecuaria
1747 2619 1792 2657 et
1820 2619 1971 2671 pasto-

269 2695 394 2737 ritiae
426 2694 536 2738 deae
561 2695 694 2742 cultu,
727 2700 949 2751 postremo
980 2697 1175 2739 tractatis
1202 2698 1374 2740 rusticis
1403 2697 1531 2740 rebus
1559 2697 1614 2740 de
1635 2710 1780 2740 amore
1805 2697 1970 2752 Deliae,

271 2779 345 2832 qui
376 2780 498 2824 locus
532 2779 709 2821 ultimus
740 2791 836 2822 esse
867 2779 1027 2822 debuit.
1091 2779 1201 2823 Cum
1242 2785 1387 2822 autem
1430 2792 1596 2823 summa
1637 2781 1877 2835 sententia,
1920 2786 1972 2824 ut

273 2859 387 2913 dixi,
431 2861 476 2903 in
517 2862 792 2917 oppositione
831 2863 907 2904 otii
947 2863 1209 2918 militiaeque
1248 2863 1466 2918 versetur'‚
1509 2863 1671 2919 optime
1710 2864 1754 2907 id
1797 2878 1971 2920 quoque

271 2941 431 2983 factum
473 2947 564 2996 est,
614 2948 661 2985 ut
705 2943 812 2986 haec
843 2957 1027 2998 regnans
1058 2958 1137 3001 per
1168 2946 1413 2988 universum
1446 2960 1617 2990 carmen
1647 2947 1797 3001 iungat
1827 2953 1970 3005 partes

273 3027 318 3064 et
360 3025 578 3065 contineat
618 3029 771 3068 totum.
833 3025 944 3070 Nam
990 3027 1172 3083 primum
1219 3028 1261 3071 iu
1304 3029 1483 3071 introitu
1514 3030 1653 3084 posita
1696 3035 1763 3072 est
1802 3036 1849 3073 ut
1891 3044 1970 3088 par

272 3109 389 3157 erat,
432 3104 590 3149 deinde
618 3107 780 3149 claudit
811 3121 981 3152 carmen
1014 3109 1057 3151 111
1094 3109 1192 3152 fine.
1265 3111 1501 3154 Praeterea
1532 3125 1634 3155 vero
1667 3113 1796 3154 etiam
1829 3113 1871 3154 in
1901 3113 1968 3156 111-

272 3189 463 3232 tervallis
494 3191 678 3245 partium
710 3192 946 3246 repetitur,
988 3193 1172 3249 primum
1201 3208 1241 3239 v.
1271 3197 1331 3237 25
1362 3209 1455 3250 sqq.
1487 3196 1599 3238 inter
1635 3194 1744 3237 duos
1772 3194 1871 3237 illos
1900 3194 1967 3236 lo-

270 3283 372 3324 008,
413 3272 487 3326 qui
527 3272 583 3316 de
623 3275 795 3318 rusticis
839 3277 968 3319 rebus
1008 3282 1133 3332 sunt,
1177 3283 1268 3321 tum
1311 3284 1410 3335 post
1451 3283 1655 3322 tractatas
1684 3291 1754 3321 res
1784 3279 1968 3322 rusticas

269 3368 308 3399 v.
339 3358 397 3399 37
423 3368 516 3413 sqq.
549 3357 622 3402 ubi
657 3358 711 3403 ad
743 3373 932 3405 amorem
964 3362 1183 3411 transitur.
1244 3363 1383 3408 Simul
1410 3363 1656 3408 observabit
1691 3364 1829 3408 lector
1855 3376 1964 3419 quo-
