2158 3750
302 285 367 330 76
689 277 1156 333 COMMENTAR.
1192 279 1269 331 IN
1305 279 1595 334 TIBULLI

300 429 398 466 runt
427 425 683 480 interpretes
713 424 887 466 morbos
930 437 1086 479 graves
1127 429 1172 469 et
1202 429 1364 468 mortes
1396 429 1700 480 praematuras
1731 437 1812 481 pro
1852 424 2007 480 poenis

297 507 508 548 scelerum
553 504 721 548 habitos
765 505 887 560 (vide
934 508 1063 550 etiam
1106 509 1288 551 Burni.
1333 507 1513 550 Advers.
1545 507 1706 561 XLIV,
1736 507 1851 563 26);
1906 521 2004 550 uam

298 587 474 642 dignum
513 600 562 630 se
606 586 782 630 liaberet
815 593 956 631 morte
995 589 1224 643 Tibullus,
1269 590 1307 633 si
1349 588 1452 644 quid
1497 589 1784 631 commisisset
1816 590 2004 644 gravius.

299 669 425 710 Nunc
456 667 558 710 nihil
588 667 829 713 huiusmodi
870 670 998 724 fecit,
1046 684 1125 714 nec
1155 670 1271 714 cadit
1313 671 1355 714 in
1392 684 1492 714 eum
1533 684 1630 717 res:
1682 675 1828 727 potest
1858 676 2005 715 tamen

296 752 386 794 fato
418 752 676 795 constitutus
706 765 802 796 esse
835 753 930 796 finis
964 753 1092 797 vitae.
1154 756 1298 809 Atque
1328 755 1390 797 ita
1419 755 1500 797 sibi
1532 754 1759 796 transitum
1780 754 1920 809 fparat
1948 753 2013 800 ad.

302 842 556 891 sequentem
588 842 754 894 partem
786 839 999 882 carminis.
1072 839 1263 883 Mortem
1293 840 1452 893 timeo,
1480 841 1565 893 ait,
1599 844 1788 882 remotus
1816 853 1843 882 a
1868 839 2004 896 patria

298 931 397 961 cum
427 921 508 963 sim
539 924 585 963 et
613 921 764 978 procul
795 934 821 964 a
851 922 960 964 meis
990 921 1033 963 in
1065 923 1296 978 peregrina
1327 927 1457 977 terra,
1490 928 1535 966 et
1565 921 1663 966 hinc
1695 935 1848 980 preces
1878 922 2004 977 facio,

296 1016 380 1046 non
415 1004 572 1047 timore
602 1017 835 1061 poenarum
865 1006 1203 1060 imminentium,
1247 1007 1320 1062 qui
1358 1007 1402 1050 in
1441 1006 1586 1049 futura
1614 1007 1702 1050 vita
1733 1004 1894 1062 gaudia
1922 1019 2005 1062 po-

293 1089 378 1131 tius
410 1093 633 1145 exspecto.
695 1089 864 1135 Quodsi
895 1095 1038 1132 tamen
1065 1090 1149 1132 iam
1175 1103 1288 1133 nunc
1317 1091 1488 1146 explevi
1517 1090 1671 1134 fatales
1700 1102 1850 1144 annos,
1880 1101 2003 1132 mor-

294 1172 350 1214 tis
388 1173 524 1215 tristis
564 1173 775 1214 rationem
820 1174 929 1228 lapis
976 1174 1137 1216 indicet
1178 1174 1444 1224 viventibuS‚
1492 1175 1588 1230 ipse
1628 1187 1734 1219 vero
1773 1187 1800 1218 a
1829 1175 2004 1220 Venere

293 1254 450 1298 ductus
481 1256 525 1297 in
559 1253 755 1309 Elysium
787 1256 875 1300 ibo.
936 1256 1004 1300 Ita
1033 1257 1146 1300 enim
1179 1255 1286 1300 haec
1316 1269 1430 1300 nexa
1460 1261 1574 1300 sunt.

412 1338 468 1382 V.
497 1341 679 1380 53-82.
739 1338 880 1381 Pars
922 1339 1111 1382 altera
1155 1339 1445 1382 carminis.
1507 1338 1756 1394 Mythici
1787 1340 1903 1384 loci
1936 1339 2004 1384 de

292 1421 499 1476 Elysio
531 1426 587 1465 et
616 1422 886 1467 Tartaro.
947 1424 1152 1478 Poeta,
1199 1424 1248 1467 si
1283 1422 1637 1467 moriendum
1667 1423 1767 1478 sit,
1798 1435 2002 1467 conso·

296 1504 452 1547 latur
492 1506 730 1550 animum
769 1506 1128 1549 infernarum
1170 1519 1355 1551 rerum
1398 1507 1782 1561 cogitatione.

412 1589 466 1632 V.
493 1592 684 1639 χ53-56.
744 1589 891 1632 Prima
937 1587 1024 1631 duo
1069 1586 1250 1632 disticha
1290 1589 1334 1632 in
1383 1590 1564 1632 transitu
1609 1591 1711 1632 suut
1756 1586 1810 1630 ad
1859 1588 2002 1630 locum

291 1669 447 1725 ipsum.
479 1695 540 1702 --
577 1672 688 1715 Fac
719 1677 850 1717 stet.
911 1671 1093 1715 Mandat
1123 1672 1230 1717 haec
1259 1679 1308 1717 ut
1337 1673 1459 1717 vides
1489 1674 1596 1727 Iovi,
1625 1685 1724 1716 cum
1755 1671 1902 1725 alium,
1930 1671 2001 1714 cui

292 1755 542 1810 mandaret,
589 1770 672 1799 non
714 1755 894 1800 haberet
935 1759 978 1799 in
1023 1758 1252 1813 peregrina
1294 1762 1424 1801 terra.
1488 1758 1725 1814 Comparat
1755 1756 2000 1800 Wunmsn-
2046 1801 2051 1806 ,
2105 1744 2126 1813 Ῐ·,

288 1850 476 1880 mcflms
521 1837 658 1895 Soph.
690 1836 767 1882 Ἀί.
797 1842 1067 1892 823-831.‚
1116 1839 1191 1881 ubi
1223 1839 1335 1882 Aiax
1367 1840 1453 1882 vim
1490 1840 1573 1883 sibi
1612 1839 1809 1882 illaturus
1839 1852 1866 1882 a
1894 1838 2001 1882 Iove

288 1922 490 1977 precibus
522 1924 713 1978 expetit,
760 1928 808 1966 ut
839 1923 1057 1966 Teucrum
1099 1923 1155 1966 de
1198 1929 1340 1967 morte
1381 1937 1460 1966 sua
1502 1924 1733 1967 certiorem
1763 1921 1907 1966 faciat.
1932 1945 2001 1955 ›—

292 2007 472 2062 lapis,
516 2019 705 2050 marmor
741 2007 824 2051 boc
854 2009 983 2051 titulo
1015 2009 1287 2063 inscriptum:
1345 2009 1396 2051 Si
1428 2007 1620 2064 praefers
1651 2003 1996 2051 emendationem

289 2090 501 2148 scriptus,
535 2093 618 2135 erit
645 2091 842 2148 scriptus
868 2092 989 2134 notis
1020 2106 1085 2149 pr.
1115 2092 1371 2149 inscriptus,
1402 2093 1461 2135 cf.
1492 2093 1629 2135 Ovm.
1662 2091 1844 2135 Heroid.
1871 2091 1995 2144 XIV,

288 2177 415 2227 128„
448 2175 617 2230 aliaque
648 2177 779 2219 allata
811 2190 837 2219 a
867 2177 1270 2230 WuNnanmcmo,
1305 2178 1378 2232 qui
1410 2178 1540 2220 etiam
1567 2177 1787 2220 Graecum
1816 2171 1995 2234 γράφειν

288 2256 455 2301 Eoum.
496 2258 718 2302 Plioeniss.
750 2263 859 2303 583.
906 2267 1143 2318 comparat.
1212 2263 1398 2306 Notabis
1442 2269 1667 2320 praeterea
1709 2261 1899 2306 scribere
1939 2261 1997 2306 de

286 2343 508 2398 sculptura
540 2342 716 2396 dictum,
747 2342 836 2386 rid.
866 2343 1112 2386 DRAKENB.
1144 2343 1199 2386 ad
1230 2344 1327 2389 Liv.
1360 2345 1435 2398 lv,
1467 2349 1541 2389 20.
1573 2350 1618 2388 et
1648 2346 1908 2402 interpretes
1937 2343 1994 2388 ad

286 2424 424 2467 Ovm.
468 2425 649 2469 Heroid.
687 2427 714 2469 1.
753 2428 826 2470 cit.
889 2427 956 2470 Ad
999 2441 1088 2470 rem
1140 2429 1253 2472 conf.
1298 2429 1480 2474 Hons'r.
1511 2429 1591 2484 111,
1626 2433 1696 2484 11,
1727 2431 1802 2473 fin.
1848 2430 1992 2474 snm.

285 2508 393 2550 Silv.
425 2509 458 2562 Ι,
490 2512 532 2562 3,
565 2512 607 2552 9.
641 2533 694 2540 —
744 2514 864 2552 stet
909 2523 1082 2566 super
1126 2524 1270 2555 ossa.
1332 2511 1421 2555 Aut
1466 2512 1522 2555 de
1554 2510 1828 2568 sarcophago
1869 2512 1994 2567 cogi-

287 2592 466 2636 tandum
499 2606 595 2636 esse
626 2599 774 2637 monet
804 2594 1022 2638 HssYNms
1053 2600 1129 2638 aut
1159 2595 1215 2639 de
1245 2596 1512 2639 columbario
1544 2597 1614 2638 vel
1645 2596 1870 2648 cinerariQ
1902 2608 1990 2650 quo

283 2676 529 2732 reponenda
561 2659 689 2731 urna,
720 2680 921 2734 apposito
952 2680 1080 2722 titulo
1112 2681 1155 2723 in
1185 2693 1413 2724 marmore.
1444 2704 1503 2711 —-
1553 2681 1606 2723 V.
1639 2683 1714 2723 55.
1760 2680 1991 2734 immiti,

286 2757 441 2817 utpote
482 2763 723 2804 immatura·
794 2763 962 2806 Dicitur
1004 2765 1155 2807 eadem
1199 2766 1330 2819 vulgo
1372 2764 1553 2817 acerba,
1599 2760 1793 2811 θάνατος
1836 2760 1991 2822 ἄωρος,

283 2847 339 2890 cf.
383 2847 481 2890 Isis.
524 2849 842 2891 Gssnfflnmm.
884 2871 944 2880 —-
1001 2848 1123 2891 dum
1171 2851 1466 2904 sequitur,
1512 2848 1552 2892 b.
1597 2863 1637 2892 e.
1686 2849 1798 2893 fidus
1843 2863 1992 2894 comes

286 2928 500 2972 Messalae
540 2930 710 2985 patroni
739 2929 944 2972 occubuit
975 2930 1178 2974 laudabili
1210 2933 1252 2973 in
1286 2931 1444 2976 officio.
1518 2932 1722 2976 Ceterum
1755 2933 1810 2977 de
1851 2933 1988 2976 collo-

284 3011 456 3054 catione
487 3012 608 3054 verbi
640 3011 695 3055 cf.
727 3011 782 3054 ad
812 3012 847 3065 Ι,
880 3014 922 3066 1,
953 3015 1026 3055 51.
1059 3035 1118 3043 —-
1168 3014 1223 3057 V.
1251 3018 1310 3056 57
1342 3027 1436 3070 sqq.
1498 3015 1624 3059 Nunc
1653 3015 1901 3059 accedimus
1933 3015 1989 3058 ad

282 3094 515 3148 mythicum
546 3098 684 3140 locum
715 3097 869 3152 ipsum.
901 3121 961 3130 —
1014 3098 1240 3152 facilis,
1283 3096 1584 3154 obsequiosus.
1648 3104 1853 3142 tenero
1884 3111 1990 3142 vero

283 3190 368 3220 non
413 3178 467 3219 ad
510 3179 677 3234 puerile
708 3192 866 3234 corpus
898 3180 1068 3223 Amoris
1099 3180 1238 3235 refer,
1286 3183 1400 3236 quod
1433 3183 1617 3227 otiosum
1651 3181 1719 3226 hic
1748 3186 1864 3226 esset
1895 3184 1988 3239 epi-

282 3258 456 3312 theton,
504 3260 580 3302 sed
612 3260 664 3302 ad
707 3262 836 3304 animi
869 3275 1047 3316 sensus,
1080 3264 1134 3306 cf.
1168 3264 1221 3306 ad
1253 3265 1295 3317 1,
1323 3268 1360 3317 1,
1394 3269 1464 3308 46.
1505 3287 1556 3298 ‹—
1607 3266 1736 3322 Ipsa
1781 3267 1984 3310 Venus.

276 3330 425 3399 vVulgo
463 3345 705 3388 Mercurius
743 3347 929 3390 ducebat
973 3349 1222 3401 defunctos,
1270 3355 1412 3393 tamen
1455 3351 1582 3394 etiam
1625 3352 1697 3394 alii
1731 3351 1787 3394 dii
1819 3358 1985 3396 amatos

279 3428 455 3483 ducunt,
485 3434 531 3472 ut
563 3429 628 3473 liic
662 3431 822 3484 Venus»,
857 3430 911 3475 cf.
949 3432 1191 3476 Commeat.
1222 3438 1357 3477 nostr.
1388 3434 1443 3477 ad
1475 3434 1614 3477 ΡιΝυ.
1651 3434 1719 3478 Ol.
1753 3434 1808 3478 11.
1843 3452 1882 3492 p.
1909 3438 1982 3476 38.

2127 648 2156 674 5.

2131 678 2158 752 ἓ.

2141 755 2158 796 ἒξ

2131 815 2154 867 ξ,

2123 2898 2126 2903 ·
2126 2847 2138 2863 e<
2116 2593 2154 2828 „VQWvQJ
2126 2571 2130 2573 ³
2132 2536 2137 2549 ..
