2158 3750
759 250 941 304 LIBR.
981 254 1045 303 11.
1120 250 1318 304 ELEG.
1355 253 1395 303 Ι.
1812 257 1912 305 213

211 389 394 435 disticho
424 390 479 434 ad
509 389 593 435 hoc
620 393 758 436 munit
787 393 1040 449 interposita
1071 393 1307 436 sententiaa
1355 395 1514 435 casta
1557 391 1794 446 placent
1825 405 1909 435 su-

208 476 396 531 peris,
426 475 483 519 de
511 489 599 532 quo
629 477 812 520 artificio
843 476 973 520 inodo
1002 477 1163 519 monui.

327 559 382 602 V.
412 562 588 603 15-86.
649 558 900 603 Medium
942 570 1183 601 carmen.
1246 557 1360 600 Res
1401 555 1596 600 divina
1633 556 1774 613 ipsa·
1848 556 1911 599 Ac

208 640 390 696 primum
420 641 594 697 quidem
625 639 944 683 immolatio
974 644 1028 682 et
1061 651 1262 695 preces
1295 643 1534 682 tractantur
1559 651 1586 682 a
1615 651 1655 682 v.
1682 639 1856 680 15-26,

324 726 381 770 V.
414 729 470 770 15
499 738 567 781 sq.
626 724 894 777 cernite,
933 726 993 766 ut
1035 726 1130 766 eat
1174 734 1354 777 agnus
1383 721 1448 765 ad
1479 735 1635 776 aras,
1681 722 1910 780 postquam

209 814 277 854 ter
306 810 626 854 circumductus
656 813 752 853 erat
780 807 924 863 agris,
968 804 1086 861 quod
1117 817 1228 848 nunc
1257 806 1464 861 praeterit
1502 811 1646 862 poeta.
1707 804 1910 849 Duceba-

206 899 279 938 tur
304 898 451 938 autem
481 895 581 937 laxo
612 893 727 947 fune,
756 896 808 935 ut
837 894 995 948 sponte
1024 890 1090 933 ire
1120 888 1339 933 videretur
1368 901 1450 932 nee
1480 889 1712 932 reluctans.
1773 887 1909 932 Cete-

204 991 300 1023 rum
340 991 500 1034 agnum
539 978 694 1032 offert,
739 989 826 1021 nou
865 977 1072 1029 vitulum,
1113 987 1193 1032 pro
1234 973 1364 1019 modo
1407 978 1636 1031 praesente
1665 971 1799 1029 agelli
1828 973 1910 1027 sui,

205 1062 291 1105 vid.
320 1062 356 1116 Ι,
393 1066 435 1117 1,
466 1065 541 1106 22.
601 1040 731 1105 Arae
761 1066 1011 1106 exstructae
1043 1061 1088 1104 in
1118 1059 1263 1116 agris,
1313 1059 1596 1102 immolationi
1628 1071 1732 1102 vero
1763 1057 1909 1102 addita

201 1145 354 1189 libatio
385 1146 467 1190 fuit
504 1147 550 1190 in
594 1146 741 1201 ignem
771 1158 830 1190 ex
859 1145 999 1199 lacte,
1043 1145 1199 1199 melle,
1244 1144 1373 1199 vino,
1415 1143 1471 1187 ef.
1505 1143 1645 1187 Vme-
1675 1145 1841 1198 Georg.
1873 1142 1910 1195 Ι,

201 1229 385 1273 344.-
413 1229 745 1285 Vinctaque
773 1234 903 1287 post
933 1230 1065 1273 olea
1095 1228 1335 1273 candida
1369 1228 1535 1272 turba
1562 1238 1762 1271 comas.
1824 1229 1910 1271 Se-

202 1316 394 1366 quuntur
420 1324 583 1368 agnum
610 1314 866 1357 comitantes
893 1317 1092 1368 agrestes
1123 1309 1305 1356 candida
1335 1315 1458 1355 veste
1487 1315 1533 1356 et
1561 1310 1671 1354 oleis
1699 1309 1906 1354 coronati.

202 1396 343 1441 Vme-
372 1399 539 1452 Georg.
569 1395 606 1450 1,
635 1400 752 1442 3452
793 1403 948 1456 terque
988 1408 1129 1440 novas
1172 1395 1337 1440 circum
1357 1395 1484 1455 felix
1513 1402 1592 1436 eat
1622 1392 1772 1436 hostia
1794 1393 1909 1451 fru-

199 1490 295 1536 ges,
321 1477 462 1521 omnis·
491 1489 627 1537 quam
657 1477 820 1521 chorus
849 1483 896 1520 et
926 1476 1036 1521 socii
1064 1476 1333 1519 comitentur
1360 1483 1631 1519 ovantes.—
1664 1476 1720 1519 V.
1740 1478 1795 1517 17
1813 1484 1908 1529 sqq.

204 1560 297 1603 Dii
338 1560 529 1618 patrii.
605 1561 789 1605 Praeter
819 1559 1024 1604 Cererem
1055 1564 1100 1602 et
1128 1558 1349 1602 Bacchum
1381 1571 1479 1602 cum
1511 1558 1641 1601 etiam
1680 1557 1754 1600 alii
1785 1557 1910 1598 multi

202 1643 262 1687 dii
291 1649 458 1689 tutores
496 1645 661 1702 praedii
699 1643 827 1688 simul
857 1642 1124 1687 honorentur
1166 1642 1248 1687 hoc
1280 1643 1418 1697 festo,
1465 1655 1550 1686 uno
1582 1641 1714 1686 verbo
1746 1641 1909 1698 patrios

203 1727 311 1772 deos
353 1730 594 1785 generatim
641 1730 835 1786 appellat
874 1729 1104 1783 Tibullus,
1152 1741 1263 1783 quos
1310 1727 1395 1770 iam
1441 1727 1626 1770 maiores
1669 1727 1908 1788 coluerunt,

201 1808 366 1868 praedii
395 1810 523 1855 huius
551 1824 841 1869 possessores.
902 1811 952 1854 Iu
983 1820 1068 1866 qua
1100 1811 1392 1866 appellatione
1429 1808 1510 1853 hoc
1541 1811 1680 1863 inest,
1726 1814 1776 1851 ut
1808 1820 1908 1864 per-

202 1901 308 1950 gant
350 1896 583 1953 nepotibus
626 1896 772 1940 furere
820 1895 1184 1951 quemadmodum
1231 1895 1438 1951 patribus.
1483 1914 1543 1929 -·
1603 1901 1908 1950 purgamus

199 1983 493 2033 agrestes,
525 1980 600 2035 qui
629 1975 697 2024 his
724 1980 996 2023 caerimoniis
1027 1980 1154 2022 simul
1185 1979 1435 2022 lustrantur.
1495 1978 1626 2020 Fiunt
1657 1976 1766 2019 enim
1800 1975 1907 2018 haec

197 2075 322 2106 saera
352 2067 396 2106 et
421 2075 577 2120 preces
605 2061 731 2109 simul
763 2074 843 2120 pro
873 2061 1027 2106 horum
1048 2063 1202 2115 salute,
1233 2061 1291 2105 cf.
1313 2051 1693 2104 Introductionem
1710 2082 1768 2090 -
1798 2059 1907 2102 Mox

199 2157 323 2189 usum
344 2146 573 2190 verborum
590 2161 620 2203 p
634 2146 684 2190 el
700 2146 822 2189 lere
843 2149 888 2188 et
912 2143 1123 2201 depellere
1147 2156 1212 2200 pr.
1240 2142 1524 2186 averruncare
1547 2143 1735 2184 illustrat
1757 2139 1907 2184 exem-

197 2229 282 2286 plis
311 2229 607 2283 Huscuxms,
647 2234 699 2272 ut
725 2229 882 2272 Horat.
913 2228 1056 2286 Epist.
1085 2228 1143 2282 Π,
1178 2231 1218 2282 1,
1251 2230 1353 2271 166.
1403 2227 1538 2271 Ovm.
1573 2227 1665 2270 Art.
1698 2226 1792 2269 Am.
1825 2224 1905 2277 III,

197 2317 306 2356 379.
334 2336 394 2346 —
438 2312 648 2356 herbae
677 2315 779 2356 sunt
807 2313 961 2358 calami
990 2312 1207 2365 virentes,
1239 2312 1372 2368 spicis
1399 2309 1540 2353 adhuc
1569 2311 1613 2353 in
1644 2310 1810 2364 vaginis
1842 2310 1907 2352 la*

202 2396 416 2450 tentibus,
462 2401 660 2452 tempore
700 2395 847 2447 veris3
907 2393 1180 2447 fallaces,
1225 2393 1263 2435 si
1301 2392 1558 2449 promittunt
1595 2393 1760 2446 largam
1791 2403 1906 2434 mes-

200 2492 320 2533 sem,
366 2479 447 2523 sed
489 2478 772 2523 mentiuntur·
800 2501 859 2509 —
910 2477 1109 2522 eludat
1155 2489 1420 2531 messem,
1466 2475 1681 2531 exquisite
1727 2475 1903 2519 dictum.

201 2564 312 2607 Cum
354 2564 469 2607 enim
512 2563 645 2618 vulgo
689 2560 940 2618 agricolae,
985 2554 1132 2604 coloni
1171 2572 1250 2604 seu
1292 2572 1394 2616 spes
1430 2564 1475 2602 et
1515 2563 1617 2603 vota
1656 2559 1905 2603 colonorum

199 2647 495 2704 decipiantur,
525 2645 625 2689 vide
652 2645 692 2689 si
721 2644 832 2688 tanti
863 2647 955 2697 est,
1000 2645 1138 2686 vine.
1178 2644 1346 2697 Georg.
1378 2643 1414 2692 Ι,
1446 2644 1551 2685 226.
1594 2642 1732 2686 Ovu).
1763 2641 1902 2699 Epist.

198 2743 256 2774 ex
282 2730 429 2774 Ponto
456 2729 515 2784 ΙΙ,
545 2732 589 2783 9,
615 2733 690 2773 29.
734 2729 854 2773 Fast.
882 2727 960 2783 IV,
991 2731 1123 2782 643„
1158 2726 1242 2770 hoo
1272 2728 1368 2770 loco
1400 2726 1553 2768 messis
1585 2725 1699 2768 eludi
1733 2725 1904 2777 dicitur,

198 2826 311 2870 quae
338 2814 550 2871 promissa
578 2825 664 2857 non
694 2812 901 2856 redditur.
924 2835 984 2845 —-
1014 2811 1138 2856 Neu
1169 2813 1370 2855 timeat
1401 2823 1546 2867 agna
1578 2811 1769 2866 lupos,
1805 2823 1901 2854 nam

201 2899 331 2942 etiam
384 2910 466 2954 pro
519 2904 680 2954 pecore
721 2898 773 2941 fit
814 2894 1039 2951 lustratio,
1089 2896 1146 2940 cf.
1185 2896 1221 2950 Ι,
1268 2899 1309 2949 1,
1347 2897 1420 2938 21.
1491 2893 1719 2937 tardior
1758 2898 1901 2937 autem

201 2980 580 3024 Wmmnumcmo
607 2984 813 3023 mouente
842 2983 909 3023 est
938 2979 1194 3023 imbecillior
1223 2977 1406 3032 ceteris,
1438 2988 1550 3032 quae
1581 2990 1666 3020 non
1696 2978 1902 3034 aequipa-

201 3066 267 3105 rat
295 3066 464 3105 ceteras
491 3057 730 3107 celeritate.
751 3083 807 3096 -
836 3062 892 3107 V.
920 3064 980 3104 21
1001 3074 1094 3117 sqq.
1156 3061 1318 3115 Tum,
1345 3061 1383 3104 si
1415 3073 1599 3105 messem
1632 3074 1716 3104 uon
1754 3062 1899 3105 eluse—

200 3143 254 3186 rit
284 3155 438 3199 seges,
467 3143 591 3187 novis
620 3141 853 3188 honoribus
882 3155 961 3187 vos
991 3145 1148 3188 iterum
1178 3144 1455 3189 ornabimus..
1517 3143 1727 3199 intelligit
1756 3149 1900 3187 autem

200 3225 390 3270 Vossms
415 3225 607 3270 solennia
639 3226 928 3269 auctumnalia
957 3238 1095 3271 mens.
1118 3225 1300 3271 Octobr.
1338 3232 1413 3270 aut
1447 3226 1558 3270 Nov.
1593 3226 1758 3284 (neque
1791 3229 1900 3270 enini

202 3304 419 3351 delinitum
450 3313 622 3365 tempus
665 3307 783 3364 erat)
827 3320 968 3354 messe
1013 3306 1309 3365 vindemiaque
1351 3315 1527 3367 peracta
1573 3311 1780 3354 celebrari
1826 3323 1903 3365 per

203 3390 367 3436 ltaliam
397 3392 550 3447 solita,
593 3405 689 3437 cum
722 3393 895 3438 Baccho
926 3406 1079 3451 caper,
1111 3394 1259 3439 Cereri
1292 3406 1364 3438 sus
1397 3396 1461 3438 vel
1492 3408 1624 3450 porca
1657 3393 1902 3437 immolato--
