2158 3750
294 253 399 298 360
681 249 1152 305 COMMENTAR.
1191 250 1268 304 IN
1307 251 1598 307 TIBULLI

299 390 371 434 illa
408 404 510 435 vero
551 393 678 447 plane
717 392 971 436 inconcinna
1017 397 1062 436 et
1105 393 1310 436 deformis
1356 399 1449 449 est,
1495 395 1596 450 quia
1637 394 1998 442 mediizcarminis

297 480 513 518 structura
544 476 667 519 mala.
730 477 860 522 Quod
901 478 1059 520 sentiet
1097 479 1169 532 qui
1209 479 1393 522 attendit
1433 480 1489 522 ad
1522 480 1825 536 dispositiones
1853 482 2002 536 poeti-

299 571 373 600 cas
422 559 655 602 carminum
704 564 748 602 et
793 560 984 604 dividere
1029 555 1150 605 recte
1199 567 1453 617 argumenta
1498 562 1663 606 didicit.
1736 562 1807 605 Ne
1850 563 2002 616 multa,

299 644 468 681 constat
497 632 720 696 proposita
749 643 890 698 elegia
918 644 1144 688 manifesto
1189 644 1404 688 duabus
1447 646 1673 688 omnino
1721 645 2004 701 partibus.

300 723 468 765 Prior
507 725 561 766 ab
603 726 726 769 initio
756 727 810 769 ad
855 741 893 770 v.
926 731 999 770 20.
1043 742 1127 771 una
1159 731 1447 785 perpetuitate
1479 731 1670 773 decurrit
1707 734 1752 773 et
1787 731 2005 785 precatio-

299 819 397 848 nem
427 807 716 864 Proserpinae
757 824 855 853 cum
897 813 1037 854 causis
1079 813 1168 855 suis
1212 812 1368 866 habet3
1415 813 1638 856 exordium
1670 826 1696 855 a
1727 811 2007 867 sequentibus

300 891 494 944 separari
535 894 696 946 neqult.
771 894 884 938 Tum
927 896 1123 950 sequitur
1167 898 1358 940 altera
1401 911 1501 954 pars
1543 911 1570 940 a
1599 910 1642 940 v.
1672 900 1746 939 20.
1777 895 1833 938 ad
1862 897 2006 948 finem,

301 974 375 1017 ubi
403 977 616 1030 repetitur
647 979 863 1033 precatiO,
892 980 972 1022 sed
999 993 1112 1022 nunc
1139 981 1311 1035 quidem
1341 995 1491 1024 omnes
1518 981 1578 1024 dii
1609 980 1738 1023 inferi
1770 981 2006 1037 imploran-

300 1062 386 1111 tur,
418 1063 462 1101 et
491 1060 533 1101 in
565 1061 650 1103 fine
679 1063 809 1106 etiam
839 1063 965 1106 amici
995 1069 1204 1118 rogantur
1233 1069 1282 1107 ut
1311 1065 1522 1108 sacrificio
1554 1067 1822 1108 succurrant.
1882 1063 2008 1108 Quae

301 1142 473 1196 quidem
509 1144 710 1201 bipartita
738 1147 889 1190 divisio
922 1149 1132 1201 carminis,
1163 1149 1245 1190 etsi
1275 1161 1361 1191 nou
1392 1153 1460 1190 est
1489 1146 1750 1201 Tibu'lliana,
1788 1150 1934 1189 tamen
1965 1146 2008 1188 iu
2072 1143 2093 1170 '¹

302 1225 378 1267 tali
407 1234 662 1281 argumento
698 1231 867 1284 placet3
913 1231 1018 1286 quid
1053 1232 1165 1275 enim
1208 1233 1252 1275 in
1293 1232 1444 1275 mortis
1485 1235 1604 1274 metu
1646 1230 1787 1284 magis
1825 1241 2010 1272 consen-

301 1313 477 1352 taneum
525 1323 654 1364 quam
700 1312 859 1356 iterare
904 1327 1058 1370 preces
1100 1315 1156 1358 ad
1201 1314 1308 1358 deos
1355 1319 1400 1358 et
1445 1313 1528 1357 huc
1571 1325 1779 1357 revocare
1832 1311 2008 1356 totum?

303 1390 423 1434 Male
453 1405 557 1436 vero
588 1395 767 1438 eandem
799 1410 856 1440 ex
886 1399 1146 1453 repetitione
1177 1398 1359 1443 formam
1387 1399 1640 1454 Lygdamus
1669 1397 1801 1442 tertio
1830 1396 2010 1442 carmini

301 1474 510 1532 adhibuit,
542 1479 617 1521 ubi
649 1494 776 1535 quam
806 1482 864 1525 sit
897 1483 1040 1526 ieiuna
1070 1497 1203 1540 supra
1233 1484 1430 1527 vidimus.
1491 1484 1601 1527 Post
1632 1481 1738 1526 haec
1767 1487 1817 1525 ut
1845 1480 2010 1525 ἀθω-

302 1558 408 1600 teris
438 1572 715 1615 moneamus,
767 1577 852 1606 non
895 1563 1024 1607 habet
1055 1565 1227 1620 quidem
1270 1566 1492 1622 proposita
1536 1566 1678 1620 elegia
1721 1565 1924 1608 affectum
1965 1569 2011 1609 et

304 1641 510 1697 impetum
542 1645 704 1688 Tibulli
745 1648 787 1690 in
818 1649 947 1691 simili
989 1662 1093 1692 casu
1124 1650 1237 1704 eleg.
1267 1649 1304 1704 1,
1333 1653 1378 1694 3.
1417 1650 1723 1706 conspicuum,
1765 1647 1844 1690 sed
1873 1647 2010 1691 multo

304 1725 442 1769 lenior
475 1732 567 1781 est,
614 1730 754 1772 minus
785 1735 927 1773 tamen
959 1732 1002 1774 in
1033 1744 1114 1774 suo
1155 1745 1318 1787 genere
1349 1731 1552 1788 displicet
1584 1731 1705 1784 aliis,
1746 1730 1879 1773 immo
1900 1741 2010 1779 saua-

303 1821 399 1851 vem
431 1808 612 1852 dicimus
643 1813 957 1868 oppositionem
998 1814 1232 1858 amicorum
1270 1815 1538 1868 felicIOrum,
1580 1814 1653 1869 qui
1685 1812 1861 1856 thermIs
1891 1812 2010 1855 salu-

303 1893 451 1937 bribus
479 1901 680 1950 utuntur,
728 1902 773 1940 et
815 1902 972 1953 poetae
1003 1898 1120 1941 domi
1161 1899 1315 1941 morbo
1345 1899 1593 1942 laborantis.
1665 1897 1768 1941 Iure
1797 1909 1904 1940 vero
1934 1907 2009 1940 re-

304 1977 543 2033 prehendas
573 1979 689 2034 qnod
720 1980 762 2023 in
793 1982 1203 2024 commemoratione
1238 1982 1479 2034 scelerum,
1525 1992 1638 2035 quae
1669 1991 1755 2022 non
1784 1979 2013 2026 commise-

303 2060 388 2112 rit,
418 2061 572 2103 nimius
604 2066 697 2114 est3
736 2063 947 2105 accedunt
973 2064 1058 2105 alia
1087 2062 1422 2119 reprehensione
1451 2063 1584 2118 digua
1614 2063 1660 2107 iu
1688 2062 2011 2120 singulislocis

305 2144 623 2203 compluribus,
663 2144 719 2190 de
749 2146 904 2203 quibus
936 2147 980 2191 in
1010 2147 1315 2206 Explicatione
1346 2148 1524 2192 dictum.

933 2527 1382 2584 EXPLICATIO.

423 2737 478 2781 V.
522 2740 693 2782 1-20.
776 2737 947 2782 Prior
998 2751 1129 2795 pars
1193 2736 1480 2780 carminis.
1562 2734 1745 2780 Amici
1798 2739 2008 2793 poetae

302 2817 329 2860 d
352 2831 436 2862 um
466 2819 699 2864 thermis
730 2823 1066 2866 salubribus
1095 2822 1373 2866 Etruriae
1403 2824 1674 2873 utuntur,
1717 2821 1848 2876 ipse
1879 2820 2009 2876 que-

301 2906 450 2947 ritur
491 2911 724 2949 mortem
765 2907 875 2949 sibi
914 2907 1226 2950 imminere.
1302 2907 1444 2949 Orat
1487 2904 1666 2958 igitur
1705 2902 2010 2962 Proserpi-

301 3000 419 3031 nam
451 2993 510 3030 ut
549 2993 752 3044 parcat
789 2989 926 3043 sibi,
966 2989 1060 3044 qui
1103 2987 1248 3032 nihil
1292 2987 1571 3031 meruerit
1611 2989 1667 3029 et
1706 2983 1887 3030 adhuc
1927 2986 2010 3030 iu-

301 3074 461 3116 venis
500 3074 590 3119 sit.

418 3155 471 3198 V.
505 3159 529 3197 1
563 3169 627 3211 sq.
670 3160 856 3199 manat
895 3168 1038 3211 quae
1083 3154 1340 3198 fontibus
1381 3152 1540 3197 unda.
1601 3152 1871 3196 Huscnxms
1901 3163 2007 3194 con-

300 3236 386 3279 fert
418 3238 606 3281 Vnum„
650 3240 747 3282 Cui.
780 3242 890 3283 146:
938 3238 1029 3280 His
1071 3236 1256 3281 suberat
1295 3237 1458 3296 gelidis
1500 3251 1688 3280 manans
1730 3249 1755 3277 e
1790 3233 2007 3293 fontibus

300 3321 441 3367 unda.
514 3324 706 3367 Vossms
748 3325 840 3368 sine
885 3338 1016 3367 causa
1059 3321 1282 3367 montibus
1327 3325 1570 3380 scripserat.
1603 3342 1662 3353 —-
1719 3319 2003 3363 Etruscis,

295 3408 489 3451 Annotat
517 3407 757 3453 Hssrnrust
808 3409 1006 3464 „Habuit
1045 3410 1146 3454 olim
1178 3413 1225 3453 ut
1266 3421 1379 3454 nunc
1409 3406 1583 3452 EtrurIa
1623 3417 1757 3461 aquas
1800 3401 1995 3446 salubres

2136 2341 2151 2396 ⁴>2¹⁵
2140 2324 2142 2326 <
2123 1988 2156 2293 -merlsb-gatgss-:a
2150 1970 2153 1971 ,
