2158 3750
638 254 820 307 LIBR.
857 256 951 307 1V.
996 254 1236 306 ,CARM.
1273 255 1315 307 Ι.
1743 265 1844 309 385

147 405 392 455 comparet,
436 401 510 455 qui
552 402 751 445 similiter
795 415 972 445 munera
1028 415 1158 458 parva
1201 414 1286 444 non
1326 406 1546 457 respuant.
1626 401 1850 446 Tractavit

146 481 252 524 haec
294 496 373 538 per
413 484 705 539 septendecim
748 498 898 527 versus
928 490 972 528 et
1003 490 1145 527 tamen
1178 486 1259 527 iam
1291 497 1331 527 v.
1361 488 1435 529 26.
1466 484 1579 528 redit
1605 485 1762 528 iterum
1794 486 1849 528 ad

149 564 460 608 consessionem
490 566 696 617 ,similem-
755 566 895 608 Porro
936 566 979 607 in
1017 566 1137 607 exitu
1170 570 1397 620 postquam
1431 566 1485 608 de
1517 566 1671 609 futuris
1710 567 1851 609 victo-

148 648 222 688 riis
258 647 471 690 Messalae
502 648 633 701 dixit,
677 649 714 691 si
744 649 998 704 simpliciter
1027 649 1288 692 addidisset:
1339 650 1440 691 Non
1481 665 1560 707 ego
1603 665 1701 691 sum
1736 649 1853 692 satis

148 727 214 766 ad
234 735 392 769 tantae
411 729 654 784 praeconia
683 728 834 771 laudis
866 729 929 783 (v.
956 730 1092 784 177),
1122 744 1247 773 nemo
1275 731 1320 773 id
1350 731 1443 774 iure
1475 732 1720 788 vituperare
1749 745 1855 789 pos-

149 814 243 862 set,
271 816 559 854 consentanea
589 812 700 853 enim
730 811 827 852 talis
858 811 1060 865 repetitio
1092 811 1134 852 in
1166 813 1307 854 exitus
1339 814 1548 868 principio
1579 818 1679 869 post
1709 818 1855 857 tantae

149 893 319 936 futurae
360 895 526 948 gloriae
568 893 932 948 praedictionem3
977 891 1054 935 sed
1097 893 1140 934 in
1183 905 1236 935 eo
1278 907 1426 936 rursus
1467 895 1641 939 modum
1686 895 1860 940 excedit

152 977 267 1030 quod
313 977 486 1032 pergit:
540 977 646 1032 Ipse
692 974 802 1017 mihi
842 990 930 1017 non
978 975 1020 1017 si
1051 974 1336 1031 praescribat
1390 978 1588 1020 carmina
1637 977 1858 1022 Phoebus.

152 1058 275 1100 Adde
308 1059 491 1112 denique
521 1058 666 1114 paullo
697 1063 796 1113 post
825 1071 865 1100 v.
901 1060 984 1099 197
1017 1071 1110 1112 sqq.
1144 1058 1313 1112 locum,
1357 1059 1430 1101 ubi
1461 1060 1684 1103 submissis
1716 1061 1859 1103 verbis

150 1142 341 1184 savorem
372 1141 587 1184 Messalae
617 1139 963 1196 ambitz-nostri
992 1140 1033 1182 si
1055 1141 1258 1196 parvula
1290 1156 1400 1183 cura
1432 1142 1505 1183 Sit
1538 1142 1621 1183 tim·
1639 1171 1649 1190 ‚
1682 1151 1859 1201 quanta

150 1224 282 1270 libet,
322 1225 363 1266 si
391 1224 454 1265 sit
485 1223 637 1270 modo,
677 1239 764 1265 non
795 1222 904 1264 mila·
935 1237 1075 1280 regna
1106 1222 1283 1279 Lydia,
1319 1238 1408 1265 non
1440 1223 1594 1282 magni
1619 1225 1768 1280 potior
1791 1225 1861 1267 eit

142 1307 282 1366 fama
311 1306 506 1364 Gylippi,
535 1308 673 1348 Posse
700 1304 922 1365 Meleteas
950 1320 1028 1347 nec
1059 1304 1235 1346 mallem
1267 1305 1438 1347 vincere
1471 1305 1671 1350 chartas.
1734 1308 1860 1352 Quae

152 1392 370 1447 quomodo
402 1392 573 1447 placere
606 1395 787 1446 possunt
815 1390 1050 1432 liberaliter
1081 1389 1266 1432 educato
1292 1388 1488 1433 homiui?
1549 1391 1639 1434 Sed
1672 1404 1726 1433 ne
1756 1404 1863 1434 con-

153 1480 240 1517 stat
269 1473 443 1528 quidem
472 1473 555 1516 sibi
585 1474 711 1528 plane
747 1477 901 1528 poeta,
933 1471 1006 1524 qui
1038 1483 1187 1513 revera
1218 1474 1363 1527 paullo
1395 1474 1492 1528 plus
1522 1474 1603 1516 sibi
1632 1474 1863 1527 tribuebat,

155 1572 236 1600 nec
278 1563 365 1600 tam
401 1558 539 1600 levem
581 1555 636 1598 de
679 1569 727 1598 se
767 1557 1011 1611 opinionem
1041 1554 1229 1597 babebat
1258 1569 1385 1610 quam
1419 1555 1653 1598 secundum
1687 1561 1864 1598 antece-

156 1641 302 1682 dentia
332 1640 511 1692 credas,
554 1640 683 1694 idque
719 1639 897 1683 ridicule
927 1641 996 1682 vel
1029 1641 1082 1682 iis
1113 1639 1217 1695 ipsis
1249 1639 1354 1681 locis
1389 1639 1577 1682 ostendit
1607 1639 1681 1682 ubi
1711 1640 1864 1682 mode-

156 1725 281 1766 stiam
312 1724 503 1766 affectat.
563 1724 640 1766 Sic
669 1723 815 1770 statim
847 1727 946 1778 post
981 1722 1123 1764 locum
1156 1721 1286 1764 modo
1322 1722 1499 1764 allatum
1531 1721 1700 1777 pergit:
1735 1719 1868 1777 Quod

155 1804 240 1847 tibi
270 1806 311 1847 .ςὶ
340 1821 495 1848 versus
524 1813 676 1848 noster
705 1811 884 1846 totusue
915 1802 1114 1845 minusve
1152 1802 1235 1846 Vel
1267 1801 1370 1844 bene
1402 1803 1463 1844 sit
1494 1809 1654 1849 notus,
1697 1816 1866 1843 summo

155 1889 229 1932 vel
265 1889 430 1931 inerret
471 1889 519 1930 in
562 1903 660 1934 ore,
706 1887 851 1949 Nulla
881 1887 990 1928 milzi
1022 1895 1232 1929 statuent
1254 1886 1398 1942 finem
1441 1893 1486 1926 te
1521 1884 1629 1935 fata
1664 1882 1865 1926 canendi.

159 1972 280 2014 Alius
323 1971 393 2014 hic
433 1972 688 2027 simpliciter
730 1970 936 2013 dixisset:
990 1970 1159 2015 Quodsi
1200 1981 1351 2011 versus
1395 1969 1481 2011 mei
1512 1968 1595 2010 tibi*
1624 1981 1708 2010 non
1742 1968 1867 2022 plane

160 2055 457 2110 displicuerint
487 2059 600 2106 etc-3
649 2051 718 2096 hic
755 2057 905 2095 autem
948 2065 1026 2095 cur
1069 2059 1195 2092 totas
1234 2051 1380 2105 addit,
1425 2064 1526 2094 cur:
1574 2049 1645 2091 vel
1675 2048 1776 2091 bene
1808 2049 1869 2091 sit

163 2134 338 2180 notus?
407 2136 619 2180 Similiter
661 2135 705 2176 in
748 2133 929 2176 exordio
974 2147 1012 2192 v.
1053 2136 1112 2176 24
1143 2146 1260 2187 sqq.=
1303 2133 1374 2175 At
1416 2132 1707 2191 quodcunque
1749 2146 1870 2173 meae

153 2226 375 2276 poterunt
405 2218 582 2260 audere
602 2219 841 2263 Camenae,
883 2217 971 2256 Sea
1005 2213 1088 2256 tihi
1110 2229 1201 2271 par
1229 2222 1445 2271 poterunt
1475 2229 1579 2261 seu,
1624 2213 1744 2272 quod
1772 2227 1871 2268 spes

163 2300 353 2347 abnuit,
384 2299 536 2352 ultra,
564 2298 668 2341 Sive
698 2297 865 2358 minu-53
891 2303 1094 2354 certeque
1126 2303 1288 2337 canent
1318 2296 1477 2343 minus,
1512 2311 1635 2338 omne
1665 2310 1871 2338 vovemus

162 2388 263 2427 Hoc
294 2382 400 2432 tibi,
445 2397 523 2427 cur
556 2382 683 2426 dicit:
714 2395 792 2422 seu
827 2355 910 2421 ti‘ln·
942 2394 1033 2436 par
1060 2387 1276 2435 poterunt
1297 2407 1307 2427 ,
1356 2394 1410 2422 ne
1440 2392 1621 2434 urgeam
1650 2379 1871 2433 sequentia

164 2469 350 2514 sortasse
377 2472 603 2523 corrupta,
634 2467 672 2509 si
702 2470 822 2508 tanta
854 2469 935 2507 est·
951 2465 1179 2507 infirmitas
1212 2464 1395 2517 virium,
1431 2469 1635 2518 quantam
1670 2476 1800 2518 supra
1831 2462 1873 2503 in

169 2554 265 2596 aliis
303 2525 412 2607 loci-s
454 2549 748 2606 significavit?
806 2549 927 2592 Idem
969 2549 1130 2593 ibidem
1172 2550 1318 2605 paullo
1354 2551 1453 2604 post
1493 2551 1643 2603 optat,
1686 2550 1735 2588 ut
1776 2558 1873 2588 cum

167 2636 292 2679 multi
324 2639 481 2692 poetae
522 2637 568 2676 et
607 2632 831 2688 pedestres
874 2632 1110 2687 scriptores
1143 2631 1348 2674 certaturi
1380 2631 1466 2673 sint
1496 2630 1624 2673 laude
1654 2630 1873 2672 Messalae

169 2717 387 2769 canenda,
431 2717 526 2773 ipse
555 2715 696 2758 victor
725 2713 905 2766 evadat,
950 2714 1131 2768 opinans
1163 2714 1296 2768 igitur
1333 2714 1424 2756 fieri
1459 2725 1588 2768 posse
1622 2716 1671 2754 ut
1697 2716 1876 2767 superet

166 2802 247 2847 bos
277 2815 427 2846 omnes
458 2805 567 2844 arte.
637 2799 781 2856 Atque
811 2799 872 2842 ita
911 2802 1150 2854 repugnat,
1198 2803 1247 2840 ut
1277 2798 1421 2851 vides,
1463 2797 1609 2852 inepte
1643 2796 1724 2839 sibi
1767 2797 1875 2852 ipse,

167 2886 269 2940 quia
303 2884 405 2927 licet
434 2883 607 2926 minime
634 2894 783 2924 carere
814 2867 1116 2924 se'confidens
1148 2880 1349 2934 ingenio,
1391 2880 1516 2922 simul
1549 2884 1692 2923 tamen
1724 2880 1876 2934 quovis

168 2968 300 3012 modo
330 2972 509 3010 conatus
539 2979 642 3009 suos
672 2965 968 3008 extenuandos
1010 2966 1179 3009 censuit
1210 2966 1467 3007 adulati⁰nis
1509 2977 1654 3008 causa.
1684 2986 1744 2994 —
1786 2963 1876 3025 De-

173 3052 369 3095 ducimur
402 3049 499 3094 hinc
530 3050 586 3092 ad
626 3050 741 3093 aliud
782 3050 931 3101 ‚vitium
967 3051 1188 3105 carminis„
1211 3048 1540 3106 explicandum,
1585 3046 1698 3102 quod
1730 3047 1773 3090 in
1805 3046 1876 3087 ni-

175 3136 267 3192 mia
302 3134 564 3177 adulatione
595 3138 640 3177 et
668 3133 820 3176 laudis
850 3133 1195 3192 exaggeratione
1225 3133 1379 3191 inepta
1415 3133 1600 3189 positum
1634 3137 1714 3175 est.
1777 3131 1878 3174 Non

176 3199 487 3277 reprehendam
532 3231 619 3273 ego
662 3215 744 3260 boc
787 3218 958 3260 nomine
1001 3218 1116 3272 quod
1157 3217 1332 3261 Nestori
1379 3221 1423 3259 et
1466 3216 1612 3270 Ulyssi
1645 3215 1875 3258 Messalam

174 3304 216 3344 in
250 3302 495 3356 eloquentia
527 3300 729 3357 praefert,
761 3298 865 3342 illud
898 3299 1041 3355 potius
1075 3300 1168 3343 iure
1199 3300 1446 3356 displiceret
1473 3300 1510 3342 si
1542 3297 1873 3342 Demosthenem

176 3388 251 3426 ant
295 3384 547 3427 Ciceronem
596 3396 649 3427 eo
696 3381 919 3426 inferiores
967 3381 1162 3427 dixisset.
1242 3383 1396 3426 Poesis
1442 3381 1629 3436 mythice
1679 3381 1878 3438 exempla

1415 3466 1482 3509 25
