2158 3750
713 286 891 340 [ABR.
932 288 971 339 1.
1024 286 1242 341 ELEG.
1280 287 1396 338 VII.
1788 290 1886 336 153

190 427 296 469 Silv.
329 426 364 480 1,
393 429 439 481 5,
466 431 551 472 51:
583 427 792 472 caerulus
825 427 966 470 onmis
999 428 1185 482 legitur,
1214 411 1392 470 notante
1425 422 1615 478 vossio,
1650 429 1695 468 et
1725 437 1887 466 caeru-

190 508 264 550 lus
302 508 432 553 lacus
475 523 546 567 ap.
578 511 839 555 Cuumm.
869 513 942 563 49,
969 513 1042 553 28.
1073 533 1132 542 --
1181 523 1280 566 per
1323 509 1476 554 vada.
1537 508 1660 552 Haec
1701 508 1888 564 explicat

191 593 598 637 Wunnnnmcmus
629 594 684 638 de
725 594 858 638 fundo
899 594 1112 648 fluminis,
1157 599 1207 637 ut
1247 593 1363 651 apud
1405 594 1546 637 Ovm.
1577 591 1687 642 Met.
1717 591 1753 644 Ι,
1783 593 1888 634 369.

190 673 347 719 habes:
392 676 653 734 Cephisidas
683 676 832 719 undas
861 698 919 710 -—
951 677 1073 719 vada
1103 685 1214 720 nota
1241 685 1458 722 secantes.
1519 676 1644 721 Adde
1675 677 1886 722 GRoNOV.

194 758 444 802 Observatt.
484 760 530 814 I,¹
573 763 616 804 9.
697 760 894 815 Denique
950 759 1200 816 placidis
1251 761 1415 815 aquis
1467 759 1610 816 serpis
1649 759 1892 803 Wmsnnn-

192 856 350 887 memo
379 848 448 888 est
475 856 542 900 pr.
571 843 628 886 ad
659 844 849 899 placidas
878 857 1038 900 aquas,
1070 845 1116 887 in
1146 849 1354 899 stagnum
1381 844 1686 898 tranquillum,
1717 842 1773 885 de
1803 855 1889 897 qua

190 925 511 968 constructione
551 924 650 968 vide
688 925 745 967 ad
786 925 822 979 l,
865 929 905 980 1,
941 929 986 969 5.
1047 926 1107 969 At
1150 925 1265 978 enim
1303 938 1415 979 quae
1455 925 1500 966 in
1541 925 1637 967 aliis
1680 924 1890 979 exemplis

188 1006 326 1061 bona,
372 1009 416 1050 in
457 1005 539 1050 hac
577 1006 750 1062 quidem
788 1007 1110 1057 constructione
1141 1006 1305 1063 (serpis
1335 1006 1485 1060 aquis)
1519 1006 1631 1048 mala
1675 1010 1743 1048 est
1781 1017 1887 1048 con-

186 1091 369 1134 structio
399 1094 444 1134 et
471 1091 673 1145 insuavis,
703 1090 894 1134 insuavis
922 1091 1055 1134 etiam
1080 1089 1192 1136 haec
1230 1089 1492 1147 amphibolia
1523 1090 1626 1144 loci,
1655 1089 1774 1144 quod
1807 1103 1891 1130 un-

189 1174 262 1217 dis
306 1188 392 1220 non
433 1175 573 1219 minus
612 1189 741 1232 qnam
784 1176 918 1234 aquis
959 1175 1130 1220 dativus
1171 1189 1267 1220 esse
1308 1181 1470 1234 posset.
1533 1176 1750 1219 Influebat
1787 1188 1891 1219 saue

188 1257 367 1313 Cydnus
396 1259 441 1301 in
471 1258 636 1312 sitium,
664 1259 741 1314 qui
771 1259 892 1302 lacus
921 1264 1042 1312 erat,
1088 1258 1274 1302 docente
1305 1260 1560 1303 S'rmnonn
1590 1258 1646 1302 ab
1677 1259 1891 1314 interpre-

187 1343 303 1387 tibus
333 1343 509 1386 laudato
536 1342 659 1398 XIV,
687 1358 730 1400 p.
757 1346 849 1387 99⁰
877 1342 1046 1399 (firme
1089 1342 1135 1384 αἱ
1162 1344 1243 1385 τοῦ
1275 1338 1456 1393 Κύδνου
1491 1344 1667 1397 ἐκβολαὶ
1695 1339 1809 1386 κατά
1840 1337 1892 1384 vd

185 1420 353 1483 Ῥῆγμα
383 1421 666 1476 καλούμενον
705 1427 799 1470 ἔστι
828 1428 878 1470 δὲ
908 1423 1122 1478 λιμνάζων
1150 1425 1307 1477 τόπος,
1335 1427 1441 1480 ἔχων
1472 1423 1529 1470 mi
1559 1424 1696 1470 πάλαι
1725 1424 1892 1485 νεώρια,

187 1512 247 1558 εἰς
279 1507 325 1553 ὃν
363 1513 563 1562 ἐμπίπτει
594 1507 618 1554 ὅ
648 1507 854 1564 Κύδνος,
899 1526 954 1567 ac
983 1513 1214 1570 probabile.
1240 1518 1308 1556 est
1345 1516 1520 1566 poetam
1559 1510 1667 1554 hanc
1699 1523 1790 1554 rem
1820 1522 1893 1552 re-

187 1595 397 1651 spexisse.
477 1595 570 1639 Sed
614 1601 867 1652 corruptum
909 1608 1008 1639 esse
1051 1596 1194 1640 locum
1244 1595 1435 1638 dubitari
1473 1594 1653 1648 nequit,
1695 1598 1742 1636 et
1781 1591 1893 1635 bene

189 1677 379 1720 Vossms
422 1677 646 1722 emendat:
702 1676 937 1720 caeruleus
982 1676 1196 1735 placidae
1243 1691 1325 1734 per
1370 1676 1492 1719 vada
1539 1675 1682 1733 serpis
1727 1688 1891 1734 aquae.

186 1759 482 1804 Huscnnuse
538 1758 770 1803 caeruleae
794 1758 1007 1816 placidus
1032 1774 1116 1816 per
1161 1758 1284 1801 vada
1331 1757 1474 1815 serpis
1520 1772 1670 1817 aquae
1714 1756 1894 1801 mavult.

187 1843 279 1888 Sed
309 1855 396 1888 non
437 1843 619 1899 quadrat
658 1842 892 1886 caeruleus
932 1843 976 1886 in
1017 1843 1136 1885 sinus
1179 1827 1423 1897 stagnantis
1464 1840 1590 1885 vada·
1660 1840 1894 1884 Praeterea

188 1925 457 1971 Huscnxms
487 1928 600 1971 male
630 1940 728 1971 cum
757 1928 936 1975 Sumo
958 1925 1174 1984 ,placidus
1204 1927 1364 1970 intulit.
1425 1925 1525 1968 Non
1564 1922 1722 1966 tacitis
1762 1921 1895 1964 undis

181 2009 396 2068 placidus
424 2011 586 2054 malum
616 2015 758 2064 esset,
784 2000 1062 2071 uendeniter
1086 2008 1326 2066 placidus,
1356 2013 1403 2051 at
1434 2006 1590 2050 tacitis
1622 2007 1781 2050 leniter
1809 2023 1894 2049 un-

187 2091 259 2136 dis
277 2090 492 2151 placidus
519 2093 792 2137 intolerabile
803 2125 823 2149 ,
850 2092 980 2158 'qdod
1009 2094 1164 2139 mirum
1201 2107 1287 2137 non
1319 2092 1505 2136 sensisse
1534 2093 1674 2136 virum
1703 2091 1893 2135 doctum.

185 2176 508 2221 Lscnusmws
551 2177 608 2220 ad
649 2156 865 2234 Propert.⁸
890 2191 935 2235 p.
967 2179 1070 2222 504.
1115 2177 1398 2222 conficiebam
1444 2176 1585 2219 tactis
1626 2176 1705 2235 qui
1735 2175 1894 2219 leniter

185 2259 330 2309 ulvis,
375 2266 530 2316 acute,
578 2260 656 2305 sed
697 2262 823 2317 nimis
853 2263 970 2306 exile
1000 2261 1096 2306 hoc.
1157 2264 1301 2317 Atque
1333 2261 1438 2306 haec
1469 2261 1689 2305 hactenus.
1750 2261 1894 2304 Unum

185 2349 349 2398 restat,
386 2349 438 2388 ut
467 2343 524 2389 de
552 2357 685 2388 causa
716 2345 951 2388 verborum
979 2345 1111 2389 modo
1143 2345 1456 2401 explicatorum
1487 2356 1752 2388 moneamus.
1810 2343 1894 2387 Et-

189 2428 302 2472 enim
331 2440 411 2472 cur
438 2440 543 2471 usus
574 2432 643 2472 est
671 2428 847 2473 omniuo
878 2434 1010 2485 poeta
1050 2428 1130 2473 hac
1161 2429 1251 2473 tani
1283 2434 1435 2473 ornata
1468 2434 1514 2472 et
1544 2429 1761 2472 cumulata
1792 2441 1892 2472 ora-

187 2510 334 2555 tione=
372 2511 602 2555 caeruleus
631 2510 836 2565 Cydnus,
871 2512 1028 2555 leniter
1057 2512 1208 2567 serpit,
1238 2511 1383 2554 tacitis
1413 2510 1568 2564 undis»,
1607 2510 1662 2554 ad
1702 2510 1895 2567 placidas

187 2593 356 2649 aquas?
417 2595 714 2651 Oppositionis
754 2607 910 2648 causa,
955 2595 1039 2638 aio.
1100 2595 1220 2639 Ecce
1251 2595 1365 2640 euim
1399 2594 1498 2640 huic
1528 2595 1779 2639 amoenitati
1810 2595 1891 2638 flu-

186 2676 311 2720 minis
339 2678 486 2720 statim
515 2681 763 2734 opponetur
788 2677 1002 2733 asperitas
1029 2676 1175 2732 frigidi
1206 2677 1340 2720 Tauri
1382 2691 1479 2722 cum
1510 2677 1693 2720 intonsis
1725 2676 1888 2720 incolis.

186 2761 332 2814 Atque
359 2759 421 2802 ita
450 2771 529 2815 par
558 2765 654 2804 erat
682 2758 778 2803 fieri
807 2758 852 2802 in
885 2758 993 2802 scita
1024 2759 1331 2816 descriptione.
1359 2783 1417 2791 —
1449 2761 1505 2804 V.
1538 2763 1610 2805 15.
1638 2763 1710 2803 16.
1773 2759 1889 2803 Con·

184 2845 371 2888 structio
402 2850 494 2892 est=
534 2850 591 2888 et
620 2849 879 2900 quantus
910 2845 1263 2900 contingens
1295 2845 1528 2888 vertice
1560 2844 1762 2899 nubes,
1796 2844 1890 2888 fri-

186 2925 353 2981 gidus
396 2926 620 2971 Taurus
657 2930 775 2972 alat
817 2928 1068 2983 Cilicas,
1115 2929 1156 2974 Ιι.
1188 2942 1228 2974 e.
1272 2935 1431 2986 quanta
1471 2930 1768 2986 magnitudine
1809 2943 1887 2973 sua

189 3009 447 3065 contingens
478 3010 644 3065 nubes,
668 3017 894 3067 ‘quantum
924 3025 973 3056 se
1005 3015 1163 3059 tollens
1195 3014 1236 3059 in
1269 3016 1403 3059 altum
1435 3015 1526 3058 alat
1558 3014 1742 3067 Cilicas,
1772 3014 1888 3069 quod

186 3093 348 3137 dictum
390 3106 453 3150 pr.
499 3099 686 3149 quantus
727 3094 812 3149 ¹50„
855 3097 927 3151 (lui
971 3098 1062 3142 alit.
1137 3097 1215 3142 Sic
1262 3098 1452 3142 Vmem.
1504 3099 1609 3141 Aen.
1649 3096 1730 3151 111,
1774 3099 1888 3140 641:

190 3177 309 3218 Nam
355 3176 506 3235 qualis
549 3159 838 3237 quantusque
880 3161 991 3222 cavo
1031 3178 1334 3238 Polyphemus
1383 3180 1430 3223 in
1478 3187 1612 3223 <mtto
1660 3179 1890 3238 lanigeras

186 3256 362 3300 claudit
400 3259 592 3316 pecudes
635 3267 785 3319 afile.
818 3260 957 3304 ubera
990 3272 1203 3320 pressat,
1249 3272 1426 3308 centum
1471 3263 1552 3308 alii
1598 3278 1740 3307 curva
1779 3264 1889 3306 Ιιαεσ

188 3341 397 3387 habitant
437 3343 501 3386 acl
530 3342 692 3387 littora
722 3343 860 3404 vulgo
887 3346 1071 3406 infundi
1102 3349 1311 3407 Cyclopes
1340 3357 1383 3392 et
1417 3348 1528 3391 altis
1568 3346 1790 3392 montibus
1822 3364 1889 3389 et·-

190 3433 318 3472 rant,
364 3427 478 3483 quod
511 3427 738 3474 manifesto
773 3428 934 3475 dictum
969 3435 1036 3475 est
1068 3444 1129 3488 pr.
1165 3433 1302 3488 qualis
1346 3437 1616 3488 quantusque
1659 3439 1723 3474 est
1755 3432 1892 3482 Poly-
