2086 3756
227 222 378 256 cxmv
905 202 1002 252 DE
1039 199 1240 255 POESI

227 345 400 409 Quam
441 359 500 399 ut
542 348 617 399 ita
655 345 821 398 dicam
866 344 1000 396 lenis
1037 356 1087 397 et
1133 344 1336 413 placida
1377 356 1455 398 est
1495 350 1663 401 oratio
1699 337 1926 400 hominis

227 442 560 510 desperatum
595 441 870 493 consilium
922 450 1128 506 captum
1174 443 1433 492 narrantis
1472 453 1770 509 comparata
1810 460 1927 494 cum

225 539 428 588 Tibulli
462 539 651 587 affectu
689 547 739 585 et
772 538 1065 602 impetuoso
1103 538 1389 588 verborum
1424 535 1671 600 flumine,
1724 537 1816 604 qui
1853 549 1929 588 ta-

213 648 347 681 ‘men
394 648 506 680 non
553 632 669 681 vult
711 630 871 681 vitam
918 631 1024 681 leto
1073 613 1254 681 finire!
1316 631 1399 682 De
1445 631 1611 697 figura
1656 633 1930 698 pathetica,

226 725 510 789 anaphora,
548 740 675 774 mox
710 725 862 790 plura
899 725 1187 791 explicabo,
1226 743 1366 775 nunc
1398 737 1620 794 uterque
1659 743 1720 776 ea
1752 726 1931 789 utitur,

225 817 318 867 sed
348 818 590 867 Tibullus
625 827 896 884 praeterea
933 821 1288 886 apostrophen
1337 818 1482 871 addit
1516 830 1568 869 et
1603 821 1933 887 imprecatio-

225 911 306 961 nis
341 911 463 962 iras.
529 910 627 961 Ad
659 911 992 963 iudicandam
1030 924 1201 964 autem
1255 915 1565 966 formulam:
1631 915 1729 983 Qui
1755 919 1934 983 primus

222 1007 509 1074 —ferreus
540 1010 612 1057 ille
635 1007 736 1073 fuit
773 1009 954 1058 confer
992 1009 1093 1059 hoc
1137 1009 1336 1060 Tibulli
1374 1008 1634 1061 distichon
1670 1011 1711 1074 Ι,
1743 1014 1832 1074 10,
1873 1015 1932 1062 1:

366 1100 498 1163 Quis
539 1103 665 1165 fuit,
716 1100 1009 1152 horrendos
1044 1103 1244 1168 primus
1282 1103 1374 1171 qui
1407 1106 1630 1171 protulit
1661 1102 1852 1156 enses?

437 1192 608 1255 Quam
646 1196 788 1244 ferus
829 1205 880 1244 et
914 1212 1038 1245 vere
1070 1196 1279 1246 ‘ferreus
1314 1197 1403 1246 ille
1439 1195 1570 1248 fuit!

226 1287 300 1339 Ut
349 1286 512 1338 discas
563 1287 691 1356 quid
741 1289 808 1339 sit
855 1288 1156 1354 gravissime
1207 1288 1398 1342 dicere.
1468 1291 1574 1343 Sed
1607 1292 1758 1346 mitto
1793 1294 1934 1345 hunc

224 1383 428 1446 locum,
477 1383 699 1434 fortiora
741 1382 897 1432 etiam
931 1384 1062 1434 haec
1099 1385 1149 1450 I,
1190 1390 1254 1448 2,
1288 1389 1387 1437 67:

310 1526 316 1532 ,
367 1476 593 1527 Ferreus
628 1477 717 1527 ille
751 1477 879 1541 fuit,
927 1478 1048 1546 qui,
1095 1488 1147 1528 te
1184 1496 1302 1529 cum
1336 1491 1514 1546 posset
1552 1480 1777 1547 habere,

436 1571 689 1620 Maluerit
721 1570 941 1637 praedas
974 1573 1161 1622 stultus
1201 1583 1250 1624 et
1291 1590 1436 1625 arma
1471 1575 1650 1644 sequi,

227 1673 278 1714 et
294 1665 359 1730 II,
378 1669 424 1729 3,
445 1669 502 1714 1:
539 1665 686 1715 Rura
710 1683 896 1730 meam,
912 1666 1178 1732 Cerinthe,
1196 1678 1378 1719 tenent
1401 1672 1657 1738 villaeque
1681 1671 1936 1737 puellam:

439 1759 665 1810 Ferreus
703 1769 805 1822 est,
853 1761 959 1810 heu
991 1762 1124 1826 heu,
1175 1763 1411 1830 quisquis
1449 1764 1504 1813 in
1541 1766 1672 1816 urbe
1710 1768 1902 1817 manet.

226 1852 320 1903 ubi
353 1851 498 1906 vides
528 1855 871 1921 praemissum
895 1856 1078 1908 colon:
1116 1855 1319 1907 ferreus
1351 1868 1442 1923 est,
1480 1859 1682 1910 ferreus
1707 1860 1795 1910 ille
1821 1862 1938 1924 fuit,

227 1949 530 2000 nervosiore
569 1949 934 2008 collocatione,
978 1949 1123 2018 quod
1157 1949 1457 2019 Lygdamus
1492 1955 1800 2021 postposuit.
1871 1955 1940 2006 At

225 2044 381 2107 plane
418 2042 655 2092 ieiunum
691 2053 741 2091 et
771 2043 1010 2109 ineptum
1049 2054 1126 2095 est
1159 2044 1321 2096 illud:
1359 2048 1488 2110 Ergo
1515 2065 1634 2098 cum
1668 2049 1839 2100 fuer0.
1866 2077 1939 2089 —

226 2137 513 2188 Veniamus
533 2136 596 2187 ad
626 2135 766 2187 aliud
785 2155 883 2203 par
900 2138 1158 2189 locorum.
1207 2140 1450 2191 Tibullus
1478 2139 1602 2192 dicit
1618 2140 1777 2208 I,3‚1.
1796 2161 1938 2213 sqq.:

370 2230 516 2280 Ibitis
553 2230 783 2295 Aegaeas
821 2232 932 2282 sine
968 2249 1081 2295 me,
1119 2232 1370 2297 Messala,
1420 2253 1517 2300 per
1551 2235 1750 2301 undas,

440 2321 487 2375 Ο
525 2324 725 2374 utinam
762 2342 1020 2376 memores
1050 2327 1164 2393 ipse
1201 2329 1494 2396 cohorsque
1531 2330 1667 2382 mei:

366 2419 457 2469 Me
494 2429 636 2469 tenet
670 2419 860 2485 ignotis
897 2438 1108 2486 aegrum
1143 2422 1398 2474 Phaeacia
1432 2423 1616 2476 terris:

438 2513 713 2565 Abstineas
752 2512 956 2579 avidas,
996 2517 1145 2567 Mors
1182 2535 1371 2583 precor
1409 2530 1547 2587 atra,
1596 2535 1799 2572 manua.

367 2609 672 2674 Abstineas,
709 2610 859 2661 Mors
896 2621 1031 2674 atra,
1078 2629 1284 2679 precor.

227 2699 530 2769 Lygdamus
565 2703 666 2767 ΙΙΙ,
705 2706 764 2767 5,
799 2708 825 2752 1
866 2719 981 2771 sqq.
1017 2705 1120 2756 ita:

367 2798 479 2847 Vos
517 2782 950 2866 tenetQEtruscis
988 2809 1166 2849 manat
1205 2815 1338 2866 quae
1375 2800 1609 2850 fontibus
1650 2799 1816 2866 unda,

436 2888 595 2940 Unda
632 2892 729 2940 sub
767 2891 1020 2944 aestivum
1057 2876 1168 2943 non
1209 2891 1448 2944 adeunda
1485 2893 1708 2958 Canem,

309 2981 314 2987 ’
366 2981 523 3033 Nunc
562 2994 734 3034 autem
770 2986 928 3036 sacris
965 2986 1213 3036 Baiarum
1252 2987 1496 3053 proxima
1531 2989 1786 3056 lymphis,

443 3075 578 3127 Cum
619 3096 672 3128 se
709 3096 979 3145 purpureo
1018 3097 1138 3133 vere
1181 3081 1392 3132 remittit
1427 3082 1651 3132 humus:

367 3171 437 3220 At
471 3173 602 3221 mihi
636 3174 970 3240 Persephone
1008 3177 1207 3240 nigram
1247 3174 1521 3227 denuntiat
1555 3177 1767 3229 horam:

439 3266 708 3318 Immerito
744 3267 924 3322 iuveni
958 3286 1114 3337 parce
1156 3287 1376 3336 nocere,
1427 3269 1539 3322 dea.
