2158 3750
302 315 369 361 52
698 309 1163 364 COMMENTAR.
1200 311 1274 364 IN
1313 312 1598 364 TIBULLI

304 469 494 526 opponit.
556 467 745 510 Vossms
787 478 871 508 non
916 464 1099 507 attendit
1127 465 1182 509 ad
1214 479 1448 522 pronomen
1480 463 1574 522 ipse
1607 467 1649 508 in
1683 467 1892 524 prIncipio
1923 481 1994 510 se·-

304 550 432 593 cundi
464 549 570 602 loci,
611 553 660 590 ut
689 547 1030 603 circumscriptio
1061 547 1153 590 eius
1186 548 1388 590 ostendit.
1461 548 1578 590 Sane
1607 554 1728 592 recte
1757 550 1911 604 aliquis
1941 548 1997 590 de

303 647 351 676 se
381 633 495 687 loqui
531 635 677 687 potest
707 631 791 673 ita=
835 631 1022 675 Ferreus
1051 631 1133 674 fuit
1163 630 1255 686 hic,
1287 633 1360 686 qui
1393 637 1437 674 te
1468 631 1674 674 deseruit.
1747 632 1918 674 Utinam
1954 633 1998 674 in

303 719 524 771 posterum
567 726 782 768 nunquam
821 717 866 756 te
907 698 1090 756 caream.
1163 713 1325 756 Confer
1366 713 1495 756 modo
1538 713 1649 756 infra
1689 714 1747 768 II,
1791 718 1834 767 6,
1878 718 1904 756 7
1924 717 1996 755 ι9.

303 798 430 840 Nunc
471 801 616 839 autem
657 796 874 854 oppositio
905 795 1204 851 pronominum
1243 795 1319 836 ille
1359 819 1419 826 --
1449 795 1543 853 ipse
1585 793 1779 838 habetur.
1854 797 2002 840 Quare

304 880 419 936 quod
451 881 640 925 Vossms
670 879 726 923 ad
757 881 982 923 mulierum
1013 880 1216 923 iudicium
1248 885 1470 936 provocat,
1500 878 1840 922 liermeneutices
1871 891 2001 933 regu-

305 968 369 1008 las
415 979 499 1020 ego
540 964 642 1008 viris
688 964 827 1007 doctis
869 965 1023 1007 melius
1065 965 1260 1018 cognitas
1301 969 1424 1020 puto.
1485 963 1584 1006 Non
1615 948 1754 1018 magis
1785 976 1883 1005 vera
1916 964 2000 1006 alia

306 1052 450 1108 opinio
481 1050 673 1093 Hermo
704 1049 890 1092 maxime
923 1048 1115 1104 probata,
1147 1049 1408 1102 generaliter
1437 1049 1555 1102 loqui
1585 1053 1771 1104 poetam,
1812 1047 1997 1090 ferreum

311 1148 407 1179 esse
437 1133 510 1189 qui
538 1132 702 1176 Deliam
734 1132 937 1175 deserere
969 1132 1073 1174 velit
1103 1131 1308 1185 possitve,
1339 1144 1419 1174 nec
1450 1132 1505 1175 de
1536 1137 1656 1175 certo
1688 1131 1859 1176 homine
1892 1142 2001 1187 quo-

305 1218 402 1260 dam
433 1218 518 1272 agi.
582 1216 693 1258 Cum
724 1217 837 1258 enim
868 1215 1001 1258 verba
1030 1219 1187 1270 poetae
1218 1215 1326 1256 sint:
1374 1213 1560 1272 ferreus
1603 1214 1678 1256 ille
1707 1213 1836 1272 fuit,
1881 1215 2003 1258 vides

302 1302 396 1357 ipse
427 1300 480 1343 de
512 1300 626 1343 facta
656 1313 703 1342 re
733 1300 849 1354 loqui
881 1313 1004 1352 eum,
1049 1312 1104 1342 ne
1136 1311 1332 1341 moneam
1378 1302 1540 1341 temere
1571 1285 1702 1340 minui
1735 1298 2000 1353 praeclaram

301 1385 386 1427 vim
423 1385 533 1438 loci,
580 1397 659 1441 pro
701 1397 803 1427 vera
845 1397 894 1426 re
925 1384 1159 1426 substituta
1188 1385 1303 1426 ficta.
1375 1382 1515 1437 Igitur
1555 1385 1702 1424 certus
1740 1379 1867 1423 bomo
1910 1380 2003 1423 fuit.

301 1467 431 1510 Hunc
460 1479 564 1509 vero
596 1480 681 1521 ego
722 1479 930 1523 nuperum
973 1470 1211 1509 amatorem
1254 1465 1386 1507 fuisse
1428 1463 1586 1518 credo,
1630 1477 1770 1520 neque
1801 1463 2003 1518 equitem,

303 1551 379 1594 sed
409 1550 575 1604 ducem,
606 1550 662 1594 de
692 1564 778 1605 quo
809 1563 912 1593 mox
940 1550 1094 1595 dicam.
1132 1573 1193 1583 —
1225 1551 1279 1594 V.
1314 1553 1387 1594 68.
1419 1548 1706 1592 maluerit.
1767 1548 2004 1603 Perpetem

301 1633 570 1675 Huscfflcms
601 1645 657 1675 ex
687 1645 772 1676 uno
802 1633 912 1675 libro
943 1631 1168 1673 maluerat
1200 1632 1380 1688 probat,
1420 1631 1535 1686 quod
1567 1630 1787 1687 postulari*
1806 1630 2007 1687 opinatur

301 1717 556 1772 imperfecto
590 1723 757 1772 posset.
818 1716 868 1758 In
909 1729 995 1770 quo
1037 1715 1211 1758 fallitur.
1273 1714 1345 1756 Tu
1385 1713 1491 1756 illud
1534 1714 1677 1769 potius
1706 1712 1888 1761 ‘notabis
1925 1724 2006 1768 pro

302 1800 521 1843 abstracto
555 1811 716 1854 genere
746 1797 939 1841 dicendi:
971 1797 1138 1840 ferreus
1170 1797 1276 1850 fuit,
1307 1798 1379 1851 qui
1412 1810 1508 1840 cum
1539 1797 1754 1853 potuerit,
1786 1796 2004 1849 maluerit,

303 1880 483 1938 pulchre
521 1888 673 1938 posset
715 1882 979 1938 praelatum,
1025 1885 1075 1922 ut
1114 1881 1371 1923 narrationis
1402 1880 1594 1935 vigorem
1626 1878 1804 1922 haberet
1845 1880 2001 1922 oratio.

302 1965 464 2008 Similis
492 1965 691 2009 iunctura
721 1964 831 2007 infra
857 1965 934 2017 IV,
968 1968 1009 2018 1,
1040 1969 1127 2007 50:
1167 1966 1209 2007 V
1206 1963 1340 2006 ixerit
1375 1963 1450 2005 ille
1485 1978 1618 2006 senex
1650 1964 1867 2023 quamvis,
1899 1963 2004 2006 dum

301 2055 430 2088 rema
465 2061 549 2103 per
589 2036 732 2088 orbem
774 2045 967 2087 Saecula
1000 2043 1240 2103 fertilibus
1279 2045 1419 2087 Titan
1451 2045 1704 2088 decurreret
1738 2045 1885 2093 horis,
1930 2046 2003 2089 ubi

301 2131 496 2173 similiter
527 2127 772 2170 decurrerit
802 2129 964 2171 mavult
995 2127 1291 2181 Huscflxms,
1339 2132 1577 2184 praeeunte
1609 2128 2004 2181 Wunnssnmcmo,

301 2214 427 2255 male.
490 2214 646 2256 Paullo
676 2219 774 2268 post
815 2213 974 2255 ibidem
1022 2227 1062 2257 v.
1098 2217 1171 2259 65.
1214 2214 1366 2256 eadem
1402 2212 1669 2255 constructio
1709 2211 1846 2255 redit:
1892 2211 2005 2267 Quis

300 2310 528 2353 nunquam
560 2295 774 2337 candente
807 2294 898 2336 dies
929 2296 1148 2351 apparuit
1180 2301 1308 2341 ortu,
1341 2308 1417 2336 seu
1451 2307 1592 2350 supra
1623 2300 1771 2335 terras
1799 2289 2006 2333 Phoebus

301 2391 376 2418 sea
411 2384 609 2418 curreret
639 2376 780 2435 infra.
800 2400 858 2408 -—
893 2377 942 2420 V.
977 2380 1048 2419 69.
1081 2382 1219 2431 agat
1250 2381 1406 2430 ante,
1437 2377 1575 2420 VIRG.
1609 2377 1774 2430 Georg.
1802 2375 1880 2428 III,
1899 2377 2003 2418 552.

301 2459 355 2501 cl'.
395 2459 678 2501 SAN'rssNmM
722 2459 766 2501 in
806 2457 1012 2502 Biblioth.
1059 2460 1153 2501 crit.
1196 2458 1275 2513 III,
1321 2474 1364 2516 p.
1397 2463 1469 2502 68.
1543 2460 1610 2503 De
1641 2457 1844 2502 historica
1875 2471 1923 2504 re
1954 2464 2002 2502 ut

300 2542 464 2592 dicam,
508 2556 604 2585 cum
634 2541 715 2585 hoc
747 2556 919 2585 carmen
958 2548 1058 2585 ante
1099 2542 1287 2589 reditum
1317 2543 1535 2587 Messalae
1566 2544 1774 2599 scriptum
1806 2544 1888 2597 sit,
1930 2527 2008 2598 qui

301 2640 398 2670 cum
431 2626 543 2682 apud
577 2627 799 2668 Orientem
831 2631 1104 2680 versaretur,
1138 2626 1266 2668 etiam
1298 2627 1341 2668 in
1372 2626 1526 2668 Cilicia
1557 2626 1720 2668 bellum
1752 2626 1913 2680 gessit,
1947 2626 2001 2668 cf.

297 2712 332 2764 Ι,
359 2717 401 2764 7,
434 2715 519 2764 16.,
550 2711 606 2753 ad
637 2710 717 2754 hoc
747 2711 1000 2754 referendus
1031 2711 1203 2752 videtur
1234 2712 1368 2754 locus.
1430 2711 1619 2753 Allatum
1651 2715 1721 2753 est
1753 2710 2001 2753 bellicosum

298 2794 483 2836 maxime
515 2798 559 2835 et
589 2792 755 2836 domitu
799 2793 1018 2835 difficilem
1061 2792 1196 2834 fuisse
1234 2791 1347 2835 hunc
1388 2794 1622 2848 populum,
1669 2798 1720 2835 ut
1750 2793 1879 2836 etiam
1910 2795 2002 2836 sine

297 2882 500 2932 respectu
531 2877 585 2919 ad
619 2877 834 2920 Messalae
865 2876 1183 2932 expeditionem
1215 2890 1295 2932 pro
1328 2879 1538 2934 exemplo*
1559 2879 1887 2920 commemorari
1921 2893 2002 2935 po-

299 2960 444 3002 tuerit.
506 2958 614 3001 Mihi
645 2959 831 3001 maxime
861 2957 1060 3014 displicet
1093 2971 1144 3001 ea
1175 2960 1301 3013 ratio,
1325 2973 1437 3014 quae
1469 2973 1549 3016 pro
1574 2961 1687 3004 veris
1714 2962 1814 3005 ficta
1839 2961 2002 3016 ubique

297 3042 558 3084 substituere
588 3045 751 3094 tentat,
783 3053 869 3095 quo
899 3039 1002 3083 nihil
1033 3043 1171 3096 magis
1202 3045 1388 3086 nativam
1421 3044 1507 3087 vim
1538 3043 1662 3087 huius
1694 3057 1879 3101 poeseos
1910 3045 2001 3088 dis-

300 3124 441 3167 solvit.
505 3124 572 3165 De
601 3136 705 3166 vero
735 3123 853 3165 bello
885 3124 1002 3177 loqui
1034 3130 1208 3176 poetam
1248 3139 1302 3168 ne
1341 3126 1516 3181 dubita3
1560 3140 1658 3171 nam
1689 3141 1769 3184 pro
1799 3131 1999 3185 exemplo

298 3209 426 3252 etiam
459 3209 612 3251 melius
643 3208 717 3250 alii
748 3208 942 3251 bellicosi
973 3210 1122 3265 populi
1153 3211 1365 3254 nominari
1396 3216 1624 3268 poterant,
1643 3217 1692 3255 ut
1721 3211 1885 3267 Parthi,
1921 3214 2000 3257 ci-

294 3291 401 3334 lices
429 3296 477 3334 ut
505 3292 745 3335 nominaret
771 3305 857 3346 quo
890 3293 984 3335 iure
1017 3295 1269 3348 negabimus
1297 3305 1476 3353 propter
1505 3296 1665 3340 bellum
1694 3295 1856 3341 factum
1886 3310 1997 3353 esse,

295 3376 409 3432 quod
441 3376 598 3418 scimus
630 3377 724 3418 istis
755 3378 1023 3432 temporibus
1057 3392 1152 3421 cum
1184 3381 1236 3423 iis
1269 3381 1474 3435 gestum?
1535 3381 1676 3424 Porro
1708 3381 1910 3425 existimo
1940 3382 1995 3425 de

295 3459 403 3502 duce
438 3459 556 3514 loqui
587 3463 782 3515 poetam;
827 3460 1046 3514 quomodo
1079 3462 1189 3506 enim
1223 3462 1328 3508 haec
1361 3465 1516 3510 verba:
1560 3472 1673 3523 agat
1705 3471 1811 3508 ante
1842 3472 1994 3507 cater-
