2158 3750
282 269 347 313 38
670 259 1136 315 COMMENTAR.
1174 260 1247 310 IN
1287 259 1574 312 TIBULLI

284 408 462 448 Vsum.
507 406 674 447 chc.
708 405 742 456 1,
778 407 892 447 835:
931 411 1109 460 portam
1148 412 1347 451 tentare,
1393 409 1440 460 et
1476 405 1678 446 CA'ruLx..
1711 401 1790 455 XI,
1824 406 1893 446 13.
1943 407 1987 445 et

284 489 424 531 Vnae.
459 488 563 529 Aen.
596 486 673 538 Ill,
703 489 806 528 363.
848 498 960 539 quae
999 486 1399 528 Wunnssnmcnms
1441 485 1603 527 laudat.
1645 506 1684 516 -
1739 490 1986 528 reserat.

288 569 472 612 Notabis
503 569 557 610 de
591 568 879 611 collocatione
910 569 1153 624 verborum,
1184 584 1283 613 cum
1314 571 1356 612 in
1387 568 1468 612 hoc
1495 566 1678 611 disticho
1703 569 1860 623 pariter
1883 568 1987 611 sub-

287 652 400 693 iecta
429 651 510 693 sibi
541 652 742 707 opposita
772 651 857 693 sint
887 656 932 693 et
971 653 1129 706 verba,
1172 657 1292 695 recte
1331 652 1525 708 potuisse
1557 650 1642 692 dici
1671 655 1746 692 aut
1775 650 1862 692 sic:
1906 662 1990 691 seu

288 734 384 787 quis
415 733 588 774 iuvenis
620 734 766 776 limina
802 722 983 788 tentat(
1007 748 1086 778 seu
1124 734 1279 791 puella
1322 738 1486 777 reserat
1516 733 1657 785 fores;
1701 737 1778 775 aut
1806 733 1896 785 sic,
1943 737 1992 774 ut

288 821 419 871 poeta
453 816 580 858 fecit:
625 829 702 859 seu
729 817 825 870 quis
857 817 1021 859 iuvenis
1050 815 1205 859 limina
1238 823 1388 857 tentat
1423 828 1500 858 seu
1530 821 1701 855 reserat
1735 814 1879 870 puella
1907 811 1990 870 fo-

290 911 374 940 res.
438 900 580 952 Atque
613 896 717 940 liaec
752 899 983 940 collocatio
1020 897 1304 954 pulcherrima
1336 902 1402 940 est
1435 902 1480 939 et
1518 910 1650 952 saepe
1694 896 1883 952 praelata
1927 897 1992 936 al-

291 980 374 1022 teri
408 981 602 1035 vulgari,
648 987 695 1023 ut
737 982 879 1024 statim
923 995 962 1024 v.
1000 983 1086 1023 23:
1130 994 1238 1034 quos
1270 993 1349 1022 nec
1378 979 1531 1022 inertia
1563 978 1721 1020 tardat
1755 990 1835 1020 nec
1867 985 1995 1018 vetat

291 1077 470 1118 surgere
499 1066 638 1107 timor.
661 1089 720 1096 —
763 1065 886 1107 fixo
917 1064 1116 1116 dente,
1151 1063 1206 1106 cf.
1237 1063 1290 1105 ad
1323 1077 1363 1105 ν.
1395 1067 1436 1106 6.
1467 1087 1526 1095 -
1558 1064 1611 1106 V.
1639 1066 1694 1104 19
1725 1075 1790 1117 sq.
1823 1061 1996 1115 molli,

291 1153 549 1203 perpetuum
584 1149 683 1190 lecti
715 1147 960 1202 epitheton,
1003 1147 1079 1189 sed
1119 1152 1170 1188 ut
1209 1147 1339 1188 etiam
1372 1153 1581 1201 perpetua
1620 1158 1763 1187 rerum
1803 1143 1998 1200 epitheta

293 1243 503 1283 nusquam
536 1231 675 1272 otiosa
704 1235 803 1271 sunt
834 1230 876 1270 in
909 1228 974 1271 his
1006 1228 1282 1279 carminibuS,
1313 1227 1376 1269 sic
1404 1225 1485 1268 hoc
1516 1239 1690 1281 qnoque
1721 1238 1808 1269 uon
1837 1226 1999 1268 otiatur

293 1294 429 1364 nunc,
471 1311 548 1353 sed
579 1311 897 1366 oppositionem
930 1311 1119 1353 suaviter
1149 1310 1348 1362 adiuvat3
1396 1310 1494 1351 vide
1523 1309 1676 1352 modo:
1719 1309 1863 1353 limina
1904 1313 2006 1352 teu-.

297 1402 419 1448 tare,
450 1408 644 1438 reserare
675 1395 816 1448 sores,
858 1397 989 1438 molle
1019 1396 1180 1438 lectum
1213 1395 1470 1449 relinquere.
1532 1394 1888 1450 Oppositionibus
1919 1407 2003 1438 au—

295 1481 383 1519 tem
413 1476 663 1519 fortioribus
693 1478 916 1520 nervosior
945 1481 989 1519 et
1019 1477 1203 1519 alacrior
1231 1477 1281 1518 fit
1314 1477 1467 1529 oratio,
1496 1475 1550 1519 de
1581 1489 1668 1531 quo
1703 1477 1875 1532 saepius
1905 1489 2002 1519 mo-

294 1572 380 1602 neo
411 1573 490 1615 per
519 1559 632 1603 hune
661 1561 831 1603 librum.
864 1581 920 1593 -
972 1559 1250 1603 decedere
1283 1561 1439 1603 lecto
1471 1565 1537 1604 est
1567 1562 1810 1616 relinquere
1842 1562 2000 1604 lectum

296 1640 495 1695 (furtim:
552 1641 648 1683 sich
691 1657 786 1683 vom
826 1645 960 1682 Beue
1003 1641 1299 1703 schleichen),
1345 1656 1424 1685 nec
1467 1656 1577 1698 opus
1618 1643 1789 1685 videtur
1818 1643 2002 1686 DOIJSAB.

297 1725 545 1766 coniectura
579 1724 848 1769 descendere.
896 1727 1032 1768 Ovm.
1069 1728 1238 1770 Amorr.
1267 1727 1346 1779 111,
1379 1730 1420 1780 1,
1450 1730 1534 1769 51:
1571 1723 1719 1766 delabi
1748 1733 1845 1768 toro
1876 1727 2002 1770 dixit.

297 1805 501 1848 Ceterum
534 1819 617 1848 non
651 1807 705 1849 de
737 1808 829 1850 sola
860 1808 1003 1863 puella
1045 1806 1152 1850 haec
1194 1808 1326 1850 verba
1356 1808 1542 1864 accipias
1581 1813 1787 1863 surgente
1817 1813 1867 1851 ut
1897 1822 2004 1852 con-

297 1891 441 1933 veniat
481 1896 744 1946 amatorem3
791 1893 936 1935 valent
978 1893 1106 1936 etiam
1152 1893 1208 1936 de
1250 1899 1470 1944 amatore,
1515 1895 1589 1948 qui
1630 1893 1776 1937 furtim
1819 1894 2005 1938 discedit

298 1975 399 2013 ante
428 1971 557 2015 dian.
619 1973 828 2016 Similiter
859 1979 1129 2029 pentameter
1170 1980 1216 2017 et
1259 1976 1432 2031 puellae
1475 1981 1520 2019 et
1561 1977 1742 2019 amatori
1785 1977 2001 2020 convenit.

301 2054 676 2098 Quemadmodum
715 2057 825 2098 enim
856 2057 898 2098 in
940 2057 1214 2100 antecedenti
1245 2057 1431 2101 disticho
1469 2059 1523 2101 de
1555 2065 1822 2117 amatore-et
1862 2062 2005 2116 puella

300 2136 482 2190 dicitur,
527 2138 587 2179 sic
622 2138 665 2179 in
700 2137 781 2180 hoc
813 2143 858 2180 et
888 2140 1112 2194 sequenti,
1165 2141 1410 2195 postulante
1450 2141 1750 2184 concinnitatis
1789 2143 1902 2197 lege.
1949 2164 2004 2176 —
2039 2163 2047 2171 „

300 2220 457 2261 nullo
489 2219 685 2275 pedem
717 2233 934 2274 ponere
964 2233 1125 2273 son0,
1170 2220 1211 2263 h.
1244 2235 1283 2264 e.
1319 2235 1529 2278 suspenso
1566 2224 1705 2278 gradu
1740 2226 1818 2267 ite.
1866 2226 2002 2268 Ovm.

299 2302 329 2343 1.
357 2302 452 2345 cit.:
484 2308 623 2360 atque
654 2302 945 2358 impet-cassos
967 2311 1094 2346 nocte
1117 2319 1286 2347 movere
1309 2302 1479 2361 pedes?
1519 2306 1672 2350 Multis
1702 2320 1790 2350 rem
1822 2308 2007 2352 illustrat

297 2386 446 2428 JANUS
480 2387 784 2429 (immunius.
817 2411 876 2418 -
913 2389 967 2431 V.
985 2392 1040 2430 21
1067 2403 1160 2444 sqq.
1204 2390 1327 2432 viro
1348 2403 1548 2434 coram.
1613 2390 1693 2434 1⁴'st
1715 2391 1931 2450 gradatio
1961 2395 2006 2437 in

299 2471 395 2509 toto
425 2468 522 2510 loco
552 2452 598 2511 et
625 2469 902 2524 progreditur
937 2476 1068 2526 poeta
1097 2485 1123 2514 a
1147 2471 1284 2515 minus
1318 2472 1551 2516 audacibus
1582 2474 1638 2518 ad
1669 2474 1916 2520 audaciora.
1947 2499 2004 2509 —-

300 2549 368 2591 Ad
412 2549 578 2592 docet
620 2551 776 2594 iterum
822 2566 907 2595 non
943 2552 1146 2609 puellam
1187 2556 1341 2610 supple
1371 2555 1449 2598 sed
1480 2565 1698 2600 amantes.
1761 2559 1826 2601 De
1857 2563 2006 2602 mutuo

301 2631 414 2673 enim
446 2633 664 2687 colloquio
695 2635 825 2688 dicit,
871 2642 1062 2680 ceterum
1096 2639 1250 2681 Deliae
1289 2640 1475 2682 animum
1519 2640 1680 2698 addere
1722 2643 1901 2696 cupiens
1942 2641 2008 2685 liis

302 2714 675 2772 descriptionibus.
708 2742 767 2749 —
813 2726 987 2763 nutus
1018 2722 1289 2765 conferre
1319 2723 1411 2765 scil·
1441 2724 1555 2766 inter
1590 2737 1665 2777 se,
1708 2730 1756 2768 ut
1784 2738 2008 2769 >sermones

300 2799 521 2853 conferre,
553 2797 885 2854 συμβάλλεσθαι
915 2800 1080 2856 λόγους.
1111 2827 1166 2836 -
1205 2806 1582 2861 compositis,
1624 2806 1678 2851 de
1710 2807 2008 2862 quibus-ante

301 2889 558 2925 conventum
587 2889 665 2926 est.
709 2885 845 2927 Ov1n.
878 2887 1044 2927 Amorr.
1077 2885 1155 2939 111,
1185 2889 1227 2940 2,
1247 2890 1334 2929 25:
1371 2886 1604 2946 Verbaque
1633 2888 1886 2945 compositis
1917 2890 2010 2934 dis-

302 2963 521 3007 simulata
552 2966 686 3008 notis.
749 2967 914 3010 Locum
960 2970 1154 3024 pluribus
1196 2971 1382 3014 illustrat
1426 2972 1573 3016 Jmns
1615 2974 1921 3019 Garamum.
1950 2998 2008 3009 —

299 3047 366 3089 Ad
389 3061 428 3090 v.
452 3048 555 3090 abd
571 3061 662 3091 ere
687 3050 914 3095 conferunt
938 3054 1072 3097 Ovu).
1099 3058 1190 3100 Art.
1215 3057 1310 3099 Am.
1328 3057 1362 3110 1,
1380 3059 1492 3100 489:
1527 3057 1650 3099 Neve
1673 3056 1841 3115 aliquis
1865 3057 2008 3101 verbis

299 3127 475 3171 odiosas
503 3129 674 3187 afferat
705 3146 859 3179 auras,
888 3149 1023 3192 quam
1043 3144 1174 3192 potes
1200 3136 1422 3196 ambiguis
1445 3137 1638 3179 callidus
1661 3136 1774 3179 abde
1798 3139 1931 3183 notis.
1950 3161 2008 3174 -

299 3211 542 3264 Postremo,
576 3228 683 3268 quas
717 3213 780 3257 his
812 3216 1009 3260 distichis
1039 3219 1268 3274 descripsit
1302 3225 1433 3272 artes,
1467 3234 1541 3263 eas
1572 3233 1658 3263 uno
1694 3221 1827 3264 verbo
1865 3222 2006 3262 Vene-

298 3309 389 3335 rem
409 3295 646 3352 furtivam
677 3298 780 3341 diclt
811 3299 921 3341 infra
951 3300 986 3352 1,
1010 3304 1052 3353 8,
1081 3305 1153 3344 57.
1187 3302 1259 3344 ubi
1290 3303 1417 3344 etiam
1450 3303 1532 3344 alia
1565 3303 1739 3344 indicat.
1763 3326 1820 3332 —
1856 3303 1906 3344 V.
1931 3305 2003 3346 23.

298 3375 412 3419 Nec
454 3378 625 3422 docet
667 3379 768 3425 hoc
810 3395 1000 3426 omues
1041 3391 1124 3428 etc.
1202 3386 1460 3429 misen-abit
1493 3387 1631 3429 lector
1660 3391 1836 3444 poetam
1867 3388 2006 3429 redire

2155 2444 2158 2450 .
2151 2342 2158 2426 ...ι-
2149 2247 2158 2329 ,ιμᾳ-
2154 2219 2158 2234 .-

2148 2549 2158 2671 —tu-r.-
