2158 3750
664 305 848 358 LIBR.
887 306 980 358 ΠΙ.
1053 305 1254 358 ELEG.
1291 306 1384 357 III.
1761 311 1861 356 335

157 448 270 492 beat.
305 472 363 480 —
401 448 624 504 pondus
656 449 863 491 divitis
889 448 1039 502 auri,
1073 453 1123 491 ut
1157 448 1188 502 1,
1221 452 1266 502 9,
1299 450 1375 492 31.
1440 445 1524 490 Hic
1555 446 1685 490 etiam
1716 460 1858 504 oppo-

155 532 323 574 sitionis
368 546 498 574 causa
541 538 644 587 apta
684 537 751 574 est
793 531 974 588 phrasis.
1035 533 1201 573 Aurum
1243 535 1289 573 et
1320 530 1427 585 *agri
1456 530 1649 584 legitime
1680 543 1858 586 compo-

156 619 332 657 nuntur.
365 637 425 646 —
455 612 730 667 Phrygiis
762 612 959 654 innixa
993 612 1290 655 columnis.
1352 610 1541 654 Celebre
1574 624 1711 666 genus
1743 625 1858 655 mar-

157 699 289 740 moris
320 696 435 754 apud
479 697 731 739 Docimeam
774 695 920 738 vicum
958 693 1178 749 Phrygiae
1221 695 1265 737 in
1306 694 1462 737 vicinia
1498 694 1715 748 Synnadis
1757 707 1860 737 cae-

155 796 275 835 sum,
318 781 432 824 uude
473 782 605 823 etiam
645 777 941 834 SynnadIcum
983 777 1196 820 Romanis
1237 777 1410 822 dicitur.
1470 779 1574 821 Fuit
1615 779 1858 833 candidum,

156 864 234 906 sed
265 864 443 907 maculis
474 860 701 918 purpureis
731 859 997 904 distinctum.
1057 861 1204 904 Suu-r.
1234 859 1342 903 Silv.
1370 859 1407 913 Ι,
1437 863 1482 914 5,
1513 863 1597 904 37:
1641 864 1860 918 Purpura

153 945 275 990 sola,
316 959 426 986 cavo
455 941 689 1000 Phrygiae
731 955 867 1000 quam
895 940 1138 998 Synnados
1176 948 1312 983 antro
1341 943 1445 998 Ipse
1477 944 1735 986 cruentavit
1764 960 1862 987 ma·-

152 1026 268 1068 culis
323 1023 576 1067 lucentibus
619 1023 770 1066 Attis.
842 1023 957 1068 Vide
1002 1025 1134 1081 entiam
1173 1025 1348 1068 STRAB.
1391 1023 1473 1068 IX.
1518 1040 1562 1083 p.
1605 1028 1708 1070 437.
1757 1027 1862 1072 XII.

155 1126 200 1167 p.
229 1113 332 1153 865.
377 1109 493 1153 uude
534 1109 677 1151 disces
721 1108 766 1151 in
795 1100 988 1151 maximo
1029 1107 1073 1150 id
1106 1108 1246 1164 pretio
1279 1106 1470 1150 habitum
1503 1121 1600 1151 esse
1637 1109 1860 1154 Romanis.

150 1193 370 1236 Memorat
410 1193 539 1235 etiam
586 1192 827 1235 Honrrms
865 1191 945 1245 111,
978 1195 1020 1244 1,
1050 1194 1124 1236 41.
1168 1191 1242 1234 ubi
1288 1191 1343 1234 cf.
1386 1191 1857 1248 erscnssnmcmmu,

147 1277 203 1318 ad
232 1282 427 1319 nostrum
453 1289 558 1319 vero
583 1277 727 1319 locum
748 1276 1215 1318 Bnoucxuusmu.—
1245 1275 1531 1331 Taenare,
1563 1279 1691 1322 sive
1724 1281 1859 1324 tuis.

150 1360 344 1402 Marmor
374 1359 634 1401 Taenarium
675 1358 759 1400 hoc
801 1361 894 1410 est,
941 1357 1058 1411 quod
1089 1357 1261 1400 Romae
1301 1357 1402 1400 inde
1437 1359 1493 1401 ab
1530 1361 1717 1415 Augusti
1746 1366 1859 1405 tem-

150 1442 327 1496 poribus
357 1444 609 1495 usurpatum
640 1439 838 1490 videtur,
885 1450 984 1479 cum
1023 1438 1208 1480 Graecis
1250 1439 1326 1481 diu
1369 1445 1471 1483 ante
1501 1443 1544 1484 in
1577 1455 1659 1486 usu
1690 1443 1860 1487 fuisset.

148 1521 258 1564 Erat
287 1523 435 1576 niger,
467 1527 513 1563 et
542 1520 668 1564 huius
700 1521 874 1576 quidem
905 1522 1080 1574 generis
1111 1522 1452 1577 celeberrimus,
1498 1525 1622 1580 lapis.
1685 1527 1859 1570 Laudat

146 1609 276 1650 etiam
307 1609 606 1650 Pnorsswrms
630 1606 711 1660 111,
740 1609 785 1659 2,
815 1609 870 1648 9:
902 1604 1036 1674 Quot}
1067 1620 1155 1646 non
1192 1605 1428 1648 Taenariis
1462 1607 1617 1650 domus
1650 1618 1719 1652 est
1749 1611 1860 1654 milzi

137 1691 278 1750 fulta
313 1690 544 1733 columnis.
614 1691 804 1732 SwnAeo
845 1689 902 1732 de
943 1689 1169 1732 Taenariis
1215 1690 1459 1745 lapicidinis
1503 1692 1694 1746 loquitur
1735 1694 1858 1748 vm,

147 1789 190 1829 p.
221 1777 324 1815 367.
386 1773 506 1814 Cave
534 1784 637 1814 vero
669 1769 751 1813 hoc
778 1783 967 1814 marmor
996 1784 1094 1814 eum
1131 1771 1350 1814 Laconico
1393 1772 1703 1830 (serpentino)
1749 1789 1856 1819 con-

149 1857 330 1909 fundas,
357 1855 473 1910 quod
507 1854 645 1898 viride
677 1854 789 1909 suit,
824 1868 998 1898 caesum
1023 1856 1067 1898 iu
1099 1855 1329 1909 Taygeto,
1360 1862 1644 1901 memoratum
1675 1873 1702 1902 a
1731 1860 1858 1902 PAU-

147 1954 285 1985 sAmA
317 1941 396 1993 111,
427 1942 502 1992 21,
534 1941 578 1984 4.
631 1938 814 1994 aliisque
859 1940 1007 1982 multis
1052 1939 1169 1995 apud
1219 1939 1587 1984 Bnoucmwsxmu
1635 1943 1756 1986 locis,
1797 1966 1858 1976 -

146 2025 269 2068 sive
312 2023 558 2076 Caryste
602 2021 733 2064 tuis.
795 2020 990 2063 Marmor
1022 2020 1270 2074 Carystium
1308 2019 1573 2078 (Cipollino)
1614 2024 1729 2079 apud
1769 2026 1857 2068 Ca-

146 2112 311 2162 rystum
350 2106 394 2148 in
438 2105 624 2148 Euboea
670 2117 845 2147 caesum
889 2115 946 2147 ex
988 2116 1138 2146 eorum
1173 2117 1338 2158 genere
1382 2104 1491 2159 fuit,
1536 2119 1648 2161 quae
1688 2113 1856 2150 mature

144 2195 351 2246 usurpata
391 2193 504 2232 suut.
581 2186 761 2231 Vin-ebat
805 2185 915 2241 lapis
957 2185 1124 2228 marino
1169 2186 1317 2228 colore
1355 2190 1400 2228 et
1437 2187 1556 2230 venis
1595 2188 1638 2231 in
1681 2189 1854 2232 modum

146 2276 354 2318 fluctuum
398 2278 492 2316 erat
529 2271 795 2314 distinctum.
857 2270 1003 2312 snm.
1036 2269 1143 2312 Silv.
1174 2269 1231 2323 II,
1259 2273 1304 2323 2,
1341 2273 1423 2314 93:
1467 2272 1559 2312 Hic
1601 2274 1853 2316 Nomadum

146 2358 299 2400 lucent
333 2354 567 2414 flaventia
608 2367 727 2396 saxa
773 2352 1036 2411 Thasosque
1064 2353 1130 2393 Et
1175 2352 1304 2394 Chios
1346 2362 1393 2394 et
1434 2354 1641 2411 gaudens
1673 2357 1855 2412 fluctus

147 2455 342 2500 aequare
376 2441 606 2495 Carystos.
666 2436 792 2480 Adde
833 2437 920 2480 alia
963 2435 1082 2492 apud
1124 2435 1509 2479 Bnoucrfflusum.
1545 2459 1603 2468 —·
1655 2438 1853 2493 Denique

147 2525 202 2568 ad
237 2530 374 2567 totum
406 2524 551 2565 locum
583 2520 734 2564 confer
763 2518 1094 2576 Descriptionis
1123 2521 1292 2562 Romae
1332 2534 1359 2563 a
1398 2522 1682 2575 Parmeno,
1726 2523 1854 2566 Brux-

150 2622 312 2660 εηκιο,
345 2609 639 2658 Gmuunno,
671 2605 975 2648 Romu-nmio
1005 2617 1147 2660 nuper
1176 2605 1320 2647 editae
1351 2604 1478 2647 Tom.
1508 2604 1543 2647 I.
1577 2619 1619 2661 p.
1646 2609 1735 2648 336
1758 2619 1853 2661 sqq.

142 2692 217 2734 ubi
258 2695 460 2734 accurate
505 2690 739 2746 exponitur
779 2688 835 2732 de
879 2702 1144 2732 marmorum
1189 2689 1441 2743 generibus
1468 2689 1584 2745 apud
1626 2689 1852 2733 Romanos

140 2776 374 2832 usurpatis.
434 2774 617 2817 Poetam
642 2785 746 2815 vero
777 2771 1028 2815 observabis
1061 2785 1160 2814 eum
1193 2770 1396 2814 habuisse
1429 2771 1671 2823 delectum,
1704 2775 1753 2814 ut
1783 2772 1852 2814 di-

143 2859 259 2901 versi
291 2857 451 2901 coloris
479 2869 692 2900 marmora
726 2855 806 2898 tria
839 2857 1095 2899 nominaret.
1118 2879 1178 2888 -
1209 2857 1263 2900 V.
1298 2858 1369 2899 15.
1404 2857 1476 2899 16.
1524 2854 1594 2897 Et
1624 2868 1852 2898 nemora

143 2943 194 2984 in
228 2940 512 2993 domibus,
560 2940 603 2982 in
635 2940 844 2995 impluvio
875 2946 994 2996 puta.
1041 2941 1226 2983 HoRA'r.
1262 2939 1341 2993 111,
1375 2942 1447 2992 10,
1477 2943 1531 2982 5:
1581 2938 1732 2981 Audis
1763 2955 1851 2999 quo

139 3022 335 3079 strepitu
368 3021 533 3068 ianua,
577 3036 664 3080 quo
694 3035 849 3064 nemus
890 3023 1020 3065 Inter
1055 3021 1254 3079 pulchra
1283 3028 1438 3064 satum
1470 3028 1594 3063 tecta
1627 3022 1852 3081 remugiat

149 3102 343 3147 Ventis?
387 3104 491 3159 ibiq.
530 3102 827 3147 Mra-tenen.
868 3107 915 3147 et
956 3103 1141 3148 anm.
1180 3104 1323 3161 Epist.
1364 3105 1400 3158 Ι,
1446 3108 1516 3158 10,
1547 3107 1633 3147 22:
1684 3105 1851 3161 Nempe

140 3186 260 3227 inter
284 3185 438 3228 varias
457 3184 667 3228 nutritur
687 3183 806 3226 aava
829 3183 1073 3232 columnas,
1103 3186 1207 3241 ibiq.
1231 3187 1433 3231 Scmum.
1483 3187 1606 3230 Adde
1629 3187 1851 3230 BnoucK-

142 3281 315 3311 nusnm
358 3274 405 3311 et
443 3268 661 3310 Vum’mn
700 3266 757 3310 ad
799 3264 913 3311 bunc
942 3268 1084 3312 locum
1117 3272 1163 3312 et
1194 3269 1454 3323 Hermum,
1501 3271 1573 3324 qui
1607 3271 1850 3314 Srrzmm-

143 3363 244 3394 mm
278 3349 333 3393 ad
364 3350 502 3393 Rutu.
533 3350 633 3392 ltin.
663 3349 700 3402 l,
730 3351 832 3391 11¹.
866 3350 1026 3394 laudat.
1049 3374 1110 3384 —
1139 3364 1336 3395 sacros
1366 3354 1653 3396 imitantia
1684 3355 1847 3395 lucos

142 3434 234 3477 scil.
267 3424 549 3487 amoenitate,
596 3433 768 3488 qualem
811 3431 1014 3477 describit
1057 3434 1251 3479 Vossws
1294 3434 1347 3477 ad
1395 3435 1548 3489 virgil.
1581 3434 1735 3488 Eclog.
1770 3435 1845 3487 VI,
