2158 3750
658 264 839 318 LIBR.
876 266 917 316 1.
989 264 1187 316 ELEG.
1225 265 1367 318 vul.
1775 275 1872 321 167

185 405 312 450 modo
359 407 622 451 satisfactum
670 408 727 451 sit
770 407 970 454 sedandis
1011 408 1132 464 pueri
1175 406 1400 451 aerumnis.
1471 405 1595 453 Addo
1635 417 1747 448 nuuc
1789 407 1872 449 alia

183 488 390 544 quaedam
421 490 620 533 notanda.
679 490 871 534 Primum
902 491 1040 542 enim,
1072 494 1119 532 ut
1157 502 1287 546 supra
1316 488 1595 544 praemonui,
1616 488 1755 538 ironia
1787 489 1869 530 im-

181 571 315 612 mixta
344 577 412 614 est
443 574 631 615 suaviter
659 572 767 625 toti,
807 583 905 615 cum
936 582 1043 625 puer
1075 575 1176 612 aute
1213 570 1426 626 superbus
1457 582 1568 613 nunc
1599 570 1698 625 ipse.
1722 581 1869 612 amore

181 654 359 699 laboret.
420 653 684 700 Discus-hoc
713 655 829 698 clare
858 666 897 696 v.
931 656 984 696 71
1021 666 1115 706 sqq.
1147 654 1221 695 ubi
1254 655 1497 709 exemplum
1528 652 1715 697 Marathi
1745 654 1867 710 puel-

179 738 247 780 lae
277 738 522 782 fastidiosae
549 738 806 794 proponitur
827 748 912 780 uon
934 736 1027 778 sine
1058 736 1254 778 irrisione
1283 737 1369 778 leni
1398 736 1536 791 pueri,
1565 741 1610 779 et
1639 749 1679 780 v.
1700 738 1756 778 17
1771 747 1866 789 sqq.

178 821 249 862 ubi
281 833 365 863 non
394 821 709 873 incantatione,
755 818 834 862 sed
874 831 952 861 sua
983 818 1119 873 ipsius
1151 819 1278 873 culpa
1316 819 1584 872 significatur
1617 831 1795 874 puerum
1823 819 1869 862 iu

176 906 340 944 tautum
369 903 526 944 malum
557 901 772 945 incidisse.
834 900 960 943 Unde
989 901 1119 943 etiam
1150 901 1192 942 in
1222 901 1316 942 aliis
1348 901 1470 954 locis,
1501 901 1574 943 ubi
1604 903 1671 943 vel
1703 902 1866 946 formae

172 984 359 1026 studium
389 985 553 1034 irritum
585 985 813 1028 miseratur
840 995 992 1039 puero,
1022 984 1090 1026 vel
1124 983 1253 1026 fletus
1283 983 1376 1026 eius
1403 984 1618 1026 solitarios
1648 985 1864 1038 describit,

171 1078 254 1110 nou
285 1067 349 1110 sic
380 1066 530 1110 dolere
567 1067 719 1110 credes
758 1071 931 1124 poetam
974 1072 1043 1109 ut¹
1065 1079 1162 1110 cum
1195 1078 1299 1109 suos
1340 1070 1499 1108 tractat
1538 1079 1735 1119 amores,
1785 1067 1861 1109 sed

168 1151 411 1195 memineris
440 1152 528 1195 tale
557 1156 856 1206 argumentum
887 1151 1086 1194 frivolum
1115 1151 1208 1206 ipsa
1237 1154 1388 1193 natura
1419 1162 1495 1193 sua
1526 1149 1749 1193 hilaritatis
1782 1152 1862 1193 ali-

167 1236 270 1291 quid
301 1249 430 1292 posse
472 1235 646 1281 habere.
707 1238 852 1291 Atque
891 1234 974 1278 hoc
1018 1247 1150 1278 unum
1189 1239 1269 1278 est.
1330 1233 1515 1277 Notabis
1546 1233 1702 1277 deinde
1731 1235 1858 1277 etiam

166 1320 479 1375 descriptiones
517 1320 740 1374 elegantes
769 1319 951 1363 Veneris
990 1318 1174 1361 furtivae
1205 1323 1251 1360 et
1281 1318 1461 1371 artium,
1503 1319 1659 1372 quibus
1691 1318 1860 1373 placere

165 1401 396 1444 studebant
428 1401 632 1454 formosi,
677 1400 937 1455 omninoque
979 1400 1194 1444 lasciviam
1235 1411 1380 1443 rerum
1411 1399 1680 1453 liberiorem,
1722 1401 1859 1454 qualis

164 1496 251 1526 nou
279 1488 346 1526 est
375 1483 419 1525 iu
447 1482 500 1525 iis
530 1481 698 1536 elegiis,
726 1482 800 1524 ubi
826 1482 977 1524 Deliae
1007 1487 1054 1525 et
1083 1482 1283 1528 Nemesis
1316 1495 1508 1526 amorem
1537 1483 1665 1528 cauit.
1727 1484 1856 1530 Quod

163 1564 359 1608 consulto
386 1563 636 1616 admissum,
663 1575 761 1609 cum
791 1562 959 1607 indoles
989 1565 1222 1608 carminum
1253 1565 1398 1621 pueris
1426 1566 1682 1622 scriptorum
1714 1578 1856 1609 amare

161 1648 381 1693 videretur
409 1647 613 1693 lascivius
637 1647 808 1693 dicendi
837 1661 991 1704 genus.

755 2080 759 2084 ’
777 2070 1224 2127 EXPLICATIO.

271 2307 326 2348 V.
361 2309 503 2350 1-16.
563 2304 888 2352 Exordium.
958 2307 1242 2352 Hortatur
1289 2315 1462 2365 poeta
1510 2310 1848 2365 Marathum,

155 2389 430 2431 dilectum
476 2389 589 2432 sibi
639 2402 898 2446 puerum,
947 2403 1109 2444 quem
1151 2392 1317 2445 gravi
1365 2404 1556 2436 amore
1604 2393 1849 2436 Pholoes

155 2472 426 2515 laborare
453 2473 576 2516 sine
609 2485 887 2516 successu
917 2474 1351 2528 animadvertit,
1390 2480 1449 2517 ut
1479 2475 1704 2518 desinat
1740 2476 1847 2518 dis-

152 2556 424 2598 simulare
455 2568 569 2599 rem
599 2555 743 2600 haud
785 2558 1019 2600 utiliter
1050 2559 1322 2611 celatam,
1376 2570 1719 2602 succurrere
1758 2571 1846 2603 cu-

151 2638 318 2690 piens
360 2636 603 2680 dolenth

266 2718 318 2760 V.
352 2721 395 2761 l.
425 2720 469 2759 2.
530 2717 631 2762 Non
673 2731 742 2764 me
785 2719 957 2774 fugiunt
999 2720 1154 2764 indicia
1189 2723 1360 2766 amoris.
1423 2725 1488 2766 De
1529 2725 1739 2768 sententia
1769 2722 1847 2767 lnac

149 2807 194 2844 et
232 2807 326 2845 arte
366 2802 634 2847 coniectandi
666 2817 819 2848 sensus
859 2805 1062 2848 amatoris
1093 2817 1148 2847 ex
1179 2806 1314 2859 signis
1344 2806 1597 2860 quibusdam
1633 2806 1848 2850 Hermus

147 2884 257 2928 adiri
289 2884 411 2928 iubet
439 2885 729 2933 Caunum.
774 2887 928 2946 Epigr.
959 2891 1032 2932 45.
1076 2893 1122 2932 et
1162 2890 1398 2932 Pnopsaw.
1431 2890 1466 2942 Ι,
1499 2892 1540 2942 9,
1571 2892 1599 2931 5
1628 2901 1720 2944 sqq.
1764 2888 1844 2939 ΙΙΙ,

147 2969 193 3018 8,
218 2969 263 3009 9.
291 2989 350 2997 -
398 2965 614 3022 ferant,
643 2969 868 3023 nuntient,
896 2970 1154 3025 significent.
1188 2994 1246 3002 --
1276 2970 1430 3014 lenia
1471 2971 1670 3024 verba,
1702 2970 1844 3013 Wmv

152 3062 430 3093 naunrcmus
460 3050 672 3107 placidam
705 3051 920 3107 loquelam
949 3052 1283 3109 interpretatur,
1330 3052 1402 3094 ubi
1445 3053 1511 3094 vel
1551 3064 1707 3104 sonus,
1757 3063 1844 3106 quo

147 3132 242 3187 quis
281 3131 414 3195 verba
455 3132 709 3188 eloquatur,
751 3145 940 3177 umorem
981 3133 1151 3189 prodat.
1227 3135 1358 3181 Quod
1400 3136 1513 3180 enim
1548 3137 1749 3178 S'rA'rms
1791 3135 1846 3177 de

147 3216 333 3259 susurris
362 3216 634 3270 cogitaverit,
665 3229 750 3260 non
779 3230 978 3272 magnam
1010 3220 1169 3274 requiri
1199 3225 1350 3274 artem,
1382 3234 1510 3276 quam
1544 3221 1674 3264 iactet
1704 3225 1845 3264 tamen

147 3297 370 3354 Tibullus,
418 3306 468 3344 ut
497 3313 551 3344 ex
588 3303 775 3345 susurris
804 3302 968 3347 iuvenis
995 3315 1185 3347 amorem
1217 3305 1447 3348 coniectes.
1511 3304 1713 3347 Ceterum
1746 3315 1845 3346 sua-

150 3381 258 3425 viter
291 3367 646 3430 eunt¹cumulate
690 3385 844 3430 similia
887 3386 1017 3431 verba
1060 3387 1180 3432 miti
1225 3388 1400 3441 lenia,
1448 3385 1757 3442 significantius
1801 3387 1847 3424 nt
