2158 3750
312 266 371 312 14
694 259 1158 315 COMMENTAR.
1197 261 1271 311 IN
1308 263 1595 315 TIBULLI

307 407 411 448 satis
444 403 640 462 prohibet
670 403 782 446 ratio
813 404 945 447 totius
978 405 1089 458 loci,
1139 405 1212 459 qui
1245 409 1344 461 post
1373 405 1540 462 stipites
1579 406 1830 463 lapidesque
1866 406 2002 450 mani-

305 490 418 532 festo
447 489 640 542 singulos
671 486 879 541 quosdam
911 487 1016 529 deos
1044 492 1366 532 commemorat.
1436 488 1581 542 Atque
1609 489 1722 530 inter
1750 488 1857 531 deos
1885 488 2003 542 agri-

305 572 424 613 colas
455 570 582 612 etiam
615 569 748 612 Ceres
780 575 860 623 est,
891 583 1003 624 quae
1034 575 1177 614 tamen
1208 584 1338 627 poma
1371 571 1568 628 accipere
1602 584 1686 614 non
1715 571 1859 616 debet.
1933 571 2002 614 Ne

304 655 462 705 multa3
502 665 599 695 cum
643 652 772 696 dicit:
814 653 966 696 flava
1011 654 1214 708 Ceres,
1260 655 1371 698 tibi
1411 669 1515 697 vero
1559 656 1636 698 sit
1677 655 1877 710 spicea
1915 665 2001 696 co-

304 750 440 780 rona
473 735 594 792 (nam
627 751 729 778 vero
760 735 828 779 hic
858 738 1196 794 supplendum),
1225 740 1346 783 vides
1376 741 1535 797 opponi
1564 754 1659 784 eam
1689 753 1772 782 non
1802 738 2005 794 agricolis

302 820 407 873 diis,
438 832 621 874 quorum
653 832 753 875 pars
784 825 866 874 est,
895 819 972 862 sed
1010 820 1092 863 deo
1124 822 1341 875 agricolae
1372 823 1574 876 Silvano,
1603 823 1678 878 qui
1705 821 1881 865 arbores
1909 820 2003 875 agri

300 907 422 946 curat
447 907 495 945 ut
516 903 610 958 ipsa
634 907 819 956 segetes.
838 923 890 935 -
924 903 978 946 V.
996 907 1065 947 16.
1095 909 1203 946 tem
1220 905 1300 960 pli
1330 910 1466 948 ante
1494 905 1665 949 fores.
1712 904 1820 948 Erat
1842 903 2006 946 Tibulli

306 984 527 1039 praedium
559 986 603 1028 in
635 987 812 1040 regione
835 985 1011 1029 Pedana
1042 988 1152 1030 inter
1179 988 1318 1031 Tibur
1348 995 1391 1032 et
1417 991 1681 1042 Praeneste;
1711 987 1866 1043 quodsi
1893 993 2004 1030 tem-

301 1070 418 1124 plum
456 1069 629 1111 Cereris
664 1070 704 1110 in
737 1069 916 1123 praedio
948 1082 1033 1111 non
1067 1067 1230 1122 habuit,
1260 1070 1444 1113 vicinum
1477 1069 1598 1124 adiit,
1627 1070 1743 1125 quod
1773 1069 1931 1112 alicubi
1960 1069 2002 1111 in

299 1152 417 1205 agris
449 1164 544 1193 esse
577 1151 732 1205 potnit.
764 1170 820 1182 —
865 1150 920 1192 V.
953 1154 1023 1192 17.
1064 1154 1132 1192 18.
1194 1151 1260 1194 De
1291 1152 1529 1208 Priapo,
1576 1152 1795 1195 hortorum
1830 1153 2005 1207 proprio

297 1234 494 1286 custode,
523 1238 626 1276 nota
656 1233 812 1286 omnia,
844 1232 900 1277 cf.
932 1234 1058 1277 Voss.
1086 1233 1246 1289 Epistt.
1282 1233 1483 1287 Mytholl.
1514 1235 1570 1288 11,
1601 1238 1672 1277 37.
1735 1234 2003 1277 Hssmnons.

297 1318 353 1360 ad
383 1318 537 1360 Horat.
570 1318 663 1359 Sat.
696 1317 731 1369 Ι,
761 1320 804 1370 8,
839 1319 878 1361 1.
951 1317 1037 1360 Hic
1079 1331 1193 1360 nunc
1231 1318 1401 1372 signum
1442 1318 1574 1362 minio
1613 1317 1776 1373 pictum
1816 1315 2003 1367 habebit,

298 1411 346 1447 ut
374 1404 468 1446 fieri
498 1403 680 1446 solebat.
710 1426 771 1435 —
816 1409 1039 1446 terreat
1070 1408 1130 1446 ut
1160 1417 1320 1458 aves,
1365 1409 1433 1447 est
1463 1405 1575 1448 enim
1604 1403 1748 1446 furum
1776 1403 2003 1456 aviumque

302 1486 490 1528 maxima
521 1484 732 1538 formido,
764 1489 811 1526 ut
837 1485 898 1526 ait
929 1484 1111 1527 HonA‘r.
1146 1485 1171 1527 l.
1205 1486 1279 1527 cit.
1341 1486 1538 1541 Denique
1567 1485 1894 1529 collocationem
1923 1497 2003 1527 no·

300 1573 425 1617 minis
454 1573 603 1628 Priapi
636 1573 679 1615 in
710 1571 902 1615 secundo
934 1585 1059 1615 versu
1092 1571 1279 1626 attende,
1313 1578 1357 1615 et
1388 1573 1501 1616 conf.
1532 1573 1672 1616 Pmn·
1701 1572 1830 1627 Pyth.
1859 1572 1936 1626 lv,
1958 1575 2003 1616 2.

299 1656 482 1700 HoRA'r.
513 1656 550 1710 I,
584 1659 654 1710 15,
691 1658 735 1699 4.
783 1657 922 1700 Vnae.
955 1657 1060 1699 Aen.
1093 1657 1130 1710 I,
1161 1660 1206 1700 3.
1247 1663 1291 1700 et
1321 1658 1363 1699 in
1402 1655 1469 1700 his
1498 1658 1756 1701 carminibus
1787 1657 1823 1711 I,
1853 1661 1897 1711 5,
1928 1660 1998 1700 13.

296 1738 375 1790 ΙΙΙ,
408 1741 450 1792 1,
482 1741 556 1781 12.
618 1737 719 1781 Non
758 1739 895 1781 inanis
936 1739 1055 1781 lusus
1095 1740 1294 1794 poeticus
1331 1737 1401 1782 hic
1431 1745 1512 1792 est,
1542 1739 1620 1782 sed
1650 1739 1724 1794 qui
1754 1738 2000 1791 attenderit,

296 1821 456 1863 sentiet
496 1821 560 1863 sic
601 1833 755 1863 novam
798 1821 924 1863 simul
966 1821 1050 1864 vim
1090 1821 1300 1864 accedere
1340 1821 1531 1864 secundo
1574 1822 1781 1865 membro.
1849 1821 2002 1865 Multis

299 1918 402 1947 vero
431 1904 572 1948 modis
603 1909 754 1947 curant
783 1910 942 1961 poetae
971 1905 1015 1948 in
1043 1906 1290 1948 continuata
1326 1906 1644 1948 constructione
1665 1917 1720 1947 ne
1749 1905 1874 1959 vigor
1901 1917 2000 1946 ora-

294 1988 424 2031 tionis
465 1986 714 2040 decrescat,
757 1987 834 2030 sed
876 1988 1016 2030 alatur
1045 1993 1090 2030 et
1126 1993 1337 2042 augeatur
1365 1989 1497 2041 scite,
1540 1987 1595 2030 de
1624 1987 1780 2042 quibus
1809 1987 2002 2029 artificiis

293 2081 426 2124 saepe
456 2081 628 2112 moneo.
649 2092 706 2102 -—
738 2069 792 2113 V.
825 2071 882 2111 19
907 2082 1001 2123 sqq.
1062 2069 1254 2124 Respice
1285 2081 1468 2122 mecum,
1498 2074 1726 2124 antequam
1755 2081 2002 2124 pergamus,

296 2158 435 2196 totum
467 2154 707 2209 perlectum
739 2152 793 2196 de
827 2154 990 2209 pietate
1021 2157 1178 2209 poetae
1205 2154 1362 2207 locum,
1394 2158 1442 2196 ut
1471 2152 1694 2209 pulchram
1722 2152 2000 2208 compositio-

295 2251 392 2281 nem
418 2239 513 2281 eius
536 2238 710 2280 sentias.
772 2236 854 2279 Est
884 2242 1030 2280 autem
1060 2238 1298 2293 tripartitus
1329 2251 1409 2293 per
1438 2237 1749 2292 gradationem.
1806 2236 1999 2280 Primum

295 2322 406 2363 dixit
435 2321 491 2364 de
521 2321 716 2376 stipitum
750 2323 795 2362 et
827 2318 1014 2375 lapidum
1043 2319 1321 2362 veneratione
1349 2332 1430 2375 per
1455 2331 1598 2373 agros.
1658 2317 1825 2362 Deinde
1852 2331 1999 2361 eorum

295 2405 475 2448 deornm
506 2406 668 2447 cultum
700 2403 952 2460 descripsit,
991 2405 1065 2459 qui
1095 2404 1341 2460 specialiter
1369 2403 1534 2459 praedii
1563 2403 1630 2445 sui
1657 2401 1838 2455 singulis
1866 2401 2002 2456 parti-

293 2488 376 2530 bus
405 2493 647 2544 praeerant,
673 2488 850 2540 Silvani,
883 2487 955 2541 qui
985 2487 1162 2530 arbores
1193 2499 1410 2541 agrorum,
1441 2491 1486 2529 et
1517 2485 1704 2538 Cereris,
1733 2497 1845 2538 quae
1873 2495 2002 2538 sege-

292 2575 359 2614 tes
393 2570 598 2622 curabat,
644 2582 724 2612 nec
754 2582 840 2612 non
877 2568 1098 2612 hortorum
1131 2570 1324 2612 custodis
1355 2569 1515 2623 Priapi.
1579 2566 1707 2609 Nunc
1734 2570 1870 2609 restat
1899 2566 2001 2608 ulti-

292 2664 423 2694 mum.
486 2650 599 2694 Nam
632 2656 730 2706 post
758 2652 1032 2706 praepositos
1061 2651 1241 2704 singulis
1267 2650 1459 2705 partibus
1489 2649 1595 2690 deos
1623 2653 1844 2703 postremo
1872 2647 1999 2690 etiam

293 2733 480 2776 universi
513 2731 678 2788 praedii
709 2733 918 2774 tutelares
949 2732 1055 2774 deos
1087 2732 1270 2775 Lares
1310 2730 1441 2773 debet
1482 2731 1679 2783 laudare,
1719 2731 1850 2784 idque
1889 2743 2001 2774 nunc

293 2818 414 2860 facit.
486 2819 599 2860 Sunt
635 2816 772 2859 Lares
803 2817 1031 2871 praestites
1071 2815 1244 2859 omnino
1274 2817 1467 2859 locorum
1498 2821 1712 2858 certorum
1744 2815 2005 2871 (Vm-stand

291 2898 410 2941 eines
441 2897 717 2940 bestimmten
747 2897 984 2953 Bait-ks),
1013 2903 1063 2940 ut
1093 2897 1345 2952 domorum,
1375 2899 1564 2948 viarum,
1600 2898 1736 2950 ruris,
1776 2898 1831 2940 cf.
1864 2897 2000 2940 Mfin-

292 2993 452 3023 mmm
484 2994 626 3023 meum
656 2981 698 3022 in
731 2979 853 3022 Libr.
885 2978 940 3021 de
971 2979 1167 3022 Etruscis
1198 2979 1255 3033 ΙΙ,
1282 2983 1354 3022 90.
1415 2979 1476 3022 Et
1506 2992 1618 3022 nunc
1647 2980 1813 3022 rurales
1839 2979 1999 3022 intelli-

290 3069 462 3118 guntur.
493 3087 551 3094 —-
595 3064 648 3107 V.
688 3065 757 3106 19.
803 3062 1002 3106 felicis
1033 3063 1334 3116 quondam,
1376 3077 1522 3106 nunc
1553 3064 1830 3119 pauperis
1859 3063 1997 3118 agri.

290 3148 509 3192 Valedixit
534 3147 792 3203 opulentiae,
823 3151 965 3189 tamen
990 3161 1072 3190 non
1094 3149 1236 3203 potuit
1255 3149 1380 3203 plane
1399 3147 1594 3191 oblivisci
1615 3147 1813 3189 amissam
1829 3149 1997 3201 partem

288 3229 550 3286 patrimonii,
583 3228 660 3272 sed
691 3229 946 3283 resurgebat
976 3230 1158 3273 subinde
1190 3230 1326 3273 dolor.
1389 3230 1456 3272 lta
1483 3229 1646 3272 factum
1675 3233 1748 3281 ut,
1779 3240 1876 3270 cum
1907 3232 1998 3271 tota

289 3311 431 3365 elegia
462 3309 721 3353 hilaritatem
752 3311 880 3354 animi
912 3312 1060 3367 paucis
1091 3313 1280 3355 contenti
1311 3312 1469 3367 spiret,
1501 3315 1644 3355 tamen
1669 3311 1798 3354 etiam
1830 3310 1996 3353 flebiles

287 3395 379 3435 soni
427 3394 608 3437 immixti
654 3393 829 3448 quidam
871 3395 955 3438 sint
999 3397 1199 3440 suaviter.
1276 3397 1479 3440 Ceterum
1526 3394 1676 3439 confer
1717 3394 1772 3438 de
1812 3393 1992 3437 ademtis
