<?xml version="1.0" encoding="UTF-8"?>
<!DOCTYPE html PUBLIC "-//W3C//DTD XHTML 1.0 Transitional//EN"
    "http://www.w3.org/TR/xhtml1/DTD/xhtml1-transitional.dtd">
<html xmlns="http://www.w3.org/1999/xhtml" xml:lang="en" lang="en">
 <head>
  <title>
</title>
<meta http-equiv="Content-Type" content="text/html;charset=utf-8" />
  <meta name='ocr-system' content='tesseract 3.04.00' />
  <meta name='ocr-capabilities' content='ocr_page ocr_carea ocr_par ocr_line ocrx_word'/>
</head>
<body>
  <div class='ocr_page' id='page_1' title='image "./carminaexrecensi01tibuuoft_0222.png"; bbox 0 0 2158 3750; ppageno 0'>
   <div class='ocr_carea' id='block_1_1' title="bbox 194 187 1451 282">
    <p class='ocr_par' dir='ltr' id='par_1_1' title="bbox 194 187 1451 282">
     <span class='ocr_line' id='line_1_1' title="bbox 194 187 1451 282; baseline 0.003 -35"><span class='ocrx_word' id='word_1_1' title='bbox 194 274 204 282; x_wconf 23' lang='lat'><strong>⁹</strong></span> <span class='ocrx_word' id='word_1_2' title='bbox 270 187 352 248; x_wconf 73' lang='lat'><strong>24</strong></span> <span class='ocrx_word' id='word_1_3' title='bbox 792 187 1097 251; x_wconf 78' lang='lat' dir='ltr'>TIBULLI</span> <span class='ocrx_word' id='word_1_4' title='bbox 1143 189 1296 252; x_wconf 68' lang='grc' dir='ltr'><strong>ΜΒ.</strong></span> <span class='ocrx_word' id='word_1_5' title='bbox 1333 191 1373 249; x_wconf 93' lang='grc' dir='ltr'><strong>Ι.</strong></span> <span class='ocrx_word' id='word_1_6' title='bbox 1410 201 1451 251; x_wconf 85' lang='lat'><strong>6.</strong></span> 
     </span>
    </p>
   </div>
   <div class='ocr_carea' id='block_1_2' title="bbox 272 332 1982 2580">
    <p class='ocr_par' dir='ltr' id='par_1_2' title="bbox 272 332 1982 2580">
     <span class='ocr_line' id='line_1_2' title="bbox 273 332 1875 429; baseline 0.004 -28"><span class='ocrx_word' id='word_1_7' title='bbox 273 357 332 403; x_wconf 82' lang='lat'><strong>65</strong></span> <span class='ocrx_word' id='word_1_8' title='bbox 346 342 427 403; x_wconf 87' lang='lat' dir='ltr'><strong>Te</strong></span> <span class='ocrx_word' id='word_1_9' title='bbox 471 364 695 427; x_wconf 80' lang='lat' dir='ltr'><strong>semper</strong></span> <span class='ocrx_word' id='word_1_10' title='bbox 739 356 1041 427; x_wconf 85' lang='lat' dir='ltr'><strong>natamque</strong></span> <span class='ocrx_word' id='word_1_11' title='bbox 1086 357 1240 405; x_wconf 87' lang='lat' dir='ltr'><strong>tuam</strong></span> <span class='ocrx_word' id='word_1_12' title='bbox 1280 358 1333 405; x_wconf 85' lang='lat' dir='ltr'><strong>te</strong></span> <span class='ocrx_word' id='word_1_13' title='bbox 1370 360 1604 429; x_wconf 83' lang='lat' dir='ltr'><strong>propter</strong></span> <span class='ocrx_word' id='word_1_14' title='bbox 1643 332 1875 409; x_wconf 76' lang='lat' dir='ltr'><strong>amabo:</strong></span> 
     </span>
     <span class='ocr_line' id='line_1_3' title="bbox 425 451 1864 534; baseline 0.005 -25"><span class='ocrx_word' id='word_1_15' title='bbox 425 451 717 533; x_wconf 81' lang='lat' dir='ltr'><strong>Quicquid</strong></span> <span class='ocrx_word' id='word_1_16' title='bbox 763 452 907 532; x_wconf 84' lang='lat' dir='ltr'><strong>agit,</strong></span> <span class='ocrx_word' id='word_1_17' title='bbox 962 452 1194 534; x_wconf 85' lang='lat' dir='ltr'><strong>sanguis</strong></span> <span class='ocrx_word' id='word_1_18' title='bbox 1233 469 1314 514; x_wconf 84' lang='lat' dir='ltr'><strong>est</strong></span> <span class='ocrx_word' id='word_1_19' title='bbox 1358 468 1545 515; x_wconf 85' lang='lat' dir='ltr'><strong>tamen</strong></span> <span class='ocrx_word' id='word_1_20' title='bbox 1584 454 1681 515; x_wconf 85' lang='lat' dir='ltr'><strong>illa</strong></span> <span class='ocrx_word' id='word_1_21' title='bbox 1718 470 1864 516; x_wconf 85' lang='lat' dir='ltr'><strong>tuus.</strong></span> 
     </span>
     <span class='ocr_line' id='line_1_4' title="bbox 342 558 1976 646; baseline 0.004 -29"><span class='ocrx_word' id='word_1_22' title='bbox 342 559 429 618; x_wconf 90' lang='lat' dir='ltr'><strong>Sit</strong></span> <span class='ocrx_word' id='word_1_23' title='bbox 472 558 644 618; x_wconf 89' lang='lat' dir='ltr'><strong>modo</strong></span> <span class='ocrx_word' id='word_1_24' title='bbox 691 573 874 632; x_wconf 82' lang='lat' dir='ltr'><strong>casta,</strong></span> <span class='ocrx_word' id='word_1_25' title='bbox 931 559 1103 634; x_wconf 81' lang='lat' dir='ltr'><strong>doce,</strong></span> <span class='ocrx_word' id='word_1_26' title='bbox 1147 563 1402 646; x_wconf 87' lang='lat' dir='ltr'><strong>quamvis</strong></span> <span class='ocrx_word' id='word_1_27' title='bbox 1444 587 1563 624; x_wconf 89' lang='lat' dir='ltr'><strong>non</strong></span> <span class='ocrx_word' id='word_1_28' title='bbox 1602 563 1736 624; x_wconf 84' lang='lat' dir='ltr'><strong>vitta</strong></span> <span class='ocrx_word' id='word_1_29' title='bbox 1775 562 1976 644; x_wconf 79' lang='lat' dir='ltr'><strong>ligatos</strong></span> 
     </span>
     <span class='ocr_line' id='line_1_5' title="bbox 419 666 1707 754; baseline 0.005 -30"><span class='ocrx_word' id='word_1_30' title='bbox 419 666 700 748; x_wconf 84' lang='lat' dir='ltr'><strong>Impediat</strong></span> <span class='ocrx_word' id='word_1_31' title='bbox 726 667 922 727; x_wconf 81' lang='lat' dir='ltr'><strong>crines</strong></span> <span class='ocrx_word' id='word_1_32' title='bbox 966 692 1071 729; x_wconf 92' lang='lat' dir='ltr'><strong>nec</strong></span> <span class='ocrx_word' id='word_1_33' title='bbox 1115 669 1259 730; x_wconf 88' lang='lat' dir='ltr'><strong>stola</strong></span> <span class='ocrx_word' id='word_1_34' title='bbox 1299 669 1471 751; x_wconf 85' lang='lat' dir='ltr'><strong>longa</strong></span> <span class='ocrx_word' id='word_1_35' title='bbox 1515 670 1707 754; x_wconf 88' lang='lat' dir='ltr'><strong>pedes.</strong></span> 
     </span>
     <span class='ocr_line' id='line_1_6' title="bbox 340 773 1839 859; baseline 0.005 -27"><span class='ocrx_word' id='word_1_36' title='bbox 340 774 413 832; x_wconf 90' lang='lat' dir='ltr'><strong>Et</strong></span> <span class='ocrx_word' id='word_1_37' title='bbox 455 773 595 833; x_wconf 87' lang='lat' dir='ltr'><strong>mihi</strong></span> <span class='ocrx_word' id='word_1_38' title='bbox 639 774 752 835; x_wconf 89' lang='lat' dir='ltr'><strong>sint</strong></span> <span class='ocrx_word' id='word_1_39' title='bbox 787 775 964 836; x_wconf 87' lang='lat' dir='ltr'><strong>durae</strong></span> <span class='ocrx_word' id='word_1_40' title='bbox 1003 774 1184 859; x_wconf 81' lang='lat' dir='ltr'><strong>legeS‚</strong></span> <span class='ocrx_word' id='word_1_41' title='bbox 1242 777 1474 838; x_wconf 84' lang='lat' dir='ltr'><strong>laudare</strong></span> <span class='ocrx_word' id='word_1_42' title='bbox 1516 802 1622 838; x_wconf 91' lang='lat' dir='ltr'><strong>nec</strong></span> <span class='ocrx_word' id='word_1_43' title='bbox 1664 777 1839 839; x_wconf 88' lang='lat' dir='ltr'><strong>ullam</strong></span> 
     </span>
     <span class='ocr_line' id='line_1_7' title="bbox 272 881 1893 969; baseline 0.004 -30"><span class='ocrx_word' id='word_1_44' title='bbox 272 897 332 940; x_wconf 91' lang='lat'><strong>70</strong></span> <span class='ocrx_word' id='word_1_45' title='bbox 429 881 654 941; x_wconf 91' lang='lat' dir='ltr'><strong>Possim</strong></span> <span class='ocrx_word' id='word_1_46' title='bbox 695 906 830 963; x_wconf 82' lang='lat' dir='ltr'><strong>ego,</strong></span> <span class='ocrx_word' id='word_1_47' title='bbox 888 883 1027 968; x_wconf 91' lang='lat' dir='ltr'><strong>quin</strong></span> <span class='ocrx_word' id='word_1_48' title='bbox 1067 884 1261 945; x_wconf 90' lang='lat' dir='ltr'><strong>oculos</strong></span> <span class='ocrx_word' id='word_1_49' title='bbox 1308 899 1535 969; x_wconf 89' lang='lat' dir='ltr'><strong>appetat</strong></span> <span class='ocrx_word' id='word_1_50' title='bbox 1571 883 1667 946; x_wconf 82' lang='lat' dir='ltr'><strong>illa</strong></span> <span class='ocrx_word' id='word_1_51' title='bbox 1705 909 1893 958; x_wconf 62' lang='lat' dir='ltr'><strong>mem,</strong></span> 
     </span>
     <span class='ocr_line' id='line_1_8' title="bbox 337 988 1795 1078; baseline 0.005 -31"><span class='ocrx_word' id='word_1_52' title='bbox 337 988 410 1048; x_wconf 87' lang='lat' dir='ltr'><strong>Et</strong></span> <span class='ocrx_word' id='word_1_53' title='bbox 453 988 645 1072; x_wconf 84' lang='lat' dir='ltr'><strong>siquid</strong></span> <span class='ocrx_word' id='word_1_54' title='bbox 687 1013 951 1073; x_wconf 84' lang='lat' dir='ltr'>peccasse</span> <span class='ocrx_word' id='word_1_55' title='bbox 997 1006 1193 1075; x_wconf 86' lang='lat' dir='ltr'><strong>puter,</strong></span> <span class='ocrx_word' id='word_1_56' title='bbox 1249 992 1539 1076; x_wconf 83' lang='lat' dir='ltr'><strong>ducarque</strong></span> <span class='ocrx_word' id='word_1_57' title='bbox 1577 992 1795 1078; x_wconf 85' lang='lat' dir='ltr'>capillis</span> 
     </span>
     <span class='ocr_line' id='line_1_9' title="bbox 423 1096 1568 1182; baseline 0.004 -28"><span class='ocrx_word' id='word_1_58' title='bbox 423 1096 692 1156; x_wconf 82' lang='lat' dir='ltr'><strong>Inmerito</strong></span> <span class='ocrx_word' id='word_1_59' title='bbox 731 1122 944 1180; x_wconf 89' lang='lat' dir='ltr'><strong>pronas</strong></span> <span class='ocrx_word' id='word_1_60' title='bbox 989 1100 1390 1182; x_wconf 85' lang='lat' dir='ltr'><strong>proripiarque</strong></span> <span class='ocrx_word' id='word_1_61' title='bbox 1435 1100 1568 1162; x_wconf 80' lang='lat' dir='ltr'><strong>vias,</strong></span> 
     </span>
     <span class='ocr_line' id='line_1_10' title="bbox 329 1203 1811 1287; baseline 0.003 -25"><span class='ocrx_word' id='word_1_62' title='bbox 329 1203 460 1262; x_wconf 88' lang='lat' dir='ltr'><strong>Non</strong></span> <span class='ocrx_word' id='word_1_63' title='bbox 508 1226 613 1283; x_wconf 86' lang='lat' dir='ltr'><strong>ego</strong></span> <span class='ocrx_word' id='word_1_64' title='bbox 656 1218 708 1263; x_wconf 90' lang='lat' dir='ltr'><strong>te</strong></span> <span class='ocrx_word' id='word_1_65' title='bbox 754 1203 982 1287; x_wconf 78' lang='lat' dir='ltr'><strong>pulsare</strong></span> <span class='ocrx_word' id='word_1_66' title='bbox 1023 1205 1218 1279; x_wconf 85' lang='lat' dir='ltr'><strong>velim,</strong></span> <span class='ocrx_word' id='word_1_67' title='bbox 1273 1207 1404 1280; x_wconf 89' lang='lat' dir='ltr'><strong>sed,</strong></span> <span class='ocrx_word' id='word_1_68' title='bbox 1452 1207 1668 1267; x_wconf 87' lang='lat' dir='ltr'><strong>venerit</strong></span> <span class='ocrx_word' id='word_1_69' title='bbox 1707 1207 1811 1267; x_wconf 84' lang='lat' dir='ltr'><strong>iste</strong></span> 
     </span>
     <span class='ocr_line' id='line_1_11' title="bbox 425 1311 1772 1396; baseline 0.002 -25"><span class='ocrx_word' id='word_1_70' title='bbox 425 1311 488 1371; x_wconf 88' lang='lat' dir='ltr'><strong>Si</strong></span> <span class='ocrx_word' id='word_1_71' title='bbox 531 1312 722 1386; x_wconf 83' lang='lat' dir='ltr'><strong>furor,</strong></span> <span class='ocrx_word' id='word_1_72' title='bbox 779 1313 1023 1396; x_wconf 87' lang='lat' dir='ltr'><strong>optarim</strong></span> <span class='ocrx_word' id='word_1_73' title='bbox 1065 1337 1183 1375; x_wconf 87' lang='lat' dir='ltr'><strong>non</strong></span> <span class='ocrx_word' id='word_1_74' title='bbox 1229 1313 1498 1374; x_wconf 90' lang='lat' dir='ltr'><strong>habuisse</strong></span> <span class='ocrx_word' id='word_1_75' title='bbox 1540 1338 1772 1376; x_wconf 88' lang='lat' dir='ltr'><strong>manus:</strong></span> 
     </span>
     <span class='ocr_line' id='line_1_12' title="bbox 273 1419 1898 1496; baseline 0.002 -17"><span class='ocrx_word' id='word_1_76' title='bbox 273 1419 463 1480; x_wconf 86' lang='lat' dir='ltr'><strong>75Nec</strong></span> <span class='ocrx_word' id='word_1_77' title='bbox 509 1444 674 1480; x_wconf 89' lang='lat' dir='ltr'><strong>saevo</strong></span> <span class='ocrx_word' id='word_1_78' title='bbox 720 1420 797 1481; x_wconf 88' lang='lat' dir='ltr'><strong>sis</strong></span> <span class='ocrx_word' id='word_1_79' title='bbox 844 1436 996 1482; x_wconf 88' lang='lat' dir='ltr'><strong>casta</strong></span> <span class='ocrx_word' id='word_1_80' title='bbox 1040 1436 1224 1496; x_wconf 88' lang='lat' dir='ltr'><strong>metu,</strong></span> <span class='ocrx_word' id='word_1_81' title='bbox 1285 1422 1387 1482; x_wconf 87' lang='lat' dir='ltr'><strong>sed</strong></span> <span class='ocrx_word' id='word_1_82' title='bbox 1429 1437 1615 1483; x_wconf 89' lang='lat' dir='ltr'><strong>mente</strong></span> <span class='ocrx_word' id='word_1_83' title='bbox 1659 1421 1841 1485; x_wconf 85' lang='lat' dir='ltr'><strong>fideli:</strong></span> <span class='ocrx_word' id='word_1_84' title='bbox 1895 1459 1898 1461; x_wconf 17' lang='grc' dir='ltr'><strong>Δ</strong></span> 
     </span>
     <span class='ocr_line' id='line_1_13' title="bbox 424 1527 1640 1591; baseline 0.002 -4"><span class='ocrx_word' id='word_1_85' title='bbox 424 1527 660 1588; x_wconf 87' lang='lat' dir='ltr'><strong>Mutuus</strong></span> <span class='ocrx_word' id='word_1_86' title='bbox 706 1528 926 1590; x_wconf 86' lang='lat' dir='ltr'><strong>absenti</strong></span> <span class='ocrx_word' id='word_1_87' title='bbox 969 1545 1022 1590; x_wconf 91' lang='lat' dir='ltr'><strong>te</strong></span> <span class='ocrx_word' id='word_1_88' title='bbox 1066 1529 1207 1590; x_wconf 88' lang='lat' dir='ltr'><strong>mihi</strong></span> <span class='ocrx_word' id='word_1_89' title='bbox 1246 1545 1426 1590; x_wconf 87' lang='lat' dir='ltr'><strong>servet</strong></span> <span class='ocrx_word' id='word_1_90' title='bbox 1466 1553 1640 1591; x_wconf 87' lang='lat' dir='ltr'><strong>amor.</strong></span> 
     </span>
     <span class='ocr_line' id='line_1_14' title="bbox 339 1635 1810 1721; baseline 0.003 -28"><span class='ocrx_word' id='word_1_91' title='bbox 339 1635 444 1708; x_wconf 89' lang='lat' dir='ltr'><strong>At,</strong></span> <span class='ocrx_word' id='word_1_92' title='bbox 504 1659 648 1718; x_wconf 87' lang='lat' dir='ltr'><strong>quae</strong></span> <span class='ocrx_word' id='word_1_93' title='bbox 690 1635 806 1697; x_wconf 87' lang='lat' dir='ltr'><strong>fida</strong></span> <span class='ocrx_word' id='word_1_94' title='bbox 845 1637 955 1697; x_wconf 82' lang='lat' dir='ltr'><strong>fuit</strong></span> <span class='ocrx_word' id='word_1_95' title='bbox 998 1637 1171 1711; x_wconf 84' lang='lat' dir='ltr'><strong>nulli,</strong></span> <span class='ocrx_word' id='word_1_96' title='bbox 1226 1652 1358 1721; x_wconf 91' lang='lat' dir='ltr'><strong>post</strong></span> <span class='ocrx_word' id='word_1_97' title='bbox 1400 1638 1540 1699; x_wconf 87' lang='lat' dir='ltr'><strong>victa</strong></span> <span class='ocrx_word' id='word_1_98' title='bbox 1587 1653 1810 1698; x_wconf 83' lang='lat' dir='ltr'><strong>senecta</strong></span> 
     </span>
     <span class='ocr_line' id='line_1_15' title="bbox 423 1743 1789 1827; baseline 0.003 -24"><span class='ocrx_word' id='word_1_99' title='bbox 423 1743 598 1803; x_wconf 83' lang='lat' dir='ltr'><strong>Ducit</strong></span> <span class='ocrx_word' id='word_1_100' title='bbox 641 1743 808 1827; x_wconf 89' lang='lat' dir='ltr'><strong>inops</strong></span> <span class='ocrx_word' id='word_1_101' title='bbox 850 1743 1093 1806; x_wconf 85' lang='lat' dir='ltr'><strong>tremula</strong></span> <span class='ocrx_word' id='word_1_102' title='bbox 1144 1746 1385 1807; x_wconf 88' lang='lat' dir='ltr'><strong>stamina</strong></span> <span class='ocrx_word' id='word_1_103' title='bbox 1429 1760 1575 1806; x_wconf 88' lang='lat' dir='ltr'><strong>torta</strong></span> <span class='ocrx_word' id='word_1_104' title='bbox 1614 1769 1789 1807; x_wconf 86' lang='lat' dir='ltr'><strong>manu</strong></span> 
     </span>
     <span class='ocr_line' id='line_1_16' title="bbox 332 1851 1604 1935; baseline 0.004 -25"><span class='ocrx_word' id='word_1_105' title='bbox 332 1851 640 1935; x_wconf 87' lang='lat' dir='ltr'><strong>Firmaque</strong></span> <span class='ocrx_word' id='word_1_106' title='bbox 673 1852 970 1914; x_wconf 87' lang='lat' dir='ltr'><strong>conductis</strong></span> <span class='ocrx_word' id='word_1_107' title='bbox 1018 1852 1266 1915; x_wconf 81' lang='lat' dir='ltr'><strong>adnectit</strong></span> <span class='ocrx_word' id='word_1_108' title='bbox 1306 1853 1436 1914; x_wconf 89' lang='lat' dir='ltr'><strong>licia</strong></span> <span class='ocrx_word' id='word_1_109' title='bbox 1480 1853 1604 1916; x_wconf 82' lang='lat' dir='ltr'><strong>telis</strong></span> 
     </span>
     <span class='ocr_line' id='line_1_17' title="bbox 272 1961 1758 2045; baseline 0.003 -26"><span class='ocrx_word' id='word_1_110' title='bbox 272 1977 333 2019; x_wconf 88' lang='grc'><strong>80</strong></span> <span class='ocrx_word' id='word_1_111' title='bbox 429 1961 749 2044; x_wconf 87' lang='lat' dir='ltr'><strong>Tractaque</strong></span> <span class='ocrx_word' id='word_1_112' title='bbox 795 1961 865 2021; x_wconf 90' lang='lat' dir='ltr'><strong>de</strong></span> <span class='ocrx_word' id='word_1_113' title='bbox 910 1961 1074 2023; x_wconf 88' lang='lat' dir='ltr'><strong>niveo</strong></span> <span class='ocrx_word' id='word_1_114' title='bbox 1118 1962 1320 2023; x_wconf 83' lang='lat' dir='ltr'><strong>vellere</strong></span> <span class='ocrx_word' id='word_1_115' title='bbox 1367 1962 1537 2023; x_wconf 92' lang='lat' dir='ltr'><strong>ducta</strong></span> <span class='ocrx_word' id='word_1_116' title='bbox 1581 1975 1758 2045; x_wconf 85' lang='lat' dir='ltr'><strong>putat.</strong></span> 
     </span>
     <span class='ocr_line' id='line_1_18' title="bbox 335 2070 1981 2156; baseline 0.002 -27"><span class='ocrx_word' id='word_1_117' title='bbox 335 2070 499 2130; x_wconf 87' lang='lat' dir='ltr'><strong>Hanc</strong></span> <span class='ocrx_word' id='word_1_118' title='bbox 547 2071 736 2131; x_wconf 89' lang='lat' dir='ltr'><strong>animo</strong></span> <span class='ocrx_word' id='word_1_119' title='bbox 785 2072 1067 2152; x_wconf 85' lang='lat' dir='ltr'><strong>gaudente</strong></span> <span class='ocrx_word' id='word_1_120' title='bbox 1100 2073 1292 2134; x_wconf 87' lang='lat' dir='ltr'><strong>vident</strong></span> <span class='ocrx_word' id='word_1_121' title='bbox 1322 2074 1702 2156; x_wconf 87' lang='lat' dir='ltr'><strong>iuvenumque</strong></span> <span class='ocrx_word' id='word_1_122' title='bbox 1730 2085 1981 2133; x_wconf 81' lang='lat' dir='ltr'><strong>catervae</strong></span> 
     </span>
     <span class='ocr_line' id='line_1_19' title="bbox 426 2180 1907 2254; baseline 0.001 -16"><span class='ocrx_word' id='word_1_123' title='bbox 426 2180 885 2240; x_wconf 85' lang='lat' dir='ltr'><strong>Commemorant</strong></span> <span class='ocrx_word' id='word_1_124' title='bbox 928 2181 1128 2241; x_wconf 88' lang='lat' dir='ltr'><strong>merito</strong></span> <span class='ocrx_word' id='word_1_125' title='bbox 1174 2196 1255 2241; x_wconf 87' lang='lat' dir='ltr'><strong>tot</strong></span> <span class='ocrx_word' id='word_1_126' title='bbox 1300 2181 1448 2242; x_wconf 88' lang='lat' dir='ltr'><strong>mala</strong></span> <span class='ocrx_word' id='word_1_127' title='bbox 1494 2182 1641 2242; x_wconf 86' lang='lat' dir='ltr'><strong>ferre</strong></span> <span class='ocrx_word' id='word_1_128' title='bbox 1685 2204 1907 2254; x_wconf 86' lang='lat' dir='ltr'><strong>senem,</strong></span> 
     </span>
     <span class='ocr_line' id='line_1_20' title="bbox 337 2287 1871 2374; baseline 0.001 -28"><span class='ocrx_word' id='word_1_129' title='bbox 337 2287 500 2347; x_wconf 91' lang='lat' dir='ltr'><strong>Hanc</strong></span> <span class='ocrx_word' id='word_1_130' title='bbox 544 2290 737 2348; x_wconf 88' lang='lat' dir='ltr'><strong>Venus</strong></span> <span class='ocrx_word' id='word_1_131' title='bbox 783 2312 848 2348; x_wconf 83' lang='lat' dir='ltr'><strong>ex</strong></span> <span class='ocrx_word' id='word_1_132' title='bbox 890 2288 1000 2348; x_wconf 90' lang='lat' dir='ltr'><strong>alto</strong></span> <span class='ocrx_word' id='word_1_133' title='bbox 1045 2288 1271 2349; x_wconf 87' lang='lat' dir='ltr'><strong>flentem</strong></span> <span class='ocrx_word' id='word_1_134' title='bbox 1316 2289 1575 2350; x_wconf 85' lang='lat' dir='ltr'><strong>sublimis</strong></span> <span class='ocrx_word' id='word_1_135' title='bbox 1620 2287 1871 2374; x_wconf 82' lang='lat' dir='ltr'>Olympo</span> 
     </span>
     <span class='ocr_line' id='line_1_21' title="bbox 425 2395 1820 2481; baseline 0.001 -26"><span class='ocrx_word' id='word_1_136' title='bbox 425 2395 654 2478; x_wconf 83' lang='lat' dir='ltr'><strong>Spectat</strong></span> <span class='ocrx_word' id='word_1_137' title='bbox 699 2411 751 2456; x_wconf 88' lang='lat' dir='ltr'><strong>et</strong></span> <span class='ocrx_word' id='word_1_138' title='bbox 795 2395 990 2457; x_wconf 86' lang='lat' dir='ltr'><strong>infidis</strong></span> <span class='ocrx_word' id='word_1_139' title='bbox 1033 2421 1201 2481; x_wconf 90' lang='lat' dir='ltr'><strong>quam</strong></span> <span class='ocrx_word' id='word_1_140' title='bbox 1250 2397 1323 2457; x_wconf 91' lang='lat' dir='ltr'><strong>sit</strong></span> <span class='ocrx_word' id='word_1_141' title='bbox 1367 2397 1571 2459; x_wconf 86' lang='lat' dir='ltr'><strong>acerba</strong></span> <span class='ocrx_word' id='word_1_142' title='bbox 1613 2411 1820 2458; x_wconf 89' lang='lat' dir='ltr'><strong>monet.</strong></span> 
     </span>
     <span class='ocr_line' id='line_1_22' title="bbox 273 2503 1982 2580; baseline 0.005 -21"><span class='ocrx_word' id='word_1_143' title='bbox 273 2505 501 2565; x_wconf 83' lang='lat' dir='ltr'><strong>85Haec</strong></span> <span class='ocrx_word' id='word_1_144' title='bbox 548 2503 672 2565; x_wconf 88' lang='lat' dir='ltr'><strong>aliis</strong></span> <span class='ocrx_word' id='word_1_145' title='bbox 717 2505 1015 2566; x_wconf 87' lang='lat' dir='ltr'><strong>maledicta</strong></span> <span class='ocrx_word' id='word_1_146' title='bbox 1061 2506 1294 2566; x_wconf 85' lang='lat' dir='ltr'><strong>cadant:</strong></span> <span class='ocrx_word' id='word_1_147' title='bbox 1358 2530 1494 2579; x_wconf 90' lang='lat' dir='ltr'><strong>nos,</strong></span> <span class='ocrx_word' id='word_1_148' title='bbox 1539 2504 1734 2580; x_wconf 79' lang='lat' dir='ltr'><strong>Delia,</strong></span> <span class='ocrx_word' id='word_1_149' title='bbox 1773 2508 1982 2570; x_wconf 87' lang='lat' dir='ltr'><strong>amoris</strong></span> 
     </span>
    </p>
   </div>
   <div class='ocr_carea' id='block_1_3' title="bbox 427 2612 1664 2699">
    <p class='ocr_par' dir='ltr' id='par_1_3' title="bbox 427 2612 1664 2699">
     <span class='ocr_line' id='line_1_23' title="bbox 427 2612 1664 2699; baseline 0.003 -28"><span class='ocrx_word' id='word_1_150' title='bbox 427 2612 760 2697; x_wconf 85' lang='lat' dir='ltr'><strong>Exemplum</strong></span> <span class='ocrx_word' id='word_1_151' title='bbox 800 2638 940 2677; x_wconf 88' lang='lat' dir='ltr'><strong>cana</strong></span> <span class='ocrx_word' id='word_1_152' title='bbox 983 2614 1159 2674; x_wconf 84' lang='lat' dir='ltr'><strong>simus</strong></span> <span class='ocrx_word' id='word_1_153' title='bbox 1205 2628 1442 2699; x_wconf 88' lang='lat' dir='ltr'><strong>uterque</strong></span> <span class='ocrx_word' id='word_1_154' title='bbox 1488 2637 1664 2675; x_wconf 62' lang='lat' dir='ltr'><strong>coma,</strong></span> 
     </span>
    </p>
   </div>
   <div class='ocr_carea' id='block_1_4' title="bbox 275 2828 1982 2973">
    <p class='ocr_par' dir='ltr' id='par_1_4' title="bbox 275 2828 1982 2973">
     <span class='ocr_line' id='line_1_24' title="bbox 392 2828 1982 2887; baseline 0.003 -17"><span class='ocrx_word' id='word_1_155' title='bbox 392 2828 446 2871; x_wconf 90' lang='lat' dir='ltr'><strong>V.</strong></span> <span class='ocrx_word' id='word_1_156' title='bbox 467 2833 540 2873; x_wconf 81' lang='lat'><strong>66.</strong></span> <span class='ocrx_word' id='word_1_157' title='bbox 579 2831 727 2885; x_wconf 79' lang='lat' dir='ltr'><strong>agit,</strong></span> <span class='ocrx_word' id='word_1_158' title='bbox 759 2836 891 2874; x_wconf 87' lang='lat' dir='ltr'><strong>recte.</strong></span> <span class='ocrx_word' id='word_1_159' title='bbox 954 2831 1074 2875; x_wconf 81' lang='lat' dir='ltr'><strong>Male</strong></span> <span class='ocrx_word' id='word_1_160' title='bbox 1106 2832 1459 2886; x_wconf 74' lang='lat' dir='ltr'><strong>ssnommusms,</strong></span> <span class='ocrx_word' id='word_1_161' title='bbox 1491 2834 1709 2887; x_wconf 62' lang='lat' dir='ltr'><strong>Vosmns,</strong></span> <span class='ocrx_word' id='word_1_162' title='bbox 1742 2834 1982 2878; x_wconf 71' lang='lat' dir='ltr'><strong>messn·</strong></span> 
     </span>
     <span class='ocr_line' id='line_1_25' title="bbox 275 2911 1861 2973; baseline 0.004 -21"><span class='ocrx_word' id='word_1_163' title='bbox 275 2922 483 2964; x_wconf 69' lang='lat' dir='ltr'><strong>melum,</strong></span> <span class='ocrx_word' id='word_1_164' title='bbox 525 2911 757 2966; x_wconf 71' lang='lat' dir='ltr'><strong>BAcmtss,</strong></span> <span class='ocrx_word' id='word_1_165' title='bbox 799 2915 1084 2956; x_wconf 67' lang='lat' dir='ltr'><strong>Gonnssnxtrs</strong></span> <span class='ocrx_word' id='word_1_166' title='bbox 1116 2927 1171 2957; x_wconf 81' lang='lat' dir='ltr'><strong>ex</strong></span> <span class='ocrx_word' id='word_1_167' title='bbox 1203 2916 1297 2957; x_wconf 83' lang='lat' dir='ltr'><strong>aliis</strong></span> <span class='ocrx_word' id='word_1_168' title='bbox 1329 2923 1467 2973; x_wconf 83' lang='lat' dir='ltr'><strong>agat,</strong></span> <span class='ocrx_word' id='word_1_169' title='bbox 1510 2916 1624 2971; x_wconf 87' lang='lat' dir='ltr'><strong>quod</strong></span> <span class='ocrx_word' id='word_1_170' title='bbox 1660 2916 1861 2959; x_wconf 75' lang='lat' dir='ltr'><strong>alienum.</strong></span> 
     </span>
    </p>
   </div>
   <div class='ocr_carea' id='block_1_5' title="bbox 275 3017 1980 3159">
    <p class='ocr_par' dir='ltr' id='par_1_5' title="bbox 275 3017 1980 3159">
     <span class='ocr_line' id='line_1_26' title="bbox 394 3017 1980 3076; baseline 0.003 -16"><span class='ocrx_word' id='word_1_171' title='bbox 394 3017 447 3060; x_wconf 82' lang='lat' dir='ltr'><strong>V.</strong></span> <span class='ocrx_word' id='word_1_172' title='bbox 467 3019 540 3060; x_wconf 77' lang='lat'><strong>71.</strong></span> <span class='ocrx_word' id='word_1_173' title='bbox 590 3017 797 3061; x_wconf 81' lang='lat' dir='ltr'><strong>Praefero</strong></span> <span class='ocrx_word' id='word_1_174' title='bbox 842 3032 939 3061; x_wconf 88' lang='lat' dir='ltr'><strong>cum</strong></span> <span class='ocrx_word' id='word_1_175' title='bbox 985 3019 1140 3063; x_wconf 71' lang='lat' dir='ltr'><strong>I‘rAms</strong></span> <span class='ocrx_word' id='word_1_176' title='bbox 1187 3025 1381 3076; x_wconf 87' lang='lat' dir='ltr'><strong>puter,</strong></span> <span class='ocrx_word' id='word_1_177' title='bbox 1441 3025 1489 3064; x_wconf 82' lang='lat' dir='ltr'><strong>ut</strong></span> <span class='ocrx_word' id='word_1_178' title='bbox 1534 3022 1604 3065; x_wconf 77' lang='lat' dir='ltr'><strong>alit</strong></span> <span class='ocrx_word' id='word_1_179' title='bbox 1654 3022 1748 3067; x_wconf 80' lang='lat' dir='ltr'><strong>viri.</strong></span> <span class='ocrx_word' id='word_1_180' title='bbox 1823 3021 1980 3064; x_wconf 74' lang='lat' dir='ltr'><strong>LAcn-</strong></span> 
     </span>
     <span class='ocr_line' id='line_1_27' title="bbox 275 3101 1789 3159; baseline 0.003 -19"><span class='ocrx_word' id='word_1_181' title='bbox 275 3111 462 3141; x_wconf 56' lang='lat' dir='ltr'><strong>nummus</strong></span> <span class='ocrx_word' id='word_1_182' title='bbox 495 3106 653 3154; x_wconf 77' lang='lat' dir='ltr'><strong>putet,</strong></span> <span class='ocrx_word' id='word_1_183' title='bbox 699 3101 813 3155; x_wconf 90' lang='lat' dir='ltr'><strong>quod</strong></span> <span class='ocrx_word' id='word_1_184' title='bbox 846 3102 1043 3143; x_wconf 76' lang='lat' dir='ltr'><strong>Puccms</strong></span> <span class='ocrx_word' id='word_1_185' title='bbox 1077 3102 1219 3144; x_wconf 83' lang='lat' dir='ltr'><strong>offert.</strong></span> <span class='ocrx_word' id='word_1_186' title='bbox 1283 3102 1404 3145; x_wconf 82' lang='lat' dir='ltr'><strong>Libri</strong></span> <span class='ocrx_word' id='word_1_187' title='bbox 1429 3110 1598 3159; x_wconf 79' lang='lat' dir='ltr'><strong>putat,</strong></span> <span class='ocrx_word' id='word_1_188' title='bbox 1635 3110 1789 3159; x_wconf 83' lang='lat' dir='ltr'><strong>putor.</strong></span> 
     </span>
    </p>
   </div>
   <div class='ocr_carea' id='block_1_6' title="bbox 275 3204 1982 3331">
    <p class='ocr_par' dir='ltr' id='par_1_6' title="bbox 275 3204 1982 3331">
     <span class='ocr_line' id='line_1_28' title="bbox 393 3204 1982 3262; baseline 0.004 -17"><span class='ocrx_word' id='word_1_189' title='bbox 393 3204 446 3247; x_wconf 80' lang='lat' dir='ltr'><strong>V.</strong></span> <span class='ocrx_word' id='word_1_190' title='bbox 471 3207 543 3245; x_wconf 80' lang='grc'><strong>86.</strong></span> <span class='ocrx_word' id='word_1_191' title='bbox 595 3204 787 3248; x_wconf 72' lang='lat' dir='ltr'><strong>simus-</strong></span> <span class='ocrx_word' id='word_1_192' title='bbox 869 3206 998 3252; x_wconf 82' lang='lat' dir='ltr'><strong>Quod</strong></span> <span class='ocrx_word' id='word_1_193' title='bbox 1043 3211 1276 3262; x_wconf 12' lang='lat' dir='ltr'><strong>*praeterea</strong></span> <span class='ocrx_word' id='word_1_194' title='bbox 1329 3204 1509 3250; x_wconf 76' lang='lat' dir='ltr'><strong>habetur</strong></span> <span class='ocrx_word' id='word_1_195' title='bbox 1557 3214 1754 3260; x_wconf 72' lang='lat' dir='ltr'><strong>stemus,</strong></span> <span class='ocrx_word' id='word_1_196' title='bbox 1813 3207 1982 3251; x_wconf 80' lang='lat' dir='ltr'><strong>videtur</strong></span> 
     </span>
     <span class='ocr_line' id='line_1_29' title="bbox 275 3285 658 3331; baseline -0.008 0"><span class='ocrx_word' id='word_1_197' title='bbox 275 3285 517 3331; x_wconf 83' lang='lat' dir='ltr'><strong>emendatio</strong></span> <span class='ocrx_word' id='word_1_198' title='bbox 549 3299 658 3329; x_wconf 83' lang='lat' dir='ltr'><strong>esse.</strong></span> 
     </span>
    </p>
   </div>
  </div>
 </body>
</html>
