2086 3756
832 236 1140 292 TIBULLI.
1713 255 1861 290 cxxv

296 381 356 436 Si
383 400 490 452 qua
518 391 659 434 metu
691 379 905 449 dempto
933 391 1071 433 casta
1102 389 1204 444 est,
1246 397 1305 429 ea
1338 377 1566 448 denique
1593 389 1731 432 casta
1757 391 1862 434 est:

371 477 547 544 Quae,
598 473 723 548 quia
758 497 867 530 non
901 479 1051 541 licet,
1101 495 1208 528 non
1246 477 1397 544 facit,
1443 478 1535 529 illa
1568 476 1710 530 facit.

300 618 571 689 Quidquid
611 628 876 683 servatur,
926 618 1164 685 cupimus
1200 620 1389 685 magis,
1435 620 1654 689 ipsaque
1691 620 1865 671 furem

368 715 514 766 Cura'
533 716 715 768 'vocat
785 714 949 765 Pauci
984 713 1126 782 quod
1164 714 1287 766 sinit
1331 717 1488 781 alter,
1536 725 1727 768 amant.

300 858 528 933 Arguet,
573 854 807 931 arguim3
858 853 1115 924 quidquid
1153 859 1343 924 probat
1379 857 1494 922 illa,
1540 859 1796 925 probat03

370 950 528 1014 Quod
569 950 730 1017 dicet,
777 950 946 1020 dicas3
997 951 1141 1022 quod
1177 963 1332 1020 negat
1367 953 1484 1018 illa,
1528 972 1702 1020 neges·

156 1070 307 1126 Talia
336 1087 451 1123 non
470 1082 621 1123 ..amat
655 1071 924 1138 Tibullus,
972 1073 1066 1141 qui
1101 1083 1161 1125 ut
1195 1074 1508 1142 plerumque
1548 1074 1704 1125 etiam
1737 1076 1871 1125 Pro-

154 1167 382 1234 pertius,
428 1166 657 1230 :naiores
710 1167 907 1220 formas
955 1170 1317 1221 membrorum
1365 1168 1514 1236 fingit
1563 1180 1615 1222 et
1666 1171 1873 1235 gravius

157 1263 426 1331 componit
456 1262 675 1315 disticha
706 1282 818 1328 sua,
854 1282 1029 1334 neque
1067 1266 1398 1332 omnigenam
1432 1267 1736 1318 varietatem
1777 1269 1874 1318 ha-

156 1362 247 1412 bet
282 1360 544 1416 structura
566 1362 998 1414 enuntiationum
1036 1362 1178 1429 apud
1211 1364 1371 1427 hunc,
1407 1362 1499 1413 sed
1533 1365 1674 1414 intra
1705 1365 1875 1416 iustos

158 1456 290 1508 fines
327 1475 382 1508 se
427 1459 675 1508 continet.
767 1455 909 1520 Quid
959 1468 1133 1509 autem
1183 1470 1262 1509 est
1310 1459 1423 1509 eius
1474 1460 1702 1510 maxime
1749 1477 1877 1526 pro-

159 1550 376 1621 prium?
417 1556 595 1616 Amat,
633 1553 726 1603 ubi
759 1571 868 1605 non
905 1573 1015 1607 una
1055 1556 1306 1608 continua
1341 1553 1620 1621 periodus,
1655 1559 1880 1623 imprimis

159 1650 419 1717 dispescat-e
451 1653 721 1699 sententiam
752 1650 938 1700 distichi
962 1654 1008 1700 in
1035 1651 1131 1700 duo
1167 1650 1380 1700 membra
1403 1668 1492 1718 per
1527 1646 1879 1720 ὃιχοτομιάν,

162 1755 249 1795 aut
281 1749 423 1794 etiam
468 1749 515 1794 in
548 1749 643 1794 tria
657 1783 672 1807 ,
725 1753 770 1794 et
813 1762 993 1795 versum
1046 1749 1199 1795 versui
1238 1754 1325 1795 aut
1366 1745 1624 1794 membrum
1671 1744 1878 1792 membro

162 1857 392 1908 opponens
427 1840 695 1889 divisionum
721 1849 765 1890 et
789 1843 1121 1909 oppositionum
1157 1858 1353 1890 nervosa
1382 1842 1686 1911 concinnitate
1721 1856 1880 1889 conse-

163 1940 323 2004 quitur
342 1920 561 2002 formam
590 1940 812 2007 orationis
849 1939 1130 2002 masculam,
1167 1942 1320 2003 vigore
1347 1942 1590 2002 insignem,
1625 1938 1716 1986 sibi
1738 1938 1882 2004 plane

158 2035 419 2099 propriam,
458 2021 615 2105 quarm
626 2011 760 2100 apud
782 2034 928 2082 alium
953 2033 1129 2082 nullum
1161 2043 1353 2101 poetam
1384 2033 1641 2096 elegiacum
1660 2035 1879 2081 invenias.

162 2125 248 2175 De
279 2111 395 2194 quo:
423 2144 563 2177 nunc
589 2115 884 2194 expiicabo.
955 2127 1191 2177 Primum
1215 2127 1374 2192 igitur
1403 2127 1475 2178 sic
1503 2127 1556 2176 in
1588 2124 1693 2176 duo
1718 2142 1881 2175 mem-

166 2220 264 2275 bra
296 2211 565 2282 'discedere
600 2214 1028 2303 so‘l‘etjdistichon
1064 2242 1163 2292 per
1204 2221 1541 2297 ὃιχοτομίαν
1580 2223 1830 2276 divisum:

308 2344 427 2409 Ipse
464 2323 875 2411 serani‘teneras
914 2351 1120 2392 maturo
1158 2352 1394 2407 tempore
1430 2341 1564 2392 vites

383 2417 653 2502 Rusticus,
701 2422 753 2488 et
788 2424 928 2489 fac'il'i
961 2436 1177 2503 grandia
1211 2455 1368 2503 poma
1406 2454 1583 2487 manu.

168 2546 297 2597 Aut:
337 2545 463 2620 Non
503 2536 634 2602 mihi
670 2547 821 2618 pigra
855 2558 1049 2599 nocent
1084 2549 1336 2599 hibernae
1374 2548 1570 2612 frigora
1606 2549 1793 2610 noctis»,

380 2619 701 2717 Nonmihiz,
749 2662 872 2718 pum
906 2645 1071 2706 multa
1108 2643 1298 2696 decidit
1333 2644 1503 2694 imber
1542 2661 1695 2711 aqua.

164 2759 256 2812 Est
290 2761 418 2812 haec
455 2762 835 2843 simplicissima
887 2766 1074 2835 forma,
1114 2766 1314 2834 ubique
1363 2762 1518 2816 obvia
1549 2764 1606 2816 in
1643 2763 1724 2813 his
1777 2781 1888 2813 car-

165 2859 413 2909 minibus.
487 2857 807 2932 Sed·potest
851 2862 1005 2931 etiam
1052 2864 1364 2914 alterutrum
1408 2861 1703 2935 membrum
1751 2878 1888 2912 nova

168 2927 649 3019 divisionediviii,
699 2965 784 3006 ut:

312 3063 455 3113 Haec
493 3073 646 3113 cantu
678 3062 937 3131 finditque
978 3064 1148 3114 solum
1186 3061 1477 3129 Manesque
1517 3064 1767 3129 sepulcris

379 3160 555 3223 Elicit,
608 3171 659 3211 et
696 3160 874 3228 tepido
918 3157 1139 3212 devocat
1174 3176 1292 3210 ossa
1322 3176 1480 3224 rog0,

168 3265 265 3315 ubi
308 3264 441 3317 duae
486 3277 610 3319 sunt
655 3269 935 3335 primariae
985 3279 1160 3335 partes
1211 3268 1527 3331 sentent-iae,
1581 3266 1728 3332 prior
1762 3281 1889 3317 vero

172 3360 230 3410 in
282 3359 387 3413 duo
443 3364 648 3416 minora
696 3375 960 3416 momenta
1015 3362 1327 3430 dispescitur
1379 3380 1475 3429 per
1533 3358 1893 3432 ὃιχοτομιάν,
