2158 3750
339 218 443 265 438
738 211 1206 266 COMMENTAR.
1240 212 1316 263 IN
1352 213 1643 264 TIBULLI

342 362 459 403 clare
503 354 622 401 vides
667 357 1008 418 contemnentem
1051 353 1095 396 in
1139 353 1298 398 affectu
1340 367 1419 399 suo
1458 367 1680 417 sermones
1704 354 1942 419 hominum.
1975 380 2036 392 --

342 444 439 485 lux
473 455 614 493 mea,
641 445 691 481 ut
716 438 827 481 infra
854 441 923 492 12,
953 441 995 482 1.
1055 439 1242 494 Saepius
1269 440 1329 492 ita
1354 420 1678 503 Propanrmu
1707 425 1906 503 Tibullus
1927 442 2036 485 alias

345 539 430 569 ιιοιι
462 523 597 578 utitur
627 521 823 565 formula.
866 500 1111 582 'Houssnptxs
1154 520 1263 573 dixit
1304 517 1509 578 γλυκερόν
1550 518 1682 573 φάος,
1727 522 1888 576 OdysS.
1916 521 2038 575 XVI,

345 610 417 650 23.
432 629 491 636 —
523 610 658 648 tunc
675 626 731 636 -—
754 603 950 646 abibit.
1003 603 1140 646 Missa
1163 603 1440 647 conditionali
1463 604 1597 649 forma
1617 581 1870 656 sententiae,
1903 601 2039 659 phau-

349 693 485 737 tasiae
516 691 660 748 puella
689 689 831 741 vivida
861 689 998 749 ipsam
1028 702 1120 734 rem
1151 690 1274 744 quasi
1305 689 1491 732 futuram
1520 690 1654 746 ponit.
1683 713 1742 724 —·-
1771 689 1826 732 V.
1860 691 1916 733 19
1944 701 2037 743 sqq.

341 775 471 828 lege
507 772 748 826 Dianae,
791 775 841 815 ut
883 771 1005 837 iubet
1043 771 1182 814 Diana
1216 775 1350 814 casta.
1411 772 1670 828 Suspicatur
1706 772 1894 815 Vossws
1923 783 2040 827 pro.-

342 856 535 899 verbium
566 856 813 909 exstitisse,
861 855 980 911 quod
1014 855 1259 918 castitatem
1290 856 1613 900 commendaret
1655 854 1956 907 venatoribus,
2004 853 2041 896 si

342 940 453 990 bene
483 938 719 990 succedere
747 938 828 991 sibi
857 939 1017 981 vellent
1044 940 1330 984 venationem.
1360 962 1422 974 --
1463 944 1651 994 tange.
1715 938 1915 986 Tueatur
1942 949 2040 979 ver-

343 1025 445 1067 bum
490 1024 586 1079 ipsa
636 1023 830 1075 adiectaz
883 1026 1044 1066 casta
1089 1035 1209 1065 man
1223 1036 1265 1065 u.
1344 1023 1558 1081 Videntur
1603 1026 1748 1077 autem
1771 1019 2042 1079 credidisse,

345 1121 457 1162 quae
487 1119 573 1151 ιιοιι
604 1111 723 1150 casta
748 1119 876 1149 manu
908 1111 1053 1148 essent
1084 1111 1202 1149 tacta
1231 1107 1368 1161 retia,
1398 1107 1538 1162 rumpi
1567 1105 1698 1161 facile
1726 1109 1770 1147 et
1799 1104 1911 1147 viam
1940 1103 2044 1146 dare

343 1192 461 1238 feris.
536 1192 663 1238 Quae
693 1190 911 1234 Hssxmus
942 1191 1125 1246 opponit
1155 1190 1374 1244 lectioni„
1400 1191 1559 1234 nullius
1596 1189 1807 1243 momenti
1845 1189 2045 1233 videntur

344 1289 454 1321 esse.
485 1298 545 1308 —
575 1275 873 1331 subrepit,
904 1288 1093 1318 amorem
1125 1274 1227 1319 mihi
1259 1275 1453 1319 debitum
1483 1274 1774 1331 intercipiens·
1834 1271 1917 1319 Est
1944 1285 2044 1316 ver-

345 1358 447 1401 bum
486 1357 766 1412 insidiarum,
819 1361 865 1400 et
902 1356 1072 1409 confert
1111 1359 1316 1402 Vum’ws
1347 1357 1830 1415 CatulL>LXXY15332
1877 1353 2047 1410 Siccine

346 1438 571 1499 subrepsti
612 1440 672 1483 mi
713 1447 850 1498 atque
881 1439 1102 1492 intestina
1138 1453 1356 1496 perurens
1386 1437 1447 1496 Ei
1475 1438 1631 1493 misero
1661 1436 1868 1496 erzfiqcisti
1899 1435 2047 1479 omnia
2123 1447 2137 1502 ;

342 1532 501 1568 nostra
543 1522 673 1570 bona.
743 1524 861 1567 Cave
902 1537 1006 1568 vero
1049 1536 1254 1579 praesens
1295 1523 1494 1580 expellas
1536 1523 1743 1579 librorum
1786 1521 2047 1573 auctoritate
2121 1507 2152 1582 ⁵⁴⁵·

343 1608 703 1652 commendatum.
766 1609 931 1651 Sensus
962 1609 1100 1652 enim:
1146 1608 1196 1650 Si
1238 1620 1324 1662 qua
1357 1620 1497 1662 nunc,
1527 1606 1631 1657 dum
1660 1606 1793 1660 abes,
1821 1604 2048 1659 insidiatur
2115 1622 2119 1623 ⁷
2150 1598 2152 1601 ’

344 1692 458 1735 forte
486 1691 624 1735 amori
654 1704 766 1734 meo.
799 1714 854 1723 —
902 1704 1107 1735 saevas
1137 1692 1320 1746 feras,
1354 1693 1494 1749 lupos.

463 1774 517 1817 V.
549 1775 727 1819 23.24.
788 1773 1010 1826 Exitus.
1072 1774 1413 1829 Redirquam
1449 1775 1703 1831 primum.
1779 1791 1782 1795 ⁴

462 1855 517 1899 V.
531 1859 588 1898 23
604 1868 668 1910 sq.
702 1857 740 1896 V
755 1869 779 1898 e
791 1869 853 1899 na
866 1869 895 1898 ιι
908 1856 960 1898 di
991 1861 1084 1899 stu
1096 1856 1123 1898 d
1137 1857 1192 1900 iu
1203 1869 1260 1900 m.
1321 1856 1609 1900 Locutionem
1627 1855 1986 1908 Rauennam
2005 1855 2050 1901 et
2136 1883 2142 1889 -

345 1939 553 1987 Vunmus
575 1941 784 1996 exemplis
805 1941 1034 1986 illustrant.
1051 1965 1111 1976 —-
1142 1957 1168 1998 p
1183 1955 1208 1984 a
1222 1956 1242 1984 r
1254 1955 1278 1985 e
1290 1955 1317 1986 n
1331 1943 1389 1985 ti.
1422 1943 1614 1991 Vossms
1638 1941 1859 1998 Sulpiciae
1880 1943 2049 1997 patrem
2127 1966 2131 1971 -

344 2022 550 2076 intelligit
580 2028 758 2078 propter
788 2036 829 2068 v.
865 2026 919 2065 11
939 2027 1048 2067 -18.
1091 2037 1212 2079 quaer
1235 2023 1459 2075 decentius
1488 2025 1551 2077 sic
1582 2024 1806 2080 dicamur,
1850 2035 1978 2078 quam
2011 2021 2046 2064 si

345 2103 541 2147 Cerintlii
583 2105 718 2160 patris
759 2119 892 2160 agros
933 2107 1127 2161 cogites,
1172 2108 1216 2150 in
1260 2121 1370 2163 quos
1414 2108 1538 2152 exire
1583 2108 1686 2160 velit
1727 2108 1885 2164 puella.
1957 2106 2048 2150 Sed

346 2199 444 2230 cum
474 2187 670 2243 Sulpicia
697 2201 737 2229 v.
771 2191 842 2232 ll.
873 2188 1015 2238 dicat:
1060 2196 1114 2230 ut
1149 2188 1312 2243 liceat,
1356 2188 1511 2244 hisque
1545 2190 1687 2233 verbis
1717 2190 1935 2245 significet
1964 2190 2046 2242 sibi

345 2283 430 2312 non
460 2271 617 2323 licere,
664 2269 741 2312 sed
774 2269 1053 2325 hypothetice
1083 2283 1131 2313 se
1161 2269 1268 2314 haec
1299 2273 1445 2319 omnia
1475 2272 1618 2326 loqui,
1663 2271 1901 2328 videsonon,
1920 2272 2048 2325 ‚mul-

346 2357 438 2395 tum
473 2351 586 2395 effici
617 2350 699 2396 hoc
729 2352 873 2397 modo.
934 2355 998 2395 Ac
1029 2353 1066 2395 si
1099 2353 1433 2407 grammaticam(
1458 2354 1762 2410 consulimus.2
1795 2361 1877 2410 tao
1907 2354 2050 2411 potius
2124 2383 2126 2394 ι

345 2435 632 2491 supplendum
671 2435 843 2478 videtur
884 2435 939 2479 ad
974 2435 1184 2492 parenti,
1222 2435 1314 2480 boc
1356 2438 1467 2489 enim
1509 2451 1639 2481 sensu
1681 2438 1929 2494 proximum
1960 2443 2049 2492 est,

346 2533 433 2564 non
463 2534 570 2566 meo.
631 2518 726 2563 Nec
757 2520 882 2564 video
915 2533 993 2563 cur
1024 2533 1108 2563 non
1142 2520 1270 2565 etlam
1298 2520 1498 2564 Cerinthi-
1523 2520 1856 2580 paterfundum
1886 2519 2046 2578 habere

346 2602 540 2658 potuerit
567 2601 642 2644 ubi
670 2602 816 2646 venari
850 2602 1013 2645 liceret.
1075 2602 1163 2648 Qui
1206 2602 1428 2657 Sulpiciae
1471 2607 1639 2661 patrem
1678 2601 1924 2662 inteliigere
1953 2615 2048 2661 mm

346 2684 530 2738 luerint,
560 2683 706 2727 dicent
734 2682 985 2734 Cerinthum
1017 2683 1130 2731 haud
1162 2683 1293 2727 dubie
1322 2689 1552 2745 receptunr
1576 2684 1711 2742 fuisse
1740 2685 1855 2747 inter
1883 2685 2044 2749 amicos
2126 2739 2128 2742 y

346 2765 515 2819 domus,
545 2771 595 2809 ut
627 2771 747 2823 patet
778 2768 910 2811 etiam
939 2781 996 2825 ex
1026 2782 1156 2829 carm.
1189 2769 1265 2822 VI,
1297 2771 1340 2813 6.
1372 2773 1503 2828 atque
1533 2770 1597 2827 ita
1624 2768 1849 2831 invitatum
1879 2782 1906 2812 a
1936 2769 2045 2812 Ser-

347 2849 418 2892 vio
459 2850 657 2905 Sulpicio
697 2849 754 2892 ad
796 2851 1082 2899 venationem.
1160 2851 1348 2894 Vossrus
1381 2851 1719 2911 nuncin-venem
1747 2838 1869 2910 >apud
1899 2851 2051 2907 Sulpi-

349 2933 462 2976 cium
494 2933 627 2976 fuisse
659 2934 790 2976 etiam
821 2947 877 2977 ex
908 2947 1039 2991 carm.
1071 2934 1192 2978 VIII.
1223 2939 1268 2978 et
1297 2935 1376 2980 IX.
1410 2935 1656 2990 concludit,
1688 2935 1762 2994 ubi
1792 2935 1876 2978 alia
1907 2935 2049 2979 omnia

347 3016 490 3070 potius
533 3015 681 3059 videas
730 3028 861 3070 quam
906 3014 1002 3060 hoc.
1041 3039 1107 3051 --
1174 3018 1230 3060 in
1282 3022 1514 3061 nostros
1575 3030 1814 3062 recurre
1872 3017 2050 3061 sinus.

347 3099 583 3156 Comparat
625 3100 842 3150 Harmas
881 3102 1082 3157 Propert.
1108 3102 1189 3156 III,
1219 3105 1295 3157 20,
1326 3106 1408 3145 1οι
1453 3101 1502 3145 in
1531 3109 1708 3145 nostros
1739 3116 1867 3145 curre
1890 3099 2051 3158 puella

347 3179 486 3234 sinus,
517 3181 872 3225 Bnoucxnusms
906 3187 951 3225 et
976 3184 1180 3228 Vunrms
1213 3189 1435 3240 apponunt
1467 3186 1600 3229 Ovm.
1632 3184 1814 3234 Heroid.
1840 3185 1939 3238 XV,
1965 3186 2050 3228 952
2136 3216 2138 3225 .

350 3263 456 3303 Hac
487 3263 593 3307 ades
623 3264 756 3324 inque
787 3265 913 3309 sinus
934 3265 1133 3325 formose
1165 3266 1358 3312 relabere
1389 3276 1577 3314 nostros,
