<?xml version="1.0" encoding="UTF-8"?>
<!DOCTYPE html PUBLIC "-//W3C//DTD XHTML 1.0 Transitional//EN"
    "http://www.w3.org/TR/xhtml1/DTD/xhtml1-transitional.dtd">
<html xmlns="http://www.w3.org/1999/xhtml" xml:lang="en" lang="en">
 <head>
  <title>
</title>
<meta http-equiv="Content-Type" content="text/html;charset=utf-8" />
  <meta name='ocr-system' content='tesseract 3.04.00' />
  <meta name='ocr-capabilities' content='ocr_page ocr_carea ocr_par ocr_line ocrx_word'/>
</head>
<body>
  <div class='ocr_page' id='page_1' title='image "./carminaexrecensi01tibuuoft_0416.png"; bbox 0 0 2158 3750; ppageno 0'>
   <div class='ocr_carea' id='block_1_1' title="bbox 305 284 1607 362">
    <p class='ocr_par' dir='ltr' id='par_1_1' title="bbox 305 284 1607 362">
     <span class='ocr_line' id='line_1_1' title="bbox 305 284 1607 362; baseline 0.002 -23"><span class='ocrx_word' id='word_1_1' title='bbox 305 290 372 340; x_wconf 70' lang='lat'>⁸4</span> <span class='ocrx_word' id='word_1_2' title='bbox 698 284 1165 362; x_wconf 69' lang='lat' dir='ltr'>COMMENTAR.</span> <span class='ocrx_word' id='word_1_3' title='bbox 1203 287 1278 341; x_wconf 88' lang='lat' dir='ltr'>lN</span> <span class='ocrx_word' id='word_1_4' title='bbox 1316 288 1607 341; x_wconf 70' lang='lat' dir='ltr'>Tlssunm</span> 
     </span>
    </p>
   </div>
   <div class='ocr_carea' id='block_1_2' title="bbox 259 431 2005 3486">
    <p class='ocr_par' dir='ltr' id='par_1_2' title="bbox 297 431 2005 1150">
     <span class='ocr_line' id='line_1_2' title="bbox 307 431 2005 492; baseline 0.002 -17"><span class='ocrx_word' id='word_1_5' title='bbox 307 433 494 476; x_wconf 79' lang='lat' dir='ltr'>assidua</span> <span class='ocrx_word' id='word_1_6' title='bbox 523 431 637 474; x_wconf 85' lang='lat' dir='ltr'>colla</span> <span class='ocrx_word' id='word_1_7' title='bbox 662 437 933 487; x_wconf 77' lang='lat' dir='ltr'>premuntur</span> <span class='ocrx_word' id='word_1_8' title='bbox 962 446 1104 492; x_wconf 82' lang='lat' dir='ltr'>aqua,</span> <span class='ocrx_word' id='word_1_9' title='bbox 1164 434 1275 480; x_wconf 81' lang='lat' dir='ltr'>Add.</span> <span class='ocrx_word' id='word_1_10' title='bbox 1315 435 1553 478; x_wconf 73' lang='lat' dir='ltr'>PROPERT.</span> <span class='ocrx_word' id='word_1_11' title='bbox 1584 435 1641 490; x_wconf 88' lang='grc' dir='ltr'>Π,</span> <span class='ocrx_word' id='word_1_12' title='bbox 1677 438 1718 490; x_wconf 85' lang='lat' dir='ltr'>l,</span> <span class='ocrx_word' id='word_1_13' title='bbox 1748 439 1806 480; x_wconf 72' lang='lat'>6⁷</span> <span class='ocrx_word' id='word_1_14' title='bbox 1821 452 1834 480; x_wconf 71' lang='grc' dir='ltr'><strong>ε</strong></span> <span class='ocrx_word' id='word_1_15' title='bbox 1866 435 2005 480; x_wconf 84' lang='lat' dir='ltr'>Dolia</span> 
     </span>
     <span class='ocr_line' id='line_1_3' title="bbox 306 511 2003 576; baseline 0 -18"><span class='ocrx_word' id='word_1_16' title='bbox 306 514 518 574; x_wconf 79' lang='lat' dir='ltr'>virgineis</span> <span class='ocrx_word' id='word_1_17' title='bbox 558 513 671 555; x_wconf 79' lang='lat' dir='ltr'>idem</span> <span class='ocrx_word' id='word_1_18' title='bbox 701 511 778 555; x_wconf 83' lang='lat' dir='ltr'>ille</span> <span class='ocrx_word' id='word_1_19' title='bbox 808 513 1044 570; x_wconf 78' lang='lat' dir='ltr'><em>repleverit</em></span> <span class='ocrx_word' id='word_1_20' title='bbox 1075 515 1226 564; x_wconf 84' lang='lat' dir='ltr'>urnis,</span> <span class='ocrx_word' id='word_1_21' title='bbox 1267 533 1321 559; x_wconf 84' lang='lat' dir='ltr'>ne</span> <span class='ocrx_word' id='word_1_22' title='bbox 1352 524 1505 558; x_wconf 81' lang='lat' dir='ltr'>tenera</span> <span class='ocrx_word' id='word_1_23' title='bbox 1533 515 1721 559; x_wconf 74' lang='lat' dir='ltr'>assidua</span> <span class='ocrx_word' id='word_1_24' title='bbox 1749 517 1865 559; x_wconf 86' lang='lat' dir='ltr'>colla</span> <span class='ocrx_word' id='word_1_25' title='bbox 1891 532 2003 576; x_wconf 82' lang='lat' dir='ltr'>gra-</span> 
     </span>
     <span class='ocr_line' id='line_1_4' title="bbox 303 595 2005 655; baseline 0.001 -15"><span class='ocrx_word' id='word_1_26' title='bbox 303 605 468 640; x_wconf 66' lang='lat' dir='ltr'>ventur</span> <span class='ocrx_word' id='word_1_27' title='bbox 508 610 647 654; x_wconf 80' lang='lat' dir='ltr'>aqua.</span> <span class='ocrx_word' id='word_1_28' title='bbox 709 596 798 642; x_wconf 84' lang='lat' dir='ltr'>Qui</span> <span class='ocrx_word' id='word_1_29' title='bbox 831 595 918 640; x_wconf 91' lang='lat' dir='ltr'>loci</span> <span class='ocrx_word' id='word_1_30' title='bbox 958 599 1063 640; x_wconf 90' lang='lat' dir='ltr'>satis</span> <span class='ocrx_word' id='word_1_31' title='bbox 1106 597 1288 654; x_wconf 88' lang='lat' dir='ltr'>probant</span> <span class='ocrx_word' id='word_1_32' title='bbox 1319 603 1441 640; x_wconf 89' lang='lat' dir='ltr'>recte</span> <span class='ocrx_word' id='word_1_33' title='bbox 1482 612 1562 641; x_wconf 90' lang='lat' dir='ltr'>nos</span> <span class='ocrx_word' id='word_1_34' title='bbox 1599 598 1818 655; x_wconf 81' lang='lat' dir='ltr'>explicare</span> <span class='ocrx_word' id='word_1_35' title='bbox 1847 599 2005 642; x_wconf 86' lang='lat' dir='ltr'>Tibul-</span> 
     </span>
     <span class='ocr_line' id='line_1_5' title="bbox 303 677 2004 736; baseline 0 -13"><span class='ocrx_word' id='word_1_36' title='bbox 303 682 406 724; x_wconf 85' lang='lat' dir='ltr'><strong>lum.</strong></span> <span class='ocrx_word' id='word_1_37' title='bbox 468 681 574 734; x_wconf 81' lang='lat' dir='ltr'>Agit</span> <span class='ocrx_word' id='word_1_38' title='bbox 603 691 707 722; x_wconf 87' lang='lat' dir='ltr'>vero</span> <span class='ocrx_word' id='word_1_39' title='bbox 747 677 819 723; x_wconf 85' lang='lat' dir='ltr'>hie</span> <span class='ocrx_word' id='word_1_40' title='bbox 847 692 986 734; x_wconf 86' lang='lat' dir='ltr'>nunc,</span> <span class='ocrx_word' id='word_1_41' title='bbox 1027 684 1076 722; x_wconf 90' lang='lat' dir='ltr'>ut</span> <span class='ocrx_word' id='word_1_42' title='bbox 1107 680 1223 734; x_wconf 84' lang='lat' dir='ltr'>dixi,</span> <span class='ocrx_word' id='word_1_43' title='bbox 1270 681 1440 724; x_wconf 89' lang='lat' dir='ltr'>leniter.</span> <span class='ocrx_word' id='word_1_44' title='bbox 1501 681 1612 723; x_wconf 90' lang='lat' dir='ltr'>Nam</span> <span class='ocrx_word' id='word_1_45' title='bbox 1649 684 1800 736; x_wconf 88' lang='lat' dir='ltr'>aperte</span> <span class='ocrx_word' id='word_1_46' title='bbox 1830 679 2004 735; x_wconf 89' lang='lat' dir='ltr'>quidem</span> 
     </span>
     <span class='ocr_line' id='line_1_6' title="bbox 303 761 2005 819; baseline -0.001 -12"><span class='ocrx_word' id='word_1_47' title='bbox 303 777 388 808; x_wconf 93' lang='lat' dir='ltr'>non</span> <span class='ocrx_word' id='word_1_48' title='bbox 429 763 647 819; x_wconf 82' lang='lat' dir='ltr'>eloquitur</span> <span class='ocrx_word' id='word_1_49' title='bbox 677 762 781 818; x_wconf 90' lang='lat' dir='ltr'>quid</span> <span class='ocrx_word' id='word_1_50' title='bbox 811 761 877 805; x_wconf 88' lang='lat' dir='ltr'>his</span> <span class='ocrx_word' id='word_1_51' title='bbox 907 764 1039 817; x_wconf 85' lang='lat' dir='ltr'>velit,</span> <span class='ocrx_word' id='word_1_52' title='bbox 1079 769 1127 806; x_wconf 90' lang='lat' dir='ltr'>ut</span> <span class='ocrx_word' id='word_1_53' title='bbox 1153 764 1196 806; x_wconf 88' lang='lat' dir='ltr'>in</span> <span class='ocrx_word' id='word_1_54' title='bbox 1229 764 1323 806; x_wconf 90' lang='lat' dir='ltr'>miti</span> <span class='ocrx_word' id='word_1_55' title='bbox 1353 761 1677 816; x_wconf 85' lang='lat' dir='ltr'><strong>cohortatione,</strong></span> <span class='ocrx_word' id='word_1_56' title='bbox 1723 762 1832 805; x_wconf 84' lang='lat' dir='ltr'>dixit</span> <span class='ocrx_word' id='word_1_57' title='bbox 1860 767 2005 806; x_wconf 87' lang='lat' dir='ltr'>tamen</span> 
     </span>
     <span class='ocr_line' id='line_1_7' title="bbox 301 843 2002 901; baseline 0 -13"><span class='ocrx_word' id='word_1_58' title='bbox 301 850 507 900; x_wconf 89' lang='lat' dir='ltr'>quantum</span> <span class='ocrx_word' id='word_1_59' title='bbox 537 844 594 887; x_wconf 90' lang='lat' dir='ltr'>ad</span> <span class='ocrx_word' id='word_1_60' title='bbox 623 843 950 899; x_wconf 86' lang='lat' dir='ltr'>intelligendum</span> <span class='ocrx_word' id='word_1_61' title='bbox 979 845 1098 890; x_wconf 75' lang='lat' dir='ltr'>satIS.</span> <span class='ocrx_word' id='word_1_62' title='bbox 1158 845 1271 890; x_wconf 85' lang='lat' dir='ltr'>Vide</span> <span class='ocrx_word' id='word_1_63' title='bbox 1303 845 1417 889; x_wconf 90' lang='lat' dir='ltr'>enim</span> <span class='ocrx_word' id='word_1_64' title='bbox 1446 858 1560 888; x_wconf 84' lang='lat' dir='ltr'>nunc</span> <span class='ocrx_word' id='word_1_65' title='bbox 1589 846 1815 901; x_wconf 85' lang='lat' dir='ltr'>sequentia</span> <span class='ocrx_word' id='word_1_66' title='bbox 1844 845 2002 888; x_wconf 82' lang='lat' dir='ltr'>verba=</span> 
     </span>
     <span class='ocr_line' id='line_1_8' title="bbox 299 926 2002 985; baseline -0.001 -14"><span class='ocrx_word' id='word_1_67' title='bbox 299 929 369 973; x_wconf 87' lang='lat' dir='ltr'>At</span> <span class='ocrx_word' id='word_1_68' title='bbox 398 932 458 970; x_wconf 86' lang='lat' dir='ltr'>tu</span> <span class='ocrx_word' id='word_1_69' title='bbox 488 931 671 981; x_wconf 80' lang='lat' dir='ltr'>casta,</span> <span class='ocrx_word' id='word_1_70' title='bbox 702 940 935 984; x_wconf 80' lang='lat' dir='ltr'><strong>precor,</strong></span> <span class='ocrx_word' id='word_1_71' title='bbox 971 939 1224 982; x_wconf 88' lang='lat' dir='ltr'>maneas,</span> <span class='ocrx_word' id='word_1_72' title='bbox 1259 941 1371 983; x_wconf 84' lang='lat' dir='ltr'>quae</span> <span class='ocrx_word' id='word_1_73' title='bbox 1400 926 1485 972; x_wconf 88' lang='lat' dir='ltr'>huc</span> <span class='ocrx_word' id='word_1_74' title='bbox 1516 929 1733 985; x_wconf 85' lang='lat' dir='ltr'>pertinent</span> <span class='ocrx_word' id='word_1_75' title='bbox 1761 926 2002 982; x_wconf 85' lang='lat' dir='ltr'>manifesto,</span> 
     </span>
     <span class='ocr_line' id='line_1_9' title="bbox 297 1011 2005 1069; baseline -0.001 -14"><span class='ocrx_word' id='word_1_76' title='bbox 297 1012 402 1055; x_wconf 89' lang='lat' dir='ltr'>licet</span> <span class='ocrx_word' id='word_1_77' title='bbox 432 1011 585 1055; x_wconf 88' lang='lat' dir='ltr'>eadem</span> <span class='ocrx_word' id='word_1_78' title='bbox 612 1011 739 1055; x_wconf 78' lang='lat' dir='ltr'>simul</span> <span class='ocrx_word' id='word_1_79' title='bbox 770 1011 825 1054; x_wconf 86' lang='lat' dir='ltr'>ad</span> <span class='ocrx_word' id='word_1_80' title='bbox 853 1012 1051 1056; x_wconf 86' lang='lat' dir='ltr'>ultimam</span> <span class='ocrx_word' id='word_1_81' title='bbox 1080 1017 1248 1069; x_wconf 84' lang='lat' dir='ltr'>partem</span> <span class='ocrx_word' id='word_1_82' title='bbox 1272 1013 1475 1056; x_wconf 77' lang='lat' dir='ltr'>carminis</span> <span class='ocrx_word' id='word_1_83' title='bbox 1499 1013 1729 1056; x_wconf 86' lang='lat' dir='ltr'>transitum</span> <span class='ocrx_word' id='word_1_84' title='bbox 1754 1011 2005 1069; x_wconf 79' lang='lat' dir='ltr'>praebeant,</span> 
     </span>
     <span class='ocr_line' id='line_1_10' title="bbox 299 1074 1101 1150; baseline -0.004 -12"><span class='ocrx_word' id='word_1_85' title='bbox 299 1108 413 1150; x_wconf 89' lang='lat' dir='ltr'>quae</span> <span class='ocrx_word' id='word_1_86' title='bbox 441 1095 535 1138; x_wconf 88' lang='lat' dir='ltr'>sola</span> <span class='ocrx_word' id='word_1_87' title='bbox 565 1094 650 1138; x_wconf 90' lang='lat' dir='ltr'>iam</span> <span class='ocrx_word' id='word_1_88' title='bbox 681 1098 818 1143; x_wconf 81' lang='lat' dir='ltr'>restat</span> <span class='ocrx_word' id='word_1_89' title='bbox 849 1074 1101 1137; x_wconf 76' lang='lat' dir='ltr'>enarranda.</span> 
     </span>
    </p>

    <p class='ocr_par' dir='ltr' id='par_1_3' title="bbox 295 1175 2003 1468">
     <span class='ocr_line' id='line_1_11' title="bbox 417 1175 2000 1235; baseline -0.001 -13"><span class='ocrx_word' id='word_1_90' title='bbox 417 1177 472 1222; x_wconf 89' lang='lat' dir='ltr'>V.</span> <span class='ocrx_word' id='word_1_91' title='bbox 504 1175 666 1219; x_wconf 82' lang='lat' dir='ltr'>83-ad</span> <span class='ocrx_word' id='word_1_92' title='bbox 708 1177 851 1220; x_wconf 88' lang='lat' dir='ltr'>finem.</span> <span class='ocrx_word' id='word_1_93' title='bbox 922 1175 1156 1231; x_wconf 38' lang='lat' dir='ltr'>Exit-us.</span> <span class='ocrx_word' id='word_1_94' title='bbox 1218 1177 1451 1221; x_wconf 88' lang='lat' dir='ltr'>Oblitus</span> <span class='ocrx_word' id='word_1_95' title='bbox 1493 1177 1816 1235; x_wconf 81' lang='lat' dir='ltr'>periculum</span> <span class='ocrx_word' id='word_1_96' title='bbox 1862 1190 2000 1221; x_wconf 86' lang='lat' dir='ltr'>mor-</span> 
     </span>
     <span class='ocr_line' id='line_1_12' title="bbox 297 1257 2003 1316; baseline 0.001 -14"><span class='ocrx_word' id='word_1_97' title='bbox 297 1259 396 1310; x_wconf 84' lang='lat' dir='ltr'>tis,</span> <span class='ocrx_word' id='word_1_98' title='bbox 425 1257 654 1301; x_wconf 88' lang='lat' dir='ltr'>reditus</span> <span class='ocrx_word' id='word_1_99' title='bbox 680 1270 838 1314; x_wconf 62' lang='lat' dir='ltr'>&gt;spem</span> <span class='ocrx_word' id='word_1_100' title='bbox 870 1259 1159 1316; x_wconf 86' lang='lat' dir='ltr'>concipit,</span> <span class='ocrx_word' id='word_1_101' title='bbox 1191 1259 1469 1315; x_wconf 88' lang='lat' dir='ltr'>illumque</span> <span class='ocrx_word' id='word_1_102' title='bbox 1499 1259 1645 1302; x_wconf 88' lang='lat' dir='ltr'>diem</span> <span class='ocrx_word' id='word_1_103' title='bbox 1671 1259 1852 1303; x_wconf 87' lang='lat' dir='ltr'>animo</span> <span class='ocrx_word' id='word_1_104' title='bbox 1875 1272 2003 1316; x_wconf 80' lang='lat' dir='ltr'>pro-</span> 
     </span>
     <span class='ocr_line' id='line_1_13' title="bbox 295 1340 1999 1398; baseline 0.001 -14"><span class='ocrx_word' id='word_1_105' title='bbox 295 1341 482 1398; x_wconf 86' lang='lat' dir='ltr'>ponit,</span> <span class='ocrx_word' id='word_1_106' title='bbox 527 1340 624 1383; x_wconf 90' lang='lat' dir='ltr'>ubi</span> <span class='ocrx_word' id='word_1_107' title='bbox 668 1341 902 1397; x_wconf 90' lang='lat' dir='ltr'>primum</span> <span class='ocrx_word' id='word_1_108' title='bbox 949 1341 1177 1384; x_wconf 83' lang='lat' dir='ltr'>intrans</span> <span class='ocrx_word' id='word_1_109' title='bbox 1223 1342 1430 1385; x_wconf 80' lang='lat' dir='ltr'>Del-iae</span> <span class='ocrx_word' id='word_1_110' title='bbox 1481 1341 1723 1396; x_wconf 90' lang='lat' dir='ltr'>domum,</span> <span class='ocrx_word' id='word_1_111' title='bbox 1772 1342 1999 1386; x_wconf 85' lang='lat' dir='ltr'>obviam</span> 
     </span>
     <span class='ocr_line' id='line_1_14' title="bbox 296 1420 1351 1468; baseline 0 0"><span class='ocrx_word' id='word_1_112' title='bbox 296 1435 414 1468; x_wconf 90' lang='lat' dir='ltr'>eam</span> <span class='ocrx_word' id='word_1_113' title='bbox 454 1428 779 1467; x_wconf 89' lang='lat' dir='ltr'>currentem</span> <span class='ocrx_word' id='word_1_114' title='bbox 821 1420 1128 1467; x_wconf 86' lang='lat' dir='ltr'>habiturus</span> <span class='ocrx_word' id='word_1_115' title='bbox 1168 1424 1260 1468; x_wconf 87' lang='lat' dir='ltr'>sit.</span> <span class='ocrx_word' id='word_1_116' title='bbox 1290 1447 1351 1457; x_wconf 92' lang='lat'><strong>—</strong></span> 
     </span>
    </p>

    <p class='ocr_par' dir='ltr' id='par_1_4' title="bbox 259 1506 1997 3486">
     <span class='ocr_line' id='line_1_15' title="bbox 414 1506 1997 1565; baseline 0.001 -13"><span class='ocrx_word' id='word_1_117' title='bbox 414 1507 470 1552; x_wconf 85' lang='lat' dir='ltr'>V.</span> <span class='ocrx_word' id='word_1_118' title='bbox 503 1511 562 1550; x_wconf 84' lang='lat'>83</span> <span class='ocrx_word' id='word_1_119' title='bbox 587 1520 680 1563; x_wconf 76' lang='lat' dir='ltr'>sqq.</span> <span class='ocrx_word' id='word_1_120' title='bbox 743 1506 1006 1550; x_wconf 88' lang='lat' dir='ltr'>Observabis</span> <span class='ocrx_word' id='word_1_121' title='bbox 1031 1507 1094 1550; x_wconf 88' lang='lat' dir='ltr'>sic</span> <span class='ocrx_word' id='word_1_122' title='bbox 1120 1507 1255 1551; x_wconf 88' lang='lat' dir='ltr'>veniri</span> <span class='ocrx_word' id='word_1_123' title='bbox 1277 1507 1331 1551; x_wconf 85' lang='lat' dir='ltr'>ab</span> <span class='ocrx_word' id='word_1_124' title='bbox 1355 1507 1639 1552; x_wconf 80' lang='lat' dir='ltr'>antecedente</span> <span class='ocrx_word' id='word_1_125' title='bbox 1666 1509 1762 1552; x_wconf 90' lang='lat' dir='ltr'>loco</span> <span class='ocrx_word' id='word_1_126' title='bbox 1788 1508 1842 1552; x_wconf 86' lang='lat' dir='ltr'>ad</span> <span class='ocrx_word' id='word_1_127' title='bbox 1869 1508 1997 1565; x_wconf 85' lang='lat' dir='ltr'>hunc,</span> 
     </span>
     <span class='ocr_line' id='line_1_16' title="bbox 289 1591 1997 1648; baseline 0.002 -14"><span class='ocrx_word' id='word_1_128' title='bbox 289 1595 340 1634; x_wconf 89' lang='lat' dir='ltr'>ut</span> <span class='ocrx_word' id='word_1_129' title='bbox 370 1591 442 1635; x_wconf 85' lang='lat' dir='ltr'>vix</span> <span class='ocrx_word' id='word_1_130' title='bbox 471 1591 834 1635; x_wconf 74' lang='lat' dir='ltr'>animadvertatur</span> <span class='ocrx_word' id='word_1_131' title='bbox 863 1591 1083 1635; x_wconf 84' lang='lat' dir='ltr'>transitus.</span> <span class='ocrx_word' id='word_1_132' title='bbox 1146 1592 1276 1638; x_wconf 80' lang='lat' dir='ltr'>Quod</span> <span class='ocrx_word' id='word_1_133' title='bbox 1309 1591 1378 1636; x_wconf 87' lang='lat' dir='ltr'>hic</span> <span class='ocrx_word' id='word_1_134' title='bbox 1408 1592 1581 1648; x_wconf 90' lang='lat' dir='ltr'>quidem</span> <span class='ocrx_word' id='word_1_135' title='bbox 1608 1593 1806 1636; x_wconf 86' lang='lat' dir='ltr'>consulto</span> <span class='ocrx_word' id='word_1_136' title='bbox 1836 1593 1997 1637; x_wconf 87' lang='lat' dir='ltr'>factum</span> 
     </span>
     <span class='ocr_line' id='line_1_17' title="bbox 290 1673 1996 1733; baseline 0.002 -17"><span class='ocrx_word' id='word_1_137' title='bbox 290 1673 480 1730; x_wconf 89' lang='lat' dir='ltr'>optime,</span> <span class='ocrx_word' id='word_1_138' title='bbox 537 1674 612 1716; x_wconf 89' lang='lat' dir='ltr'>ubi</span> <span class='ocrx_word' id='word_1_139' title='bbox 658 1674 801 1717; x_wconf 83' lang='lat' dir='ltr'>missis</span> <span class='ocrx_word' id='word_1_140' title='bbox 852 1674 1032 1718; x_wconf 84' lang='lat' dir='ltr'>infernis</span> <span class='ocrx_word' id='word_1_141' title='bbox 1084 1674 1215 1718; x_wconf 86' lang='lat' dir='ltr'>rebus</span> <span class='ocrx_word' id='word_1_142' title='bbox 1268 1675 1478 1730; x_wconf 82' lang='lat' dir='ltr'>cogitatio</span> <span class='ocrx_word' id='word_1_143' title='bbox 1530 1679 1689 1732; x_wconf 85' lang='lat' dir='ltr'>poetae</span> <span class='ocrx_word' id='word_1_144' title='bbox 1734 1677 1858 1732; x_wconf 81' lang='lat' dir='ltr'>quasi</span> <span class='ocrx_word' id='word_1_145' title='bbox 1901 1677 1996 1733; x_wconf 83' lang='lat' dir='ltr'>ipsa</span> 
     </span>
     <span class='ocr_line' id='line_1_18' title="bbox 286 1755 1995 1816; baseline 0.004 -18"><span class='ocrx_word' id='word_1_146' title='bbox 286 1756 486 1799; x_wconf 88' lang='lat' dir='ltr'>nesciens</span> <span class='ocrx_word' id='word_1_147' title='bbox 515 1755 570 1799; x_wconf 87' lang='lat' dir='ltr'>ad</span> <span class='ocrx_word' id='word_1_148' title='bbox 601 1756 716 1800; x_wconf 90' lang='lat' dir='ltr'>vitae</span> <span class='ocrx_word' id='word_1_149' title='bbox 755 1770 878 1814; x_wconf 88' lang='lat' dir='ltr'>spem</span> <span class='ocrx_word' id='word_1_150' title='bbox 909 1757 1034 1801; x_wconf 87' lang='lat' dir='ltr'>redit.</span> <span class='ocrx_word' id='word_1_151' title='bbox 1063 1782 1124 1791; x_wconf 89' lang='lat'><strong>—</strong></span> <span class='ocrx_word' id='word_1_152' title='bbox 1176 1764 1364 1813; x_wconf 87' lang='lat' dir='ltr'>casta,</span> <span class='ocrx_word' id='word_1_153' title='bbox 1408 1760 1531 1814; x_wconf 84' lang='lat' dir='ltr'>quasi</span> <span class='ocrx_word' id='word_1_154' title='bbox 1560 1760 1606 1803; x_wconf 88' lang='lat' dir='ltr'>in</span> <span class='ocrx_word' id='word_1_155' title='bbox 1635 1759 1863 1816; x_wconf 86' lang='lat' dir='ltr'>coniugio,</span> <span class='ocrx_word' id='word_1_156' title='bbox 1907 1773 1995 1805; x_wconf 90' lang='lat' dir='ltr'>uno</span> 
     </span>
     <span class='ocr_line' id='line_1_19' title="bbox 285 1841 1993 1899; baseline 0.002 -16"><span class='ocrx_word' id='word_1_157' title='bbox 285 1853 356 1884; x_wconf 92' lang='lat' dir='ltr'>me</span> <span class='ocrx_word' id='word_1_158' title='bbox 385 1841 478 1884; x_wconf 87' lang='lat' dir='ltr'>viro</span> <span class='ocrx_word' id='word_1_159' title='bbox 509 1844 724 1885; x_wconf 90' lang='lat' dir='ltr'>contenta.</span> <span class='ocrx_word' id='word_1_160' title='bbox 784 1841 867 1885; x_wconf 89' lang='lat' dir='ltr'>Est</span> <span class='ocrx_word' id='word_1_161' title='bbox 902 1844 1016 1886; x_wconf 91' lang='lat' dir='ltr'>enim</span> <span class='ocrx_word' id='word_1_162' title='bbox 1047 1843 1224 1886; x_wconf 86' lang='lat' dir='ltr'>castitas</span> <span class='ocrx_word' id='word_1_163' title='bbox 1255 1844 1573 1898; x_wconf 83' lang='lat' dir='ltr'>libertinarum,</span> <span class='ocrx_word' id='word_1_164' title='bbox 1617 1857 1730 1899; x_wconf 89' lang='lat' dir='ltr'>quae</span> <span class='ocrx_word' id='word_1_165' title='bbox 1761 1844 1834 1887; x_wconf 85' lang='lat' dir='ltr'>uni</span> <span class='ocrx_word' id='word_1_166' title='bbox 1871 1856 1993 1887; x_wconf 80' lang='lat' dir='ltr'>ama-</span> 
     </span>
     <span class='ocr_line' id='line_1_20' title="bbox 285 1925 1992 1983; baseline 0.002 -17"><span class='ocrx_word' id='word_1_167' title='bbox 285 1925 372 1967; x_wconf 88' lang='lat' dir='ltr'>tori</span> <span class='ocrx_word' id='word_1_168' title='bbox 402 1925 556 1978; x_wconf 87' lang='lat' dir='ltr'>fidelis,</span> <span class='ocrx_word' id='word_1_169' title='bbox 585 1926 704 1968; x_wconf 91' lang='lat' dir='ltr'>velut</span> <span class='ocrx_word' id='word_1_170' title='bbox 731 1925 767 1978; x_wconf 94' lang='lat' dir='ltr'>l,</span> <span class='ocrx_word' id='word_1_171' title='bbox 798 1929 840 1978; x_wconf 87' lang='lat'>6,</span> <span class='ocrx_word' id='word_1_172' title='bbox 873 1930 946 1969; x_wconf 76' lang='lat'>67.</span> <span class='ocrx_word' id='word_1_173' title='bbox 978 1948 1037 1956; x_wconf 89' lang='lat'>—</span> <span class='ocrx_word' id='word_1_174' title='bbox 1074 1927 1292 1980; x_wconf 86' lang='lat' dir='ltr'>sancti,</span> <span class='ocrx_word' id='word_1_175' title='bbox 1322 1940 1409 1969; x_wconf 92' lang='lat' dir='ltr'>non</span> <span class='ocrx_word' id='word_1_176' title='bbox 1440 1926 1706 1983; x_wconf 75' lang='lat' dir='ltr'>profanandi.</span> <span class='ocrx_word' id='word_1_177' title='bbox 1737 1950 1796 1960; x_wconf 91' lang='lat'>—</span> <span class='ocrx_word' id='word_1_178' title='bbox 1839 1939 1992 1981; x_wconf 84' lang='lat' dir='ltr'>anus,</span> 
     </span>
     <span class='ocr_line' id='line_1_21' title="bbox 285 2007 1992 2066; baseline 0.004 -17"><span class='ocrx_word' id='word_1_179' title='bbox 285 2011 424 2050; x_wconf 86' lang='lat' dir='ltr'>mater</span> <span class='ocrx_word' id='word_1_180' title='bbox 453 2008 619 2061; x_wconf 84' lang='lat' dir='ltr'>Deliae,</span> <span class='ocrx_word' id='word_1_181' title='bbox 653 2007 706 2050; x_wconf 85' lang='lat' dir='ltr'>cf.</span> <span class='ocrx_word' id='word_1_182' title='bbox 738 2008 773 2060; x_wconf 90' lang='grc' dir='ltr'>Ι,</span> <span class='ocrx_word' id='word_1_183' title='bbox 799 2011 840 2060; x_wconf 89' lang='lat'>6,</span> <span class='ocrx_word' id='word_1_184' title='bbox 872 2012 1022 2050; x_wconf 72' lang='lat'>57.—</span> <span class='ocrx_word' id='word_1_185' title='bbox 1054 2009 1207 2052; x_wconf 89' lang='lat' dir='ltr'>Haec</span> <span class='ocrx_word' id='word_1_186' title='bbox 1238 2011 1351 2052; x_wconf 88' lang='lat' dir='ltr'>tibi</span> <span class='ocrx_word' id='word_1_187' title='bbox 1382 2010 1642 2054; x_wconf 86' lang='lat' dir='ltr'>fabellas</span> <span class='ocrx_word' id='word_1_188' title='bbox 1671 2009 1912 2066; x_wconf 88' lang='lat' dir='ltr'>referat,</span> <span class='ocrx_word' id='word_1_189' title='bbox 1941 2016 1992 2055; x_wconf 87' lang='lat' dir='ltr'>ut</span> 
     </span>
     <span class='ocr_line' id='line_1_22' title="bbox 283 2091 1990 2149; baseline 0.004 -16"><span class='ocrx_word' id='word_1_190' title='bbox 283 2091 334 2133; x_wconf 91' lang='lat' dir='ltr'>fit</span> <span class='ocrx_word' id='word_1_191' title='bbox 364 2091 478 2133; x_wconf 88' lang='lat' dir='ltr'>inter</span> <span class='ocrx_word' id='word_1_192' title='bbox 504 2092 720 2145; x_wconf 89' lang='lat' dir='ltr'>mulieres,</span> <span class='ocrx_word' id='word_1_193' title='bbox 751 2091 806 2135; x_wconf 87' lang='lat' dir='ltr'>cf.</span> <span class='ocrx_word' id='word_1_194' title='bbox 828 2091 961 2135; x_wconf 81' lang='lat' dir='ltr'>Ovm.</span> <span class='ocrx_word' id='word_1_195' title='bbox 983 2093 1092 2137; x_wconf 90' lang='lat' dir='ltr'>Met.</span> <span class='ocrx_word' id='word_1_196' title='bbox 1111 2093 1188 2147; x_wconf 88' lang='lat' dir='ltr'>lv,</span> <span class='ocrx_word' id='word_1_197' title='bbox 1207 2095 1278 2136; x_wconf 88' lang='grc'>40.</span> <span class='ocrx_word' id='word_1_198' title='bbox 1311 2094 1500 2137; x_wconf 71' lang='lat' dir='ltr'>Vmcn..</span> <span class='ocrx_word' id='word_1_199' title='bbox 1527 2095 1693 2148; x_wconf 86' lang='lat' dir='ltr'>Georg.</span> <span class='ocrx_word' id='word_1_200' title='bbox 1713 2093 1792 2149; x_wconf 90' lang='lat' dir='ltr'>IV,</span> <span class='ocrx_word' id='word_1_201' title='bbox 1809 2097 1913 2139; x_wconf 84' lang='lat'>345.</span> <span class='ocrx_word' id='word_1_202' title='bbox 1931 2118 1990 2127; x_wconf 94' lang='lat'>—</span> 
     </span>
     <span class='ocr_line' id='line_1_23' title="bbox 284 2175 1988 2233; baseline 0.004 -16"><span class='ocrx_word' id='word_1_203' title='bbox 284 2190 311 2230; x_wconf 90' lang='lat' dir='ltr'>p</span> <span class='ocrx_word' id='word_1_204' title='bbox 329 2176 480 2218; x_wconf 88' lang='lat' dir='ltr'>osita</span> <span class='ocrx_word' id='word_1_205' title='bbox 510 2176 775 2230; x_wconf 88' lang='lat' dir='ltr'>lucerna,</span> <span class='ocrx_word' id='word_1_206' title='bbox 807 2175 848 2219; x_wconf 91' lang='lat' dir='ltr'>h.</span> <span class='ocrx_word' id='word_1_207' title='bbox 874 2190 911 2219; x_wconf 91' lang='lat' dir='ltr'>e.</span> <span class='ocrx_word' id='word_1_208' title='bbox 943 2178 1152 2233; x_wconf 86' lang='lat' dir='ltr'>apposita.</span> <span class='ocrx_word' id='word_1_209' title='bbox 1217 2178 1396 2222; x_wconf 84' lang='lat' dir='ltr'>Confert</span> <span class='ocrx_word' id='word_1_210' title='bbox 1420 2179 1624 2223; x_wconf 66' lang='lat' dir='ltr'>vamme</span> <span class='ocrx_word' id='word_1_211' title='bbox 1653 2179 1780 2223; x_wconf 86' lang='lat' dir='ltr'>ovid.</span> <span class='ocrx_word' id='word_1_212' title='bbox 1807 2180 1988 2223; x_wconf 89' lang='lat' dir='ltr'>Heroid.</span> 
     </span>
     <span class='ocr_line' id='line_1_24' title="bbox 281 2256 1989 2317; baseline 0.005 -18"><span class='ocrx_word' id='word_1_213' title='bbox 281 2256 405 2310; x_wconf 91' lang='lat' dir='ltr'><strong>XIX,</strong></span> <span class='ocrx_word' id='word_1_214' title='bbox 439 2261 550 2300; x_wconf 74' lang='lat'>151:</span> <span class='ocrx_word' id='word_1_215' title='bbox 594 2258 791 2300; x_wconf 77' lang='lat' dir='ltr'>sternuit</span> <span class='ocrx_word' id='word_1_216' title='bbox 828 2267 877 2300; x_wconf 84' lang='lat' dir='ltr'>et</span> <span class='ocrx_word' id='word_1_217' title='bbox 913 2258 1087 2310; x_wconf 76' lang='lat' dir='ltr'>lumen5</span> <span class='ocrx_word' id='word_1_218' title='bbox 1127 2261 1278 2317; x_wconf 78' lang='lat' dir='ltr'>posito</span> <span class='ocrx_word' id='word_1_219' title='bbox 1308 2277 1413 2311; x_wconf 77' lang='lat' dir='ltr'>nam</span> <span class='ocrx_word' id='word_1_220' title='bbox 1444 2261 1678 2305; x_wconf 76' lang='lat' dir='ltr'>scribimus</span> <span class='ocrx_word' id='word_1_221' title='bbox 1707 2262 1801 2306; x_wconf 89' lang='lat' dir='ltr'>illo.</span> <span class='ocrx_word' id='word_1_222' title='bbox 1862 2263 1989 2307; x_wconf 80' lang='lat' dir='ltr'>Adde</span> 
     </span>
     <span class='ocr_line' id='line_1_25' title="bbox 278 2339 1988 2398; baseline 0.006 -18"><span class='ocrx_word' id='word_1_223' title='bbox 278 2339 516 2381; x_wconf 68' lang='lat' dir='ltr'>Pnormvr.</span> <span class='ocrx_word' id='word_1_224' title='bbox 543 2339 601 2393; x_wconf 92' lang='lat' dir='ltr'>ll,</span> <span class='ocrx_word' id='word_1_225' title='bbox 633 2343 704 2394; x_wconf 82' lang='lat'>15,</span> <span class='ocrx_word' id='word_1_226' title='bbox 735 2343 779 2382; x_wconf 87' lang='lat'>3.</span> <span class='ocrx_word' id='word_1_227' title='bbox 854 2340 1060 2384; x_wconf 89' lang='lat' dir='ltr'>Ceterum</span> <span class='ocrx_word' id='word_1_228' title='bbox 1101 2347 1283 2398; x_wconf 88' lang='lat' dir='ltr'>apparet</span> <span class='ocrx_word' id='word_1_229' title='bbox 1325 2357 1380 2386; x_wconf 83' lang='lat' dir='ltr'>ex</span> <span class='ocrx_word' id='word_1_230' title='bbox 1412 2342 1477 2387; x_wconf 85' lang='lat' dir='ltr'>his</span> <span class='ocrx_word' id='word_1_231' title='bbox 1506 2344 1650 2388; x_wconf 85' lang='lat' dir='ltr'>verbis</span> <span class='ocrx_word' id='word_1_232' title='bbox 1679 2350 1873 2389; x_wconf 86' lang='lat' dir='ltr'>extrema</span> <span class='ocrx_word' id='word_1_233' title='bbox 1911 2360 1988 2391; x_wconf 84' lang='lat' dir='ltr'>ae-</span> 
     </span>
     <span class='ocr_line' id='line_1_26' title="bbox 278 2422 1988 2485; baseline 0.006 -22"><span class='ocrx_word' id='word_1_234' title='bbox 278 2425 393 2464; x_wconf 86' lang='lat' dir='ltr'>state</span> <span class='ocrx_word' id='word_1_235' title='bbox 435 2426 480 2464; x_wconf 90' lang='lat' dir='ltr'>et</span> <span class='ocrx_word' id='word_1_236' title='bbox 519 2422 600 2466; x_wconf 89' lang='lat' dir='ltr'>sub</span> <span class='ocrx_word' id='word_1_237' title='bbox 642 2424 861 2466; x_wconf 86' lang='lat' dir='ltr'>auctumni</span> <span class='ocrx_word' id='word_1_238' title='bbox 902 2424 1071 2466; x_wconf 89' lang='lat' dir='ltr'>initium</span> <span class='ocrx_word' id='word_1_239' title='bbox 1102 2437 1276 2468; x_wconf 86' lang='lat' dir='ltr'>carmen</span> <span class='ocrx_word' id='word_1_240' title='bbox 1307 2426 1515 2483; x_wconf 89' lang='lat' dir='ltr'>scriptum</span> <span class='ocrx_word' id='word_1_241' title='bbox 1546 2439 1667 2482; x_wconf 85' lang='lat' dir='ltr'>esse,</span> <span class='ocrx_word' id='word_1_242' title='bbox 1713 2429 1877 2485; x_wconf 77' lang='lat' dir='ltr'>optime</span> <span class='ocrx_word' id='word_1_243' title='bbox 1907 2442 1988 2473; x_wconf 88' lang='lat' dir='ltr'>no-</span> 
     </span>
     <span class='ocr_line' id='line_1_27' title="bbox 284 2506 1984 2569; baseline 0.006 -22"><span class='ocrx_word' id='word_1_244' title='bbox 284 2508 403 2548; x_wconf 89' lang='lat' dir='ltr'>tante</span> <span class='ocrx_word' id='word_1_245' title='bbox 426 2506 609 2560; x_wconf 77' lang='lat' dir='ltr'>Vossm,</span> <span class='ocrx_word' id='word_1_246' title='bbox 639 2507 713 2562; x_wconf 90' lang='lat' dir='ltr'>qui</span> <span class='ocrx_word' id='word_1_247' title='bbox 744 2509 1067 2551; x_wconf 78' lang='lat' dir='ltr'>annotationem</span> <span class='ocrx_word' id='word_1_248' title='bbox 1098 2522 1219 2552; x_wconf 88' lang='lat' dir='ltr'>suam</span> <span class='ocrx_word' id='word_1_249' title='bbox 1252 2509 1305 2553; x_wconf 89' lang='lat' dir='ltr'>ad</span> <span class='ocrx_word' id='word_1_250' title='bbox 1329 2511 1519 2555; x_wconf 69' lang='lat' dir='ltr'>Vmcn..</span> <span class='ocrx_word' id='word_1_251' title='bbox 1543 2512 1707 2566; x_wconf 86' lang='lat' dir='ltr'>Georg.</span> <span class='ocrx_word' id='word_1_252' title='bbox 1726 2513 1762 2566; x_wconf 92' lang='lat' dir='ltr'>I,</span> <span class='ocrx_word' id='word_1_253' title='bbox 1783 2514 1867 2556; x_wconf 78' lang='lat'>291</span> <span class='ocrx_word' id='word_1_254' title='bbox 1889 2525 1984 2569; x_wconf 86' lang='lat' dir='ltr'>sqq.</span> 
     </span>
     <span class='ocr_line' id='line_1_28' title="bbox 277 2589 1982 2652; baseline 0.006 -20"><span class='ocrx_word' id='word_1_255' title='bbox 277 2589 442 2633; x_wconf 86' lang='lat' dir='ltr'>laudat.</span> <span class='ocrx_word' id='word_1_256' title='bbox 505 2590 696 2647; x_wconf 89' lang='lat' dir='ltr'>Coeptos</span> <span class='ocrx_word' id='word_1_257' title='bbox 723 2590 778 2634; x_wconf 86' lang='lat' dir='ltr'>ad</span> <span class='ocrx_word' id='word_1_258' title='bbox 810 2592 970 2635; x_wconf 87' lang='lat' dir='ltr'>lumina</span> <span class='ocrx_word' id='word_1_259' title='bbox 1000 2593 1171 2636; x_wconf 87' lang='lat' dir='ltr'>labores</span> <span class='ocrx_word' id='word_1_260' title='bbox 1204 2599 1303 2651; x_wconf 88' lang='lat' dir='ltr'>post</span> <span class='ocrx_word' id='word_1_261' title='bbox 1333 2595 1585 2639; x_wconf 88' lang='lat' dir='ltr'>Volcanalia</span> <span class='ocrx_word' id='word_1_262' title='bbox 1613 2594 1654 2640; x_wconf 90' lang='lat' dir='ltr'>d.</span> <span class='ocrx_word' id='word_1_263' title='bbox 1684 2594 1851 2638; x_wconf 89' lang='lat' dir='ltr'>XXIII.</span> <span class='ocrx_word' id='word_1_264' title='bbox 1869 2597 1982 2652; x_wconf 81' lang='lat' dir='ltr'>Aug.</span> 
     </span>
     <span class='ocr_line' id='line_1_29' title="bbox 275 2674 1982 2735; baseline 0.005 -19"><span class='ocrx_word' id='word_1_265' title='bbox 275 2677 398 2727; x_wconf 83' lang='lat' dir='ltr'>acta3</span> <span class='ocrx_word' id='word_1_266' title='bbox 430 2674 585 2728; x_wconf 88' lang='lat' dir='ltr'>quodsi</span> <span class='ocrx_word' id='word_1_267' title='bbox 618 2675 739 2718; x_wconf 86' lang='lat' dir='ltr'>Maio</span> <span class='ocrx_word' id='word_1_268' title='bbox 770 2689 918 2718; x_wconf 88' lang='lat' dir='ltr'>mense</span> <span class='ocrx_word' id='word_1_269' title='bbox 950 2682 1049 2732; x_wconf 88' lang='lat' dir='ltr'>post</span> <span class='ocrx_word' id='word_1_270' title='bbox 1077 2683 1222 2721; x_wconf 91' lang='lat' dir='ltr'>ortum</span> <span class='ocrx_word' id='word_1_271' title='bbox 1253 2678 1480 2722; x_wconf 82' lang='lat' dir='ltr'>Pleiadum</span> <span class='ocrx_word' id='word_1_272' title='bbox 1510 2679 1554 2722; x_wconf 91' lang='lat' dir='ltr'>in</span> <span class='ocrx_word' id='word_1_273' title='bbox 1583 2678 1729 2722; x_wconf 86' lang='lat' dir='ltr'>Asiam</span> <span class='ocrx_word' id='word_1_274' title='bbox 1758 2678 1982 2735; x_wconf 85' lang='lat' dir='ltr'>profectus</span> 
     </span>
     <span class='ocr_line' id='line_1_30' title="bbox 274 2758 1982 2815; baseline 0.004 -15"><span class='ocrx_word' id='word_1_275' title='bbox 274 2763 392 2801; x_wconf 86' lang='lat' dir='ltr'>esset</span> <span class='ocrx_word' id='word_1_276' title='bbox 421 2758 639 2812; x_wconf 83' lang='lat' dir='ltr'>Messala,</span> <span class='ocrx_word' id='word_1_277' title='bbox 684 2771 768 2802; x_wconf 88' lang='lat' dir='ltr'>non</span> <span class='ocrx_word' id='word_1_278' title='bbox 811 2761 1005 2815; x_wconf 85' lang='lat' dir='ltr'>potuisse</span> <span class='ocrx_word' id='word_1_279' title='bbox 1045 2761 1102 2804; x_wconf 90' lang='lat' dir='ltr'>ad</span> <span class='ocrx_word' id='word_1_280' title='bbox 1131 2763 1350 2806; x_wconf 91' lang='lat' dir='ltr'>lucernam</span> <span class='ocrx_word' id='word_1_281' title='bbox 1390 2762 1614 2806; x_wconf 86' lang='lat' dir='ltr'>sedentem</span> <span class='ocrx_word' id='word_1_282' title='bbox 1644 2763 1813 2808; x_wconf 89' lang='lat' dir='ltr'>Deliam</span> <span class='ocrx_word' id='word_1_283' title='bbox 1844 2777 1870 2806; x_wconf 83' lang='lat' dir='ltr'>a</span> <span class='ocrx_word' id='word_1_284' title='bbox 1900 2763 1982 2807; x_wconf 89' lang='lat' dir='ltr'>Ti·-</span> 
     </span>
     <span class='ocr_line' id='line_1_31' title="bbox 273 2840 1981 2903; baseline 0.005 -21"><span class='ocrx_word' id='word_1_285' title='bbox 273 2840 394 2882; x_wconf 92' lang='lat' dir='ltr'>bullo</span> <span class='ocrx_word' id='word_1_286' title='bbox 422 2854 597 2884; x_wconf 89' lang='lat' dir='ltr'>reverso</span> <span class='ocrx_word' id='word_1_287' title='bbox 629 2840 905 2897; x_wconf 87' lang='lat' dir='ltr'>deprehendi.</span> <span class='ocrx_word' id='word_1_288' title='bbox 935 2861 996 2873; x_wconf 81' lang='lat'>-—-</span> <span class='ocrx_word' id='word_1_289' title='bbox 1027 2843 1228 2898; x_wconf 86' lang='lat' dir='ltr'>longa,</span> <span class='ocrx_word' id='word_1_290' title='bbox 1261 2848 1311 2887; x_wconf 91' lang='lat' dir='ltr'>ut</span> <span class='ocrx_word' id='word_1_291' title='bbox 1341 2845 1391 2887; x_wconf 89' lang='lat' dir='ltr'>fit</span> <span class='ocrx_word' id='word_1_292' title='bbox 1420 2845 1574 2888; x_wconf 86' lang='lat' dir='ltr'>sedulo</span> <span class='ocrx_word' id='word_1_293' title='bbox 1604 2845 1648 2888; x_wconf 89' lang='lat' dir='ltr'>in</span> <span class='ocrx_word' id='word_1_294' title='bbox 1680 2859 1828 2903; x_wconf 86' lang='lat' dir='ltr'>opere.</span> <span class='ocrx_word' id='word_1_295' title='bbox 1889 2847 1981 2891; x_wconf 88' lang='lat' dir='ltr'>De-</span> 
     </span>
     <span class='ocr_line' id='line_1_32' title="bbox 270 2924 1979 2986; baseline 0.005 -20"><span class='ocrx_word' id='word_1_296' title='bbox 270 2924 421 2967; x_wconf 88' lang='lat' dir='ltr'>scribit</span> <span class='ocrx_word' id='word_1_297' title='bbox 451 2926 563 2968; x_wconf 91' lang='lat' dir='ltr'>enim</span> <span class='ocrx_word' id='word_1_298' title='bbox 596 2927 764 2979; x_wconf 90' lang='lat' dir='ltr'>qualem</span> <span class='ocrx_word' id='word_1_299' title='bbox 795 2931 955 2969; x_wconf 90' lang='lat' dir='ltr'>statum</span> <span class='ocrx_word' id='word_1_300' title='bbox 990 2941 1134 2970; x_wconf 86' lang='lat' dir='ltr'>rerum</span> <span class='ocrx_word' id='word_1_301' title='bbox 1165 2926 1491 2985; x_wconf 86' lang='lat' dir='ltr'>deprehendere</span> <span class='ocrx_word' id='word_1_302' title='bbox 1533 2931 1692 2986; x_wconf 87' lang='lat' dir='ltr'>cupiat.</span> <span class='ocrx_word' id='word_1_303' title='bbox 1754 2930 1823 2974; x_wconf 90' lang='lat' dir='ltr'>Ne</span> <span class='ocrx_word' id='word_1_304' title='bbox 1853 2936 1979 2976; x_wconf 82' lang='lat' dir='ltr'>extra</span> 
     </span>
     <span class='ocr_line' id='line_1_33' title="bbox 267 3006 1978 3068; baseline 0.007 -20"><span class='ocrx_word' id='word_1_305' title='bbox 267 3006 442 3050; x_wconf 89' lang='lat' dir='ltr'>domum</span> <span class='ocrx_word' id='word_1_306' title='bbox 474 3007 531 3050; x_wconf 91' lang='lat' dir='ltr'>sit</span> <span class='ocrx_word' id='word_1_307' title='bbox 561 3008 711 3061; x_wconf 87' lang='lat' dir='ltr'>Delia,</span> <span class='ocrx_word' id='word_1_308' title='bbox 742 3009 830 3062; x_wconf 91' lang='lat' dir='ltr'>ait,</span> <span class='ocrx_word' id='word_1_309' title='bbox 861 3010 939 3052; x_wconf 92' lang='lat' dir='ltr'>sed</span> <span class='ocrx_word' id='word_1_310' title='bbox 971 3010 1208 3054; x_wconf 90' lang='lat' dir='ltr'>domestico</span> <span class='ocrx_word' id='word_1_311' title='bbox 1239 3011 1281 3054; x_wconf 90' lang='lat' dir='ltr'>in</span> <span class='ocrx_word' id='word_1_312' title='bbox 1320 3026 1455 3068; x_wconf 91' lang='lat' dir='ltr'>opere</span> <span class='ocrx_word' id='word_1_313' title='bbox 1486 3018 1531 3056; x_wconf 87' lang='lat' dir='ltr'>et</span> <span class='ocrx_word' id='word_1_314' title='bbox 1561 3026 1761 3058; x_wconf 86' lang='lat' dir='ltr'>sermone</span> <span class='ocrx_word' id='word_1_315' title='bbox 1789 3015 1978 3060; x_wconf 74' lang='lat' dir='ltr'>sedeatis</span> 
     </span>
     <span class='ocr_line' id='line_1_34' title="bbox 266 3091 1973 3157; baseline 0.006 -24"><span class='ocrx_word' id='word_1_316' title='bbox 266 3091 320 3134; x_wconf 88' lang='lat' dir='ltr'>ad</span> <span class='ocrx_word' id='word_1_317' title='bbox 354 3093 587 3146; x_wconf 90' lang='lat' dir='ltr'>lucernam,</span> <span class='ocrx_word' id='word_1_318' title='bbox 618 3093 683 3136; x_wconf 89' lang='lat' dir='ltr'>uti</span> <span class='ocrx_word' id='word_1_319' title='bbox 713 3095 855 3149; x_wconf 89' lang='lat' dir='ltr'>placet</span> <span class='ocrx_word' id='word_1_320' title='bbox 887 3095 928 3136; x_wconf 89' lang='lat' dir='ltr'>in</span> <span class='ocrx_word' id='word_1_321' title='bbox 959 3095 1223 3141; x_wconf 79' lang='lat' dir='ltr'>mulieribus,</span> <span class='ocrx_word' id='word_1_322' title='bbox 1286 3096 1501 3154; x_wconf 87' lang='lat' dir='ltr'>Compara</span> <span class='ocrx_word' id='word_1_323' title='bbox 1528 3111 1702 3142; x_wconf 83' lang='lat' dir='ltr'>suavem</span> <span class='ocrx_word' id='word_1_324' title='bbox 1735 3099 1876 3142; x_wconf 88' lang='lat' dir='ltr'>locum</span> <span class='ocrx_word' id='word_1_325' title='bbox 1903 3113 1973 3157; x_wconf 88' lang='lat' dir='ltr'>ap.</span> 
     </span>
     <span class='ocr_line' id='line_1_35' title="bbox 263 3172 1974 3234; baseline 0.008 -20"><span class='ocrx_word' id='word_1_326' title='bbox 263 3172 481 3216; x_wconf 77' lang='lat' dir='ltr'>TERENT.</span> <span class='ocrx_word' id='word_1_327' title='bbox 526 3174 825 3220; x_wconf 87' lang='lat' dir='ltr'>Heautontim.</span> <span class='ocrx_word' id='word_1_328' title='bbox 867 3176 924 3230; x_wconf 92' lang='lat' dir='ltr'>II,</span> <span class='ocrx_word' id='word_1_329' title='bbox 969 3180 1012 3231; x_wconf 87' lang='lat'>3,</span> <span class='ocrx_word' id='word_1_330' title='bbox 1048 3181 1106 3219; x_wconf 86' lang='lat'>39</span> <span class='ocrx_word' id='word_1_331' title='bbox 1141 3191 1234 3233; x_wconf 91' lang='lat' dir='ltr'>sqq.</span> <span class='ocrx_word' id='word_1_332' title='bbox 1277 3190 1533 3234; x_wconf 86' lang='lat' dir='ltr'>quamquam</span> <span class='ocrx_word' id='word_1_333' title='bbox 1576 3194 1660 3224; x_wconf 93' lang='lat' dir='ltr'>non</span> <span class='ocrx_word' id='word_1_334' title='bbox 1702 3182 1833 3225; x_wconf 90' lang='lat' dir='ltr'>credo</span> <span class='ocrx_word' id='word_1_335' title='bbox 1877 3197 1974 3228; x_wconf 92' lang='lat' dir='ltr'>cum</span> 
     </span>
     <span class='ocr_line' id='line_1_36' title="bbox 263 3231 1974 3318; baseline 0.007 -21"><span class='ocrx_word' id='word_1_336' title='bbox 263 3256 506 3298; x_wconf 75' lang='lat' dir='ltr'>Huscmsso</span> <span class='ocrx_word' id='word_1_337' title='bbox 538 3231 599 3300; x_wconf 48' lang='lat' dir='ltr'>ey}</span> <span class='ocrx_word' id='word_1_338' title='bbox 623 3259 697 3300; x_wconf 88' lang='lat' dir='ltr'>illa</span> <span class='ocrx_word' id='word_1_339' title='bbox 730 3259 956 3304; x_wconf 87' lang='lat' dir='ltr'>Menandri</span> <span class='ocrx_word' id='word_1_340' title='bbox 997 3261 1288 3318; x_wconf 85' lang='lat' dir='ltr'>descriptione</span> <span class='ocrx_word' id='word_1_341' title='bbox 1320 3263 1540 3307; x_wconf 88' lang='lat' dir='ltr'>Tibullum</span> <span class='ocrx_word' id='word_1_342' title='bbox 1572 3277 1650 3308; x_wconf 83' lang='lat' dir='ltr'>sua</span> <span class='ocrx_word' id='word_1_343' title='bbox 1680 3263 1887 3310; x_wconf 85' lang='lat' dir='ltr'>hausisse.</span> <span class='ocrx_word' id='word_1_344' title='bbox 1915 3290 1974 3300; x_wconf 89' lang='lat'>—·</span> 
     </span>
     <span class='ocr_line' id='line_1_37' title="bbox 262 3340 1970 3404; baseline 0.007 -21"><span class='ocrx_word' id='word_1_345' title='bbox 262 3340 314 3383; x_wconf 88' lang='lat' dir='ltr'>V.</span> <span class='ocrx_word' id='word_1_346' title='bbox 327 3342 388 3382; x_wconf 85' lang='grc'>’87</span> <span class='ocrx_word' id='word_1_347' title='bbox 408 3354 500 3394; x_wconf 85' lang='lat' dir='ltr'>sqq.</span> <span class='ocrx_word' id='word_1_348' title='bbox 533 3345 689 3384; x_wconf 84' lang='lat' dir='ltr'>circa</span> <span class='ocrx_word' id='word_1_349' title='bbox 717 3343 770 3386; x_wconf 89' lang='lat' dir='ltr'>de</span> <span class='ocrx_word' id='word_1_350' title='bbox 799 3345 978 3388; x_wconf 83' lang='lat' dir='ltr'>sedente</span> <span class='ocrx_word' id='word_1_351' title='bbox 1009 3359 1092 3388; x_wconf 86' lang='lat' dir='ltr'>una</span> <span class='ocrx_word' id='word_1_352' title='bbox 1116 3361 1194 3390; x_wconf 92' lang='lat' dir='ltr'>nec</span> <span class='ocrx_word' id='word_1_353' title='bbox 1223 3352 1351 3390; x_wconf 88' lang='lat' dir='ltr'>eunte</span> <span class='ocrx_word' id='word_1_354' title='bbox 1374 3348 1527 3391; x_wconf 88' lang='lat' dir='ltr'>ancilla</span> <span class='ocrx_word' id='word_1_355' title='bbox 1558 3348 1719 3392; x_wconf 90' lang='lat' dir='ltr'>dictum</span> <span class='ocrx_word' id='word_1_356' title='bbox 1745 3363 1854 3404; x_wconf 90' lang='lat' dir='ltr'>esse,</span> <span class='ocrx_word' id='word_1_357' title='bbox 1887 3364 1970 3396; x_wconf 90' lang='lat' dir='ltr'>non</span> 
     </span>
     <span class='ocr_line' id='line_1_38' title="bbox 259 3422 1963 3486; baseline 0.008 -22"><span class='ocrx_word' id='word_1_358' title='bbox 259 3422 446 3466; x_wconf 86' lang='lat' dir='ltr'>debebat</span> <span class='ocrx_word' id='word_1_359' title='bbox 479 3426 520 3467; x_wconf 92' lang='lat' dir='ltr'>in</span> <span class='ocrx_word' id='word_1_360' title='bbox 551 3431 734 3469; x_wconf 86' lang='lat' dir='ltr'>mentem</span> <span class='ocrx_word' id='word_1_361' title='bbox 769 3429 914 3471; x_wconf 74' lang='lat' dir='ltr'>venire</span> <span class='ocrx_word' id='word_1_362' title='bbox 944 3430 1155 3486; x_wconf 85' lang='lat' dir='ltr'>cuiquam.</span> <span class='ocrx_word' id='word_1_363' title='bbox 1218 3432 1359 3475; x_wconf 81' lang='lat' dir='ltr'>Recte</span> <span class='ocrx_word' id='word_1_364' title='bbox 1388 3437 1535 3477; x_wconf 85' lang='lat' dir='ltr'>monet</span> <span class='ocrx_word' id='word_1_365' title='bbox 1560 3432 1963 3478; x_wconf 68' lang='lat' dir='ltr'>Wunnnnmcmus</span> 
     </span>
    </p>
   </div>
   <div class='ocr_carea' id='block_1_3' title="bbox 2137 1170 2158 1846">
    <p class='ocr_par' dir='ltr' id='par_1_5' title="bbox 2137 1170 2158 1846">
     <span class='ocr_line' id='line_1_39' title="bbox 2146 1170 2158 1236; baseline 0 -3"><span class='ocrx_word' id='word_1_366' title='bbox 2146 1170 2158 1236; x_wconf 74' lang='grc' dir='ltr'>ἰ</span> 
     </span>
     <span class='ocr_line' id='line_1_40' title="bbox 2145 1240 2158 1427; baseline 0 0"><span class='ocrx_word' id='word_1_367' title='bbox 2145 1240 2158 1427; x_wconf 74' lang='grc' dir='ltr'>Ξ</span> 
     </span>
     <span class='ocr_line' id='line_1_41' title="bbox 2137 1438 2158 1846; baseline 0 -381"><span class='ocrx_word' id='word_1_368' title='bbox 2137 1438 2158 1846; x_wconf 56' lang='lat' dir='ltr'>i</span> 
     </span>
    </p>
   </div>
   <div class='ocr_carea' id='block_1_4' title="bbox 2140 2712 2158 3044">
    <p class='ocr_par' dir='ltr' id='par_1_6' title="bbox 2140 2712 2158 3044">
     <span class='ocr_line' id='line_1_42' title="bbox 2140 2712 2158 3044; textangle 90"><span class='ocrx_word' id='word_1_369' title='bbox 2152 3035 2158 3044; x_wconf 76' lang='lat'><em>.</em></span> <span class='ocrx_word' id='word_1_370' title='bbox 2143 3013 2154 3022; x_wconf 81' lang='lat'><strong>&lt;</strong></span> <span class='ocrx_word' id='word_1_371' title='bbox 2140 2735 2158 2958; x_wconf 53' lang='lat' dir='ltr'>-Tm-‚ssern-</span> <span class='ocrx_word' id='word_1_372' title='bbox 2146 2712 2158 2728; x_wconf 61' lang='lat' dir='ltr'><em>k</em></span> 
     </span>
    </p>
   </div>
  </div>
 </body>
</html>
