2158 3750
348 214 449 294 42'8
745 239 1213 294 COMMENTAR.
1251 241 1327 294 IN
1364 240 1651 294 TIBULLI

346 386 411 427 vis
443 386 536 442 ipsa
567 385 738 438 amoris,
772 385 843 439 qui
875 382 943 427 hic
973 384 1244 438 describitur,
1275 383 1439 426 Tibulli
1467 384 1641 438 ingenio
1669 397 1723 427 ex
1751 386 2044 439 superioribus

344 471 521 524 cognito
564 470 688 524 plane
722 468 969 522 familiaris;
1012 469 1138 510 aliter
1177 469 1475 510 Pnomfflwms
1517 472 1563 510 et
1601 468 1798 510 Ovmms
1828 467 2046 514 fecissent,

345 551 574 593 Cerinthus
609 550 782 605 quidem
824 565 922 594 cum
963 564 1049 594 non
1089 551 1272 594 auderet
1313 551 1535 606 adspirare
1577 550 1634 593 ad
1663 551 1752 592 tale
1783 550 2044 605 coniugium,

340 635 524 690 primum
566 635 756 677 timidior
787 635 919 677 fuisse
950 634 1120 677 videtur
1164 634 1302 690 (conf.
1334 634 1390 677 de
1422 634 1590 690 pudore
1619 634 1818 678 modesto
1850 633 2043 678 Cerinthi

340 731 426 760 non
462 719 588 771 ficto,
631 718 710 760 sed
752 732 855 761 vero
886 732 1017 774 supra
1047 719 1106 772 ΙΙ,
1135 722 1179 772 2,
1215 719 1341 774 10.),
1389 719 1608 774 Sulpiciae
1640 732 1742 761 vero
1777 718 1907 761 ardor
1934 718 2045 761 vivi—

339 801 434 844 dior
465 806 554 855 est,
603 806 647 844 et
677 806 800 858 patet
840 814 938 844 eam
969 802 1114 844 vivere
1145 802 1260 844 nolle
1296 802 1388 844 sine
1431 805 1574 843 amato
1606 801 1773 844 iuvene.
1835 801 1899 844 Ac
1928 800 2045 844 Vos-

337 897 431 926 ειυς
462 884 634 938 quidem
665 885 724 926 ita
756 885 1064 940 interpretatur
1097 883 1240 926 omnia
1270 884 1314 925 in
1345 882 1409 925 his
1441 882 1724 935 carminibus,
1774 885 1825 924 ut
1854 880 1956 924 nihil
1986 882 2044 924 sit

337 964 599 1019 modestius,
647 978 728 1008 nec
768 965 1060 1019 virginitatem
1102 964 1271 1006 furt1vis
1304 965 1585 1007 conventibus
1615 965 1851 1007 amantium
1880 965 2043 1007 laesam

336 1047 560 1101 concedit,
602 1047 807 1090 intactam
850 1048 1062 1101 virginem
1102 1048 1292 1089 nobilem
1334 1052 1434 1103 post
1476 1049 1648 1103 nuptias
1690 1048 1734 1090 in
1777 1047 1918 1091 mariti
1947 1061 2042 1090 am-

338 1133 492 1186 plexus
534 1133 704 1174 venisse
746 1131 1024 1174 contendens.
1103 1130 1196 1173 Sed
1241 1131 1374 1173 verba
1415 1135 1562 1174 tamen
1605 1145 1690 1174 non
1737 1133 1872 1176 semel
1917 1133 2042 1174 aliter

335 1219 488 1256 sonant
520 1228 648 1269 quam
690 1215 764 1256 ille
804 1219 962 1257 narrat.
1021 1214 1236 1257 Nimirum
1278 1227 1365 1257 non
1407 1219 1584 1258 secutus
1626 1219 1694 1257 est
1733 1214 1802 1258 hic
1841 1214 2043 1257 Tibullus

334 1298 549 1353 publicam
581 1299 856 1342 severitatem
888 1312 1083 1353 morum,
1128 1298 1490 1354 quemadmodum
1522 1300 1711 1343 Vossms
1738 1300 1918 1354 statuit,
1961 1298 2039 1342 sed

333 1380 568 1422 ardentiori
607 1382 755 1424 colore
797 1381 922 1435 ignes
963 1381 1186 1436 Sulpiciae
1229 1380 1425 1437 depinxit
1469 1385 1518 1424 ut
1553 1381 1596 1423 in
1635 1380 1784 1437 poesi,
1829 1379 2039 1424 exhibens

333 1475 417 1504 non
451 1462 639 1517 vulgaris
670 1464 842 1517 generis
874 1464 1087 1519 puellam,
1111 1444 1174 1505 *in
1207 1475 1291 1517 qua
1321 1463 1551 1517 singularis
1581 1463 1792 1518 quaedam
1821 1463 1886 1506 vis
1917 1476 2038 1506 amo—

331 1547 391 1588 ris
421 1551 598 1600 regnat,
646 1551 691 1589 et
720 1560 848 1602 quam
879 1561 964 1590 non
995 1547 1131 1604 pudet
1162 1547 1299 1590 libere
1330 1547 1518 1602 pectoris
1549 1548 1758 1602 impetum
1789 1545 1939 1600 sequi,
1987 1549 2036 1588 ut

331 1631 432 1673 olim
464 1631 714 1686 simpliciori
745 1645 853 1675 aevo
899 1632 1088 1686 factum,
1137 1633 1235 1689 puri
1276 1633 1471 1688 castique
1510 1633 1640 1676 animi
1680 1632 1763 1676 sibi
1806 1631 2039 1675 consciam.

330 1713 519 1755 Vossius
553 1714 606 1755 ad
639 1713 884 1758 historicam
915 1717 1045 1761 fidem
1077 1717 1220 1760 omnia
1257 1723 1462 1773 revocat,
1508 1717 1670 1762 oblitus
1699 1728 1786 1760 uon
1817 1713 2036 1759 historiam

331 1793 397 1838 hic
427 1793 600 1852 haberi,
642 1796 720 1840 sed
750 1799 915 1855 poesin.

767 2326 1374 2389 CARMEN
1511 2331 1591 2393 ΙΙ.

919 2736 998 2790 IN
1000 2735 1440 2795 TRODUCTIO.

316 2920 583 2994 Isalendas
624 2951 807 2995 Martias
850 2964 996 2996 sacras
1037 2954 1259 3012 festasque
1304 2957 1438 3002 fuisse
1482 2958 1689 3005 uxoribus
1728 2962 1938 3008 Romanis
1978 2969 2024 3009 et

317 3035 497 3087 puellis,
545 3035 686 3088 iisque
718 3040 810 3077 tum
851 3047 1029 3078 munera
1061 3039 1191 3080 missa
1221 3053 1247 3081 a
1278 3042 1444 3084 maritis
1482 3047 1526 3086 et
1567 3045 1809 3088 amantibus
1840 3047 2023 3090 vidimus

315 3114 370 3154 ad
401 3115 479 3168 III,
513 3118 553 3158 1.
628 3116 840 3159 Similiter
870 3130 983 3159 nunc
1015 3119 1234 3175 Sulpiciae
1267 3127 1372 3177 puta
1403 3138 1428 3166 a
1461 3125 1667 3170 Cerintho
1698 3141 1874 3173 munera
1906 3131 2018 3174 mitti

313 3196 463 3240 addito
505 3197 586 3242 hoc
627 3202 815 3242 carmine
860 3207 1031 3257 poetae.
1094 3202 1319 3248 Laudatur
1361 3207 1404 3249 in
1448 3221 1501 3251 eo
1546 3210 1819 3265 pulchritudo
1859 3214 2019 3257 eximia

314 3280 512 3334 puellae,
542 3283 586 3324 iu
616 3295 700 3336 qua
733 3285 877 3326 omnia
908 3287 1108 3340 placeant
1139 3294 1184 3331 et
1215 3303 1299 3344 qua
1333 3293 1450 3334 nulla
1479 3293 1563 3336 alia
1593 3293 1764 3349 dignior
1793 3297 1851 3339 sit
1883 3299 2014 3340 vesti-
2085 3316 2091 3327 ·

315 3362 395 3405 bus
436 3365 618 3426 aliisque
659 3369 923 3412 ornamentis
961 3372 1175 3426 pretiosis.
1238 3374 1393 3430 Neque
1437 3389 1538 3420 vero
1581 3345 1744 3422 direc‘te
1785 3380 1838 3423 ad
1879 3382 2014 3438 ipsam

2126 1089 2155 1124 'is

2118 1128 2158 1261 {f

2119 1532 2155 1580 ,ᾖ

2130 1614 2155 1631 ,Α

2131 3127 2148 3182 „2
2139 3102 2143 3106 .
2140 3086 2142 3089 -
2124 2277 2154 3076 κῇεωῌυψ
