2158 3750
316 201 399 258 32
841 194 1147 254 TIBULLI
1202 195 1342 254 LlB.
1378 196 1419 259 Ι.
1451 209 1493 254 9.

858 413 1290 467 ELEGIA
1373 413 1470 466 IX.

382 558 596 696 Quid
638 602 814 678 mihi,
876 604 921 663 si
968 604 1160 666 fueras
1203 604 1442 665 miseros
1486 604 1743 665 laesurus
1787 600 2027 685 amora,

464 711 725 775 Foedera
769 736 873 796 per
908 711 1097 787 divos,
1154 711 1297 774 clam
1342 712 1640 787 violanda,
1697 712 1917 774 dabas?

392 822 485 883 Ah
530 822 730 896 miser,
787 823 887 884 etsi
933 823 1060 906 quis
1105 823 1292 906 primo
1337 822 1588 907 periuria
1633 821 1808 896 celat,

475 933 616 993 Sera
652 946 839 993 tamen
883 932 1066 994 tacitis
1109 919 1303 993 Poena
1344 933 1496 992 venit
1537 915 1799 1016 pedibus

355 1041 656 1118 5Parcite,
714 1039 1006 1103 caelestes:
1070 1035 1314 1124 aequum
1361 1055 1444 1102 est
1484 1042 1718 1126 impune
1758 1039 1926 1102 liceie

469 1150 720 1211 Numina
763 1148 1030 1208 formosis
1071 1128 1295 1208 laedere
1336 1163 1518 1208 vestra
1562 1148 1748 1208 semel.

381 1261 568 1318 Lucra
612 1271 810 1340 petens
852 1254 1032 1317 habili
1074 1270 1267 1317 tauros
1310 1255 1571 1338 adiungit
1615 1258 1803 1318 aratro

475 1367 804 1438 Etldurum
847 1381 1028 1426 terrae
1073 1365 1318 1427 rusticus
1360 1379 1524 1446 urget
1569 1388 1749 1449 οΡιιε,

393 1477 579 1537 Lucra
620 1476 893 1557 petituras
936 1473 1081 1536 freta
1116 1498 1220 1558 per
1262 1474 1520 1558 parentia
1567 1474 1745 1535 ventis

328 1600 387 1644 10
487 1585 722 1646 Ducunt
765 1582 1056 1645 instabiles
1097 1581 1287 1643 sidera
1329 1597 1479 1643 certa
1524 1597 1671 1643 rates
1691 1585 1710 1642 τ’

395 1691 736 1751 Muneribus
778 1715 939 1751 meus
984 1706 1067 1751 est
1110 1705 1309 1774 captus
1353 1714 1509 1774 puer.
1568 1705 1623 1750 at
1668 1689 1807 1750 deus
1850 1689 1947 1750 illa

480 1801 547 1860 In
596 1801 840 1861 cinerem
885 1815 939 1861 et
973 1798 1222 1883 liquidas
1266 1822 1503 1860 munera
1542 1814 1720 1860 vertat
1764 1822 1954 1883 aquas.

392 1909 511 1967 Iam
558 1905 701 1968 mihi
742 1907 1024 1991 persolvet
1062 1931 1311 1991 poenaS‚
1369 1904 1668 1992 pulvisque
1714 1905 1976 1970 decorem

480 2013 757 2075 Detrahet
791 2030 843 2075 et
878 2015 1056 2075 ventis
1102 2014 1338 2075 horrida
1379 2016 1528 2076 faeta
1563 2038 1755 2089 coma,

331 2133 388 2179 15
404 2127 616 2184 Uretur
655 2123 859 2196 facies,
915 2138 1154 2183 urentur
1191 2123 1308 2183 sole
1355 2123 1577 2207 capilli,

482 2232 714 2290 Deteret
747 2230 1028 2290 invalidos
1073 2244 1124 2290 et
1160 2232 1249 2290 via
1292 2230 1464 2312 longa
1508 2231 1699 2314 pedes.

389 2338 682 2398 Admonui
728 2338 989 2421 quotiens
1035 2348 1207 2398 ‘auro
1251 2361 1322 2397 ne
1367 2337 1558 2421 pollue
1596 2338 1875 2399 formam:

479 2447 663 2530 Saepe
700 2444 884 2507 solent
926 2470 1066 2507 auro
1109 2443 1286 2506 multa
1323 2443 1555 2507 subesse
1591 2446 1754 2508 mala.

397 2555 626 2615 Divitiis
670 2569 867 2636 captus
907 2554 1084 2636 siquis
1123 2553 1349 2613 violavit
1390 2579 1673 2627 amorem,

333 2674 393 2716 20
488 2661 820 2744 Asperaque
862 2675 944 2720 est
978 2660 1060 2720 illi
1103 2660 1472 2744 difficilisque
1515 2665 1726 2721 Venus,

403 2771 520 2827 Ure
563 2791 752 2827 meum
796 2767 985 2850 potius
1030 2766 1258 2828 flamma
1303 2783 1470 2851 eaput
1510 2783 1563 2828 et
1605 2783 1730 2851 pete
1774 2767 1926 2836 ferro

494 2877 714 2959 Corpus
762 2890 813 2935 et
854 2876 1064 2936 intorto
1103 2876 1334 2936 verbere
1377 2891 1532 2958 terga
1579 2900 1722 2938 seca.

455 3127 509 3170 V.
535 3131 603 3170 13.
650 3130 950 3183 persolvet
995 3129 1092 3172 libri
1135 3130 1296 3186 optimi.
1359 3131 1581 3173 Puccnss:
1627 3131 1734 3184 „vel
1771 3129 2039 3187 persolves?

337 3209 402 3251 lta
426 3209 583 3251 Annos
618 3211 749 3253 1502,
813 3211 913 3255 Quo
944 3223 1029 3254 non
1055 3224 1189 3268 opus,
1222 3212 1323 3255 licet
1351 3212 1595 3269 receperint
1616 3212 1807 3257 Vossius
1834 3217 1879 3256 et
1896 3212 2040 3257 wrm-

338 3304 618 3335 nssnucmus
654 3297 698 3335 et
728 3292 943 3335 Bscmus.
