<?xml version="1.0" encoding="UTF-8"?>
<!DOCTYPE html PUBLIC "-//W3C//DTD XHTML 1.0 Transitional//EN"
    "http://www.w3.org/TR/xhtml1/DTD/xhtml1-transitional.dtd">
<html xmlns="http://www.w3.org/1999/xhtml" xml:lang="en" lang="en">
 <head>
  <title>
</title>
<meta http-equiv="Content-Type" content="text/html;charset=utf-8" />
  <meta name='ocr-system' content='tesseract 3.04.00' />
  <meta name='ocr-capabilities' content='ocr_page ocr_carea ocr_par ocr_line ocrx_word'/>
</head>
<body>
  <div class='ocr_page' id='page_1' title='image "./carminaexrecensi01tibuuoft_0161.png"; bbox 0 0 2086 3756; ppageno 0'>
   <div class='ocr_carea' id='block_1_1' title="bbox 844 198 1860 256">
    <p class='ocr_par' dir='ltr' id='par_1_1' title="bbox 844 198 1860 256">
     <span class='ocr_line' id='line_1_1' title="bbox 844 198 1860 256; baseline 0.005 -5"><span class='ocrx_word' id='word_1_1' title='bbox 844 198 1150 254; x_wconf 86' lang='lat' dir='ltr'><strong>TIBULLI.</strong></span> <span class='ocrx_word' id='word_1_2' title='bbox 1764 220 1860 256; x_wconf 62' lang='grc' dir='ltr'><strong>(τιν</strong></span> 
     </span>
    </p>
   </div>
   <div class='ocr_carea' id='block_1_2' title="bbox 290 335 1644 691">
    <p class='ocr_par' dir='ltr' id='par_1_2' title="bbox 290 335 1644 691">
     <span class='ocr_line' id='line_1_2' title="bbox 297 335 1525 409; baseline 0.002 -19"><span class='ocrx_word' id='word_1_3' title='bbox 297 341 390 390; x_wconf 88' lang='lat' dir='ltr'><strong>IIIa</strong></span> <span class='ocrx_word' id='word_1_4' title='bbox 425 339 557 391; x_wconf 89' lang='lat' dir='ltr'><strong>mihi</strong></span> <span class='ocrx_word' id='word_1_5' title='bbox 590 349 764 391; x_wconf 82' lang='lat' dir='ltr'><strong>sancta</strong></span> <span class='ocrx_word' id='word_1_6' title='bbox 801 349 904 405; x_wconf 89' lang='lat' dir='ltr'><strong>est,</strong></span> <span class='ocrx_word' id='word_1_7' title='bbox 955 343 1074 391; x_wconf 68' lang='lat' dir='ltr'><strong>Hlius</strong></span> <span class='ocrx_word' id='word_1_8' title='bbox 1108 339 1248 392; x_wconf 89' lang='lat' dir='ltr'><strong>dona</strong></span> <span class='ocrx_word' id='word_1_9' title='bbox 1284 335 1525 409; x_wconf 79' lang='lat' dir='ltr'><strong>sepulcro</strong></span> 
     </span>
     <span class='ocr_line' id='line_1_3' title="bbox 366 433 1637 499; baseline 0.002 -15"><span class='ocrx_word' id='word_1_10' title='bbox 366 435 434 485; x_wconf 91' lang='lat' dir='ltr'><strong>Et</strong></span> <span class='ocrx_word' id='word_1_11' title='bbox 467 433 753 486; x_wconf 86' lang='lat' dir='ltr'><strong>madefacta</strong></span> <span class='ocrx_word' id='word_1_12' title='bbox 787 434 915 484; x_wconf 89' lang='lat' dir='ltr'><strong>meis</strong></span> <span class='ocrx_word' id='word_1_13' title='bbox 953 445 1090 485; x_wconf 88' lang='lat' dir='ltr'><strong>serta</strong></span> <span class='ocrx_word' id='word_1_14' title='bbox 1128 436 1296 486; x_wconf 86' lang='lat' dir='ltr'><strong>feram</strong></span> <span class='ocrx_word' id='word_1_15' title='bbox 1331 436 1595 499; x_wconf 69' lang='lat' dir='ltr'><strong>lacrimis,&#39;</strong></span> <span class='ocrx_word' id='word_1_16' title='bbox 1633 446 1637 449; x_wconf 76' lang='grc'><em>“</em></span> 
     </span>
     <span class='ocr_line' id='line_1_4' title="bbox 290 527 1644 599; baseline 0.003 -22"><span class='ocrx_word' id='word_1_17' title='bbox 290 529 421 578; x_wconf 78' lang='lat' dir='ltr'><strong>Illius</strong></span> <span class='ocrx_word' id='word_1_18' title='bbox 455 527 520 578; x_wconf 87' lang='lat' dir='ltr'><strong>ad</strong></span> <span class='ocrx_word' id='word_1_19' title='bbox 557 529 815 578; x_wconf 84' lang='lat' dir='ltr'><strong>tumulum</strong></span> <span class='ocrx_word' id='word_1_20' title='bbox 851 528 1046 593; x_wconf 85' lang='lat' dir='ltr'><strong>fugiam</strong></span> <span class='ocrx_word' id='word_1_21' title='bbox 1084 529 1644 599; x_wconf 83' lang='lat' dir='ltr'><strong>supplexque’se&#39;debo</strong></span> 
     </span>
     <span class='ocr_line' id='line_1_5' title="bbox 360 621 1528 691; baseline 0.004 -21"><span class='ocrx_word' id='word_1_22' title='bbox 360 621 431 672; x_wconf 88' lang='lat' dir='ltr'><strong>Et</strong></span> <span class='ocrx_word' id='word_1_23' title='bbox 463 638 581 670; x_wconf 89' lang='lat' dir='ltr'><strong>mea</strong></span> <span class='ocrx_word' id='word_1_24' title='bbox 617 638 737 691; x_wconf 83' lang='lat' dir='ltr'><strong>cum</strong></span> <span class='ocrx_word' id='word_1_25' title='bbox 770 630 919 672; x_wconf 90' lang='lat' dir='ltr'><strong>muto</strong></span> <span class='ocrx_word' id='word_1_26' title='bbox 959 622 1067 673; x_wconf 84' lang='lat' dir='ltr'><strong>fata</strong></span> <span class='ocrx_word' id='word_1_27' title='bbox 1103 641 1298 691; x_wconf 88' lang='lat' dir='ltr'><strong>querar</strong></span> <span class='ocrx_word' id='word_1_28' title='bbox 1335 626 1528 676; x_wconf 89' lang='lat' dir='ltr'><strong>cinere.</strong></span> 
     </span>
    </p>
   </div>
   <div class='ocr_carea' id='block_1_3' title="bbox 949 716 1070 726">
    <p class='ocr_par' dir='ltr' id='par_1_3' title="bbox 949 716 1070 726">
     <span class='ocr_line' id='line_1_6' title="bbox 949 716 1070 726; baseline 0 0"><span class='ocrx_word' id='word_1_29' title='bbox 949 716 1070 726; x_wconf 76' lang='lat'><strong>——-</strong></span> 
     </span>
    </p>
   </div>
   <div class='ocr_carea' id='block_1_4' title="bbox 154 759 1869 1756">
    <p class='ocr_par' dir='ltr' id='par_1_4' title="bbox 154 759 1869 1756">
     <span class='ocr_line' id='line_1_7' title="bbox 290 759 1702 833; baseline 0.008 -26"><span class='ocrx_word' id='word_1_30' title='bbox 290 760 488 826; x_wconf 85' lang='lat' dir='ltr'><strong><em>Pauper</em></strong></span> <span class='ocrx_word' id='word_1_31' title='bbox 528 759 627 810; x_wconf 88' lang='lat' dir='ltr'><strong>erit</strong></span> <span class='ocrx_word' id='word_1_32' title='bbox 659 770 871 826; x_wconf 88' lang='lat' dir='ltr'><strong>praesto</strong></span> <span class='ocrx_word' id='word_1_33' title='bbox 906 761 1004 811; x_wconf 91' lang='lat' dir='ltr'><strong>tibi</strong></span> <span class='ocrx_word' id='word_1_34' title='bbox 1040 779 1272 828; x_wconf 84' lang='lat' dir='ltr'><strong>semper,</strong></span> <span class='ocrx_word' id='word_1_35' title='bbox 1317 783 1504 833; x_wconf 81' lang='lat' dir='ltr'><strong>pauper</strong></span> <span class='ocrx_word' id='word_1_36' title='bbox 1539 765 1702 818; x_wconf 84' lang='lat' dir='ltr'><strong>adibit</strong></span> 
     </span>
     <span class='ocr_line' id='line_1_8' title="bbox 363 835 1672 922; baseline 0.005 -20"><span class='ocrx_word' id='word_1_37' title='bbox 363 854 572 903; x_wconf 87' lang='lat' dir='ltr'><strong>Primus</strong></span> <span class='ocrx_word' id='word_1_38' title='bbox 611 865 662 904; x_wconf 88' lang='lat' dir='ltr'><strong>et</strong></span> <span class='ocrx_word' id='word_1_39' title='bbox 692 854 751 904; x_wconf 90' lang='lat' dir='ltr'><strong>in</strong></span> <span class='ocrx_word' id='word_1_40' title='bbox 782 865 966 906; x_wconf 90' lang='lat' dir='ltr'><strong>tenero</strong></span> <span class='ocrx_word' id='word_1_41' title='bbox 1005 854 1142 909; x_wconf 79' lang='lat' dir='ltr'><strong>fixus</strong></span> <span class='ocrx_word' id='word_1_42' title='bbox 1180 856 1280 906; x_wconf 85' lang='lat' dir='ltr'><strong>erit</strong></span> <span class='ocrx_word' id='word_1_43' title='bbox 1313 860 1478 908; x_wconf 88' lang='lat' dir='ltr'><strong>latere</strong></span> <span class='ocrx_word' id='word_1_44' title='bbox 1497 895 1512 922; x_wconf 89' lang='lat'>‚</span> <span class='ocrx_word' id='word_1_45' title='bbox 1670 835 1672 840; x_wconf 95' lang='lat'>.</span> 
     </span>
     <span class='ocr_line' id='line_1_9' title="bbox 295 946 1694 1017; baseline 0.006 -23"><span class='ocrx_word' id='word_1_46' title='bbox 295 946 494 1013; x_wconf 84' lang='lat' dir='ltr'><strong><em>Pauper</em></strong></span> <span class='ocrx_word' id='word_1_47' title='bbox 528 947 585 996; x_wconf 90' lang='lat' dir='ltr'><strong>in</strong></span> <span class='ocrx_word' id='word_1_48' title='bbox 624 958 844 1013; x_wconf 86' lang='lat' dir='ltr'><strong>angusto</strong></span> <span class='ocrx_word' id='word_1_49' title='bbox 881 947 1016 1000; x_wconf 85' lang='lat' dir='ltr'><strong>fidus</strong></span> <span class='ocrx_word' id='word_1_50' title='bbox 1056 964 1228 1002; x_wconf 90' lang='lat' dir='ltr'><strong>comes</strong></span> <span class='ocrx_word' id='word_1_51' title='bbox 1269 951 1470 1017; x_wconf 84' lang='lat' dir='ltr'><strong>agmine</strong></span> <span class='ocrx_word' id='word_1_52' title='bbox 1508 955 1694 1003; x_wconf 81' lang='lat' dir='ltr'><strong>turbae</strong></span> 
     </span>
     <span class='ocr_line' id='line_1_10' title="bbox 364 1040 1476 1122; baseline 0.005 -32"><span class='ocrx_word' id='word_1_53' title='bbox 364 1040 720 1111; x_wconf 87' lang='lat' dir='ltr'><strong>Subiicietque</strong></span> <span class='ocrx_word' id='word_1_54' title='bbox 756 1061 955 1118; x_wconf 60' lang='lat' dir='ltr'><strong>manuss</strong></span> <span class='ocrx_word' id='word_1_55' title='bbox 966 1115 971 1118; x_wconf 14' lang='grc' dir='ltr'><strong>ρ</strong></span> <span class='ocrx_word' id='word_1_56' title='bbox 982 1044 1274 1122; x_wconf 74' lang='lat' dir='ltr'><strong>efficietque</strong></span> <span class='ocrx_word' id='word_1_57' title='bbox 1309 1047 1448 1099; x_wconf 84' lang='lat' dir='ltr'><strong>viam</strong></span> <span class='ocrx_word' id='word_1_58' title='bbox 1462 1082 1476 1109; x_wconf 85' lang='lat'><em>,</em></span> 
     </span>
     <span class='ocr_line' id='line_1_11' title="bbox 300 1134 1588 1214; baseline 0.005 -31"><span class='ocrx_word' id='word_1_59' title='bbox 300 1134 501 1202; x_wconf 85' lang='lat' dir='ltr'><strong>Pauper</strong></span> <span class='ocrx_word' id='word_1_60' title='bbox 536 1134 603 1185; x_wconf 88' lang='lat' dir='ltr'><strong>ad</strong></span> <span class='ocrx_word' id='word_1_61' title='bbox 641 1139 872 1212; x_wconf 81' lang='lat' dir='ltr'><strong>occultos</strong></span> <span class='ocrx_word' id='word_1_62' title='bbox 900 1137 1093 1214; x_wconf 64' lang='lat' dir='ltr'><strong>,.f}¹}&#39;fim</strong></span> <span class='ocrx_word' id='word_1_63' title='bbox 1134 1137 1355 1190; x_wconf 86' lang='lat' dir='ltr'><strong>deducet</strong></span> <span class='ocrx_word' id='word_1_64' title='bbox 1396 1140 1588 1190; x_wconf 88' lang='lat' dir='ltr'><strong>amicos</strong></span> 
     </span>
     <span class='ocr_line' id='line_1_12' title="bbox 366 1228 1571 1307; baseline 0.003 -29"><span class='ocrx_word' id='word_1_65' title='bbox 366 1228 666 1298; x_wconf 86' lang='lat' dir='ltr'><strong>Vinctaque</strong></span> <span class='ocrx_word' id='word_1_66' title='bbox 703 1230 767 1281; x_wconf 90' lang='lat' dir='ltr'><strong>de</strong></span> <span class='ocrx_word' id='word_1_67' title='bbox 799 1231 959 1292; x_wconf 79' lang='lat' dir='ltr'><strong>niveo</strong></span> <span class='ocrx_word' id='word_1_68' title='bbox 993 1229 1234 1305; x_wconf 79' lang='lat' dir='ltr'><strong>detrahet</strong></span> <span class='ocrx_word' id='word_1_69' title='bbox 1266 1233 1380 1299; x_wconf 89' lang='lat' dir='ltr'><strong>ipse</strong></span> <span class='ocrx_word' id='word_1_70' title='bbox 1416 1230 1571 1307; x_wconf 82' lang='lat' dir='ltr'><strong>pede.</strong></span> 
     </span>
     <span class='ocr_line' id='line_1_13' title="bbox 157 1318 1869 1397; baseline 0.002 -27"><span class='ocrx_word' id='word_1_71' title='bbox 157 1318 496 1373; x_wconf 80' lang='lat' dir='ltr'><strong>Contrarium</strong></span> <span class='ocrx_word' id='word_1_72' title='bbox 530 1341 870 1397; x_wconf 83' lang='lat' dir='ltr'><strong>progressum</strong></span> <span class='ocrx_word' id='word_1_73' title='bbox 906 1327 1207 1393; x_wconf 88' lang='lat' dir='ltr'><strong>anaphorae</strong></span> <span class='ocrx_word' id='word_1_74' title='bbox 1246 1344 1278 1376; x_wconf 88' lang='lat' dir='ltr'><strong>a</strong></span> <span class='ocrx_word' id='word_1_75' title='bbox 1316 1326 1629 1394; x_wconf 83' lang='lat' dir='ltr'><strong>specialibus</strong></span> <span class='ocrx_word' id='word_1_76' title='bbox 1680 1324 1747 1375; x_wconf 91' lang='lat' dir='ltr'><strong>ad</strong></span> <span class='ocrx_word' id='word_1_77' title='bbox 1782 1342 1869 1392; x_wconf 85' lang='lat' dir='ltr'><strong>ge-</strong></span> 
     </span>
     <span class='ocr_line' id='line_1_14' title="bbox 154 1416 788 1471; baseline 0.011 -7"><span class='ocrx_word' id='word_1_78' title='bbox 154 1416 385 1467; x_wconf 91' lang='lat' dir='ltr'><strong>neralius</strong></span> <span class='ocrx_word' id='word_1_79' title='bbox 418 1419 476 1468; x_wconf 92' lang='lat' dir='ltr'><strong>in</strong></span> <span class='ocrx_word' id='word_1_80' title='bbox 511 1418 593 1468; x_wconf 87' lang='lat' dir='ltr'><strong>his</strong></span> <span class='ocrx_word' id='word_1_81' title='bbox 632 1417 752 1470; x_wconf 83' lang='lat' dir='ltr'><strong>vide</strong></span> <span class='ocrx_word' id='word_1_82' title='bbox 769 1437 788 1471; x_wconf 85' lang='lat'><strong>:-</strong></span> 
     </span>
     <span class='ocr_line' id='line_1_15' title="bbox 297 1510 1758 1586; baseline 0 -25"><span class='ocrx_word' id='word_1_83' title='bbox 297 1510 378 1562; x_wconf 83' lang='lat' dir='ltr'><strong>Sit</strong></span> <span class='ocrx_word' id='word_1_84' title='bbox 411 1511 534 1562; x_wconf 90' lang='lat' dir='ltr'><strong>satis</strong></span> <span class='ocrx_word' id='word_1_85' title='bbox 571 1529 598 1561; x_wconf 93' lang='lat' dir='ltr'><strong>e</strong></span> <span class='ocrx_word' id='word_1_86' title='bbox 635 1512 885 1564; x_wconf 87' lang='lat' dir='ltr'><strong>membris</strong></span> <span class='ocrx_word' id='word_1_87' title='bbox 921 1522 1132 1563; x_wconf 89' lang='lat' dir='ltr'><strong>tenuem</strong></span> <span class='ocrx_word' id='word_1_88' title='bbox 1166 1510 1503 1586; x_wconf 83' lang='lat' dir='ltr'><strong>perscindere</strong></span> <span class='ocrx_word' id='word_1_89' title='bbox 1534 1521 1758 1584; x_wconf 63' lang='lat' dir='ltr'><strong>Yestem,</strong></span> 
     </span>
     <span class='ocr_line' id='line_1_16' title="bbox 369 1603 1441 1672; baseline 0.005 -18"><span class='ocrx_word' id='word_1_90' title='bbox 369 1603 450 1671; x_wconf 80' lang='lat' dir='ltr'><strong>Sit</strong></span> <span class='ocrx_word' id='word_1_91' title='bbox 483 1604 606 1656; x_wconf 88' lang='lat' dir='ltr'><strong>satis</strong></span> <span class='ocrx_word' id='word_1_92' title='bbox 644 1617 860 1658; x_wconf 89' lang='lat' dir='ltr'><strong>ornatus</strong></span> <span class='ocrx_word' id='word_1_93' title='bbox 898 1605 1197 1659; x_wconf 86' lang='lat' dir='ltr'><strong>dissoluisse</strong></span> <span class='ocrx_word' id='word_1_94' title='bbox 1234 1624 1441 1672; x_wconf 83' lang='lat' dir='ltr'><strong>comae,</strong></span> 
     </span>
     <span class='ocr_line' id='line_1_17' title="bbox 293 1697 1088 1756; baseline 0.005 -7"><span class='ocrx_word' id='word_1_95' title='bbox 293 1697 373 1752; x_wconf 84' lang='lat' dir='ltr'><strong>Sit</strong></span> <span class='ocrx_word' id='word_1_96' title='bbox 406 1699 646 1753; x_wconf 85' lang='lat' dir='ltr'><strong>lacrimas</strong></span> <span class='ocrx_word' id='word_1_97' title='bbox 683 1702 910 1756; x_wconf 88' lang='lat' dir='ltr'><strong>movisse</strong></span> <span class='ocrx_word' id='word_1_98' title='bbox 948 1702 1088 1753; x_wconf 80' lang='lat' dir='ltr'><strong>satiS.</strong></span> 
     </span>
    </p>
   </div>
   <div class='ocr_carea' id='block_1_5' title="bbox 945 1800 1065 1809">
    <p class='ocr_par' dir='ltr' id='par_1_5' title="bbox 945 1800 1065 1809">
     <span class='ocr_line' id='line_1_18' title="bbox 945 1800 1065 1809; baseline -0.008 0"><span class='ocrx_word' id='word_1_99' title='bbox 945 1800 1065 1809; x_wconf 79' lang='lat'><strong>——</strong></span> 
     </span>
    </p>
   </div>
   <div class='ocr_carea' id='block_1_6' title="bbox 155 1840 1870 2095">
    <p class='ocr_par' dir='ltr' id='par_1_6' title="bbox 155 1840 1870 2095">
     <span class='ocr_line' id='line_1_19' title="bbox 295 1840 1850 1908; baseline -0.001 -16"><span class='ocrx_word' id='word_1_100' title='bbox 295 1840 452 1895; x_wconf 89' lang='lat' dir='ltr'><strong>Nunc</strong></span> <span class='ocrx_word' id='word_1_101' title='bbox 487 1842 613 1895; x_wconf 78' lang='lat' dir='ltr'><strong>Iove</strong></span> <span class='ocrx_word' id='word_1_102' title='bbox 652 1843 750 1894; x_wconf 90' lang='lat' dir='ltr'><strong>sub</strong></span> <span class='ocrx_word' id='word_1_103' title='bbox 788 1840 1003 1894; x_wconf 90' lang='lat' dir='ltr'><strong>domino</strong></span> <span class='ocrx_word' id='word_1_104' title='bbox 1047 1841 1229 1895; x_wconf 88' lang='lat' dir='ltr'><strong>caedes</strong></span> <span class='ocrx_word' id='word_1_105' title='bbox 1271 1851 1322 1893; x_wconf 87' lang='lat' dir='ltr'><strong>et</strong></span> <span class='ocrx_word' id='word_1_106' title='bbox 1355 1842 1579 1895; x_wconf 74' lang='lat' dir='ltr'><strong>vulnera</strong></span> <span class='ocrx_word' id='word_1_107' title='bbox 1617 1855 1850 1908; x_wconf 83' lang='lat' dir='ltr'><strong>semper,</strong></span> 
     </span>
     <span class='ocr_line' id='line_1_20' title="bbox 364 1936 1632 2003; baseline -0.002 -15"><span class='ocrx_word' id='word_1_108' title='bbox 364 1936 522 1988; x_wconf 92' lang='lat' dir='ltr'><strong>Nunc</strong></span> <span class='ocrx_word' id='word_1_109' title='bbox 555 1955 728 2002; x_wconf 87' lang='lat' dir='ltr'><strong>mare,</strong></span> <span class='ocrx_word' id='word_1_110' title='bbox 763 1955 906 1988; x_wconf 90' lang='lat' dir='ltr'><strong>nunc</strong></span> <span class='ocrx_word' id='word_1_111' title='bbox 941 1938 1035 1988; x_wconf 88' lang='lat' dir='ltr'><strong>leti</strong></span> <span class='ocrx_word' id='word_1_112' title='bbox 1066 1937 1209 1988; x_wconf 91' lang='lat' dir='ltr'><strong>mille</strong></span> <span class='ocrx_word' id='word_1_113' title='bbox 1245 1947 1460 2003; x_wconf 91' lang='lat' dir='ltr'><strong>repente</strong></span> <span class='ocrx_word' id='word_1_114' title='bbox 1498 1937 1632 1988; x_wconf 86' lang='lat' dir='ltr'><strong>viae.</strong></span> 
     </span>
     <span class='ocr_line' id='line_1_21' title="bbox 155 2026 1870 2095; baseline -0.003 -13"><span class='ocrx_word' id='word_1_115' title='bbox 155 2030 486 2084; x_wconf 87' lang='lat' dir='ltr'><strong>Praecedunt</strong></span> <span class='ocrx_word' id='word_1_116' title='bbox 524 2033 666 2084; x_wconf 88' lang='lat' dir='ltr'><strong>enim</strong></span> <span class='ocrx_word' id='word_1_117' title='bbox 704 2033 856 2084; x_wconf 85' lang='lat' dir='ltr'><strong>etiam</strong></span> <span class='ocrx_word' id='word_1_118' title='bbox 898 2033 998 2095; x_wconf 88' lang='lat' dir='ltr'><strong>hic,</strong></span> <span class='ocrx_word' id='word_1_119' title='bbox 1039 2041 1100 2082; x_wconf 86' lang='lat' dir='ltr'><strong>ut</strong></span> <span class='ocrx_word' id='word_1_120' title='bbox 1133 2032 1188 2082; x_wconf 89' lang='lat' dir='ltr'><strong>in</strong></span> <span class='ocrx_word' id='word_1_121' title='bbox 1229 2029 1555 2083; x_wconf 88' lang='lat' dir='ltr'><strong>antecedenti</strong></span> <span class='ocrx_word' id='word_1_122' title='bbox 1590 2032 1727 2093; x_wconf 84' lang='lat' dir='ltr'><strong>loco,</strong></span> <span class='ocrx_word' id='word_1_123' title='bbox 1763 2026 1870 2078; x_wconf 89' lang='lat' dir='ltr'><strong>duo</strong></span> 
     </span>
    </p>
   </div>
   <div class='ocr_carea' id='block_1_7' title="bbox 72 2126 1873 2195">
    <p class='ocr_par' dir='ltr' id='par_1_7' title="bbox 72 2126 1873 2195">
     <span class='ocr_line' id='line_1_22' title="bbox 72 2126 1873 2195; baseline -0.003 -17"><span class='ocrx_word' id='word_1_124' title='bbox 72 2126 76 2129; x_wconf 76' lang='grc'><strong>’</strong></span> <span class='ocrx_word' id='word_1_125' title='bbox 155 2127 213 2178; x_wconf 81' lang='lat' dir='ltr'><strong>vi</strong></span> <span class='ocrx_word' id='word_1_126' title='bbox 245 2127 394 2192; x_wconf 89' lang='lat' dir='ltr'><strong>paria</strong></span> <span class='ocrx_word' id='word_1_127' title='bbox 427 2129 666 2179; x_wconf 87' lang='lat' dir='ltr'><strong>membra</strong></span> <span class='ocrx_word' id='word_1_128' title='bbox 707 2146 805 2195; x_wconf 86' lang='lat' dir='ltr'><strong>per</strong></span> <span class='ocrx_word' id='word_1_129' title='bbox 839 2126 1180 2192; x_wconf 78' lang='lat' dir='ltr'><strong>divisionem,</strong></span> <span class='ocrx_word' id='word_1_130' title='bbox 1223 2145 1344 2176; x_wconf 81' lang='lat' dir='ltr'><strong>nunc</strong></span> <span class='ocrx_word' id='word_1_131' title='bbox 1378 2127 1554 2176; x_wconf 83' lang='lat' dir='ltr'><strong>caedes</strong></span> <span class='ocrx_word' id='word_1_132' title='bbox 1587 2135 1632 2175; x_wconf 80' lang='lat' dir='ltr'><strong>et</strong></span> <span class='ocrx_word' id='word_1_133' title='bbox 1664 2126 1873 2186; x_wconf 71' lang='lat' dir='ltr'><strong>vulnera,</strong></span> 
     </span>
    </p>
   </div>
   <div class='ocr_carea' id='block_1_8' title="bbox 0 0 98 3756">
    <p class='ocr_par' dir='ltr' id='par_1_8' title="bbox 0 0 98 3756">
     <span class='ocr_line' id='line_1_23' title="bbox 0 0 98 3756; baseline 0 0"><span class='ocrx_word' id='word_1_134' title='bbox 0 0 98 3756; x_wconf 95' lang='lat' dir='ltr'><strong> </strong></span> 
     </span>
    </p>
   </div>
   <div class='ocr_carea' id='block_1_9' title="bbox 93 2216 1877 3329">
    <p class='ocr_par' dir='ltr' id='par_1_9' title="bbox 93 2216 1877 3329">
     <span class='ocr_line' id='line_1_24' title="bbox 93 2216 1874 2287; baseline -0.001 -18"><span class='ocrx_word' id='word_1_135' title='bbox 93 2255 97 2258; x_wconf 51' lang='lat'><strong>&lt;</strong></span> <span class='ocrx_word' id='word_1_136' title='bbox 156 2238 279 2270; x_wconf 80' lang='lat' dir='ltr'><strong>nunc</strong></span> <span class='ocrx_word' id='word_1_137' title='bbox 325 2239 492 2285; x_wconf 81' lang='lat' dir='ltr'><strong>mare,</strong></span> <span class='ocrx_word' id='word_1_138' title='bbox 538 2231 652 2272; x_wconf 89' lang='lat' dir='ltr'><strong>tum</strong></span> <span class='ocrx_word' id='word_1_139' title='bbox 693 2221 793 2273; x_wconf 87' lang='lat' dir='ltr'><strong>toti</strong></span> <span class='ocrx_word' id='word_1_140' title='bbox 839 2222 912 2272; x_wconf 89' lang='lat' dir='ltr'><strong>sic</strong></span> <span class='ocrx_word' id='word_1_141' title='bbox 963 2221 1283 2287; x_wconf 90' lang='lat' dir='ltr'><strong>compositae</strong></span> <span class='ocrx_word' id='word_1_142' title='bbox 1333 2219 1619 2270; x_wconf 87' lang='lat' dir='ltr'><strong>sententiae</strong></span> <span class='ocrx_word' id='word_1_143' title='bbox 1665 2216 1874 2268; x_wconf 89' lang='lat' dir='ltr'><strong>additur</strong></span> 
     </span>
     <span class='ocr_line' id='line_1_25' title="bbox 158 2314 1874 2384; baseline -0.001 -20"><span class='ocrx_word' id='word_1_144' title='bbox 158 2315 430 2380; x_wconf 86' lang='lat' dir='ltr'><strong>generalis.</strong></span> <span class='ocrx_word' id='word_1_145' title='bbox 511 2315 687 2384; x_wconf 88' lang='lat' dir='ltr'><strong>Atque</strong></span> <span class='ocrx_word' id='word_1_146' title='bbox 731 2315 807 2365; x_wconf 89' lang='lat' dir='ltr'><strong>ita</strong></span> <span class='ocrx_word' id='word_1_147' title='bbox 855 2315 1192 2380; x_wconf 86' lang='lat' dir='ltr'><strong>coniungitur</strong></span> <span class='ocrx_word' id='word_1_148' title='bbox 1224 2315 1283 2363; x_wconf 90' lang='lat' dir='ltr'><strong>in</strong></span> <span class='ocrx_word' id='word_1_149' title='bbox 1333 2315 1415 2365; x_wconf 89' lang='lat' dir='ltr'><strong>his</strong></span> <span class='ocrx_word' id='word_1_150' title='bbox 1454 2314 1708 2380; x_wconf 82' lang='lat' dir='ltr'><strong>exemplis</strong></span> <span class='ocrx_word' id='word_1_151' title='bbox 1747 2314 1874 2362; x_wconf 86' lang='lat' dir='ltr'><strong>alias</strong></span> 
     </span>
     <span class='ocr_line' id='line_1_26' title="bbox 159 2408 1875 2477; baseline 0.001 -19"><span class='ocrx_word' id='word_1_152' title='bbox 159 2409 312 2460; x_wconf 90' lang='lat' dir='ltr'><strong>aliter</strong></span> <span class='ocrx_word' id='word_1_153' title='bbox 347 2408 545 2477; x_wconf 85' lang='lat' dir='ltr'><strong>duplex</strong></span> <span class='ocrx_word' id='word_1_154' title='bbox 579 2409 879 2476; x_wconf 85' lang='lat' dir='ltr'><strong>anaphorae</strong></span> <span class='ocrx_word' id='word_1_155' title='bbox 913 2426 1069 2467; x_wconf 90' lang='lat' dir='ltr'><strong>usus,</strong></span> <span class='ocrx_word' id='word_1_156' title='bbox 1115 2426 1271 2477; x_wconf 88' lang='lat' dir='ltr'><strong>quem</strong></span> <span class='ocrx_word' id='word_1_157' title='bbox 1309 2410 1646 2476; x_wconf 78' lang='lat' dir='ltr'><strong>explicamus,</strong></span> <span class='ocrx_word' id='word_1_158' title='bbox 1730 2409 1875 2459; x_wconf 91' lang='lat' dir='ltr'><strong>Haec</strong></span> 
     </span>
     <span class='ocr_line' id='line_1_27' title="bbox 160 2501 1875 2571; baseline -0.001 -18"><span class='ocrx_word' id='word_1_159' title='bbox 160 2502 428 2556; x_wconf 78' lang='lat' dir='ltr'><strong>hactenus,</strong></span> <span class='ocrx_word' id='word_1_160' title='bbox 513 2505 799 2571; x_wconf 90' lang='lat' dir='ltr'><strong>Postquam</strong></span> <span class='ocrx_word' id='word_1_161' title='bbox 853 2501 986 2553; x_wconf 90' lang='lat' dir='ltr'><strong>duos</strong></span> <span class='ocrx_word' id='word_1_162' title='bbox 1038 2504 1294 2568; x_wconf 83' lang='lat' dir='ltr'><strong>legitimos</strong></span> <span class='ocrx_word' id='word_1_163' title='bbox 1335 2502 1528 2553; x_wconf 87' lang='lat' dir='ltr'><strong>modos</strong></span> <span class='ocrx_word' id='word_1_164' title='bbox 1575 2503 1875 2569; x_wconf 87' lang='lat' dir='ltr'><strong>anaphorae</strong></span> 
     </span>
     <span class='ocr_line' id='line_1_28' title="bbox 158 2595 1875 2663; baseline -0.001 -16"><span class='ocrx_word' id='word_1_165' title='bbox 158 2597 418 2663; x_wconf 83' lang='lat' dir='ltr'><strong>persecuti</strong></span> <span class='ocrx_word' id='word_1_166' title='bbox 467 2613 676 2661; x_wconf 84' lang='lat' dir='ltr'><strong>sumus,</strong></span> <span class='ocrx_word' id='word_1_167' title='bbox 710 2598 886 2648; x_wconf 74' lang='lat' dir='ltr'><strong>¹verbo</strong></span> <span class='ocrx_word' id='word_1_168' title='bbox 923 2598 982 2646; x_wconf 90' lang='lat' dir='ltr'><strong>in</strong></span> <span class='ocrx_word' id='word_1_169' title='bbox 1026 2597 1130 2647; x_wconf 89' lang='lat' dir='ltr'><strong>fine</strong></span> <span class='ocrx_word' id='word_1_170' title='bbox 1168 2595 1546 2663; x_wconf 85' lang='lat' dir='ltr'><strong>distinguamus</strong></span> <span class='ocrx_word' id='word_1_171' title='bbox 1588 2613 1678 2647; x_wconf 90' lang='lat' dir='ltr'><strong>eos</strong></span> <span class='ocrx_word' id='word_1_172' title='bbox 1714 2598 1875 2659; x_wconf 69' lang='lat' dir='ltr'><strong>loona,</strong></span> 
     </span>
     <span class='ocr_line' id='line_1_29' title="bbox 159 2691 1318 2755; baseline -0.001 -13"><span class='ocrx_word' id='word_1_173' title='bbox 159 2692 255 2743; x_wconf 91' lang='lat' dir='ltr'><strong>ubi</strong></span> <span class='ocrx_word' id='word_1_174' title='bbox 292 2692 439 2742; x_wconf 88' lang='lat' dir='ltr'><strong>nulla</strong></span> <span class='ocrx_word' id='word_1_175' title='bbox 471 2691 591 2743; x_wconf 85' lang='lat' dir='ltr'><strong>talis</strong></span> <span class='ocrx_word' id='word_1_176' title='bbox 624 2691 759 2743; x_wconf 90' lang='lat' dir='ltr'><strong>ratio</strong></span> <span class='ocrx_word' id='word_1_177' title='bbox 795 2693 1178 2755; x_wconf 88' lang='lat' dir='ltr'><strong>membrorum,</strong></span> <span class='ocrx_word' id='word_1_178' title='bbox 1230 2702 1318 2742; x_wconf 88' lang='lat' dir='ltr'><strong>ut:</strong></span> 
     </span>
     <span class='ocr_line' id='line_1_30' title="bbox 301 2786 1778 2855; baseline 0 -18"><span class='ocrx_word' id='word_1_179' title='bbox 301 2787 441 2837; x_wconf 91' lang='lat' dir='ltr'><strong>Tum</strong></span> <span class='ocrx_word' id='word_1_180' title='bbox 477 2786 684 2838; x_wconf 88' lang='lat' dir='ltr'><strong>veniam</strong></span> <span class='ocrx_word' id='word_1_181' title='bbox 720 2786 909 2837; x_wconf 90' lang='lat' dir='ltr'><strong>subito·</strong></span> <span class='ocrx_word' id='word_1_182' title='bbox 935 2804 1033 2838; x_wconf 88' lang='lat' dir='ltr'><strong>nec</strong></span> <span class='ocrx_word' id='word_1_183' title='bbox 1071 2786 1352 2855; x_wconf 79' lang='lat' dir='ltr'><strong>quisquam</strong></span> <span class='ocrx_word' id='word_1_184' title='bbox 1389 2787 1596 2838; x_wconf 86' lang='lat' dir='ltr'><strong>nuntiet</strong></span> <span class='ocrx_word' id='word_1_185' title='bbox 1631 2795 1778 2850; x_wconf 89' lang='lat' dir='ltr'><strong>ante,</strong></span> 
     </span>
     <span class='ocr_line' id='line_1_31' title="bbox 376 2878 1469 2934; baseline 0 -3"><span class='ocrx_word' id='word_1_186' title='bbox 376 2878 481 2931; x_wconf 88' lang='lat' dir='ltr'><strong>Sed</strong></span> <span class='ocrx_word' id='word_1_187' title='bbox 513 2878 695 2934; x_wconf 78' lang='lat' dir='ltr'><strong>videar</strong></span> <span class='ocrx_word' id='word_1_188' title='bbox 732 2882 873 2932; x_wconf 89' lang='lat' dir='ltr'><strong>caelo</strong></span> <span class='ocrx_word' id='word_1_189' title='bbox 908 2882 1096 2932; x_wconf 84' lang='lat' dir='ltr'><strong>missus</strong></span> <span class='ocrx_word' id='word_1_190' title='bbox 1137 2880 1315 2933; x_wconf 84' lang='lat' dir='ltr'><strong>adesse</strong></span> <span class='ocrx_word' id='word_1_191' title='bbox 1355 2881 1469 2933; x_wconf 89' lang='lat' dir='ltr'><strong>tibi.</strong></span> 
     </span>
     <span class='ocr_line' id='line_1_32' title="bbox 306 2975 1768 3044; baseline 0.002 -20"><span class='ocrx_word' id='word_1_192' title='bbox 306 2975 457 3025; x_wconf 93' lang='lat' dir='ltr'><strong>Tunc</strong></span> <span class='ocrx_word' id='word_1_193' title='bbox 496 2975 652 3039; x_wconf 85' lang='lat' dir='ltr'><strong>mihi,</strong></span> <span class='ocrx_word' id='word_1_194' title='bbox 689 2976 856 3043; x_wconf 90' lang='lat' dir='ltr'><strong>qualis</strong></span> <span class='ocrx_word' id='word_1_195' title='bbox 893 2978 1019 3040; x_wconf 87' lang='lat' dir='ltr'><strong>eris,</strong></span> <span class='ocrx_word' id='word_1_196' title='bbox 1062 2978 1247 3042; x_wconf 85' lang='lat' dir='ltr'><strong>longos</strong></span> <span class='ocrx_word' id='word_1_197' title='bbox 1283 2978 1492 3027; x_wconf 86' lang='lat' dir='ltr'><strong>turbata</strong></span> <span class='ocrx_word' id='word_1_198' title='bbox 1528 2976 1768 3044; x_wconf 86' lang='lat' dir='ltr'><strong>capillos,</strong></span> 
     </span>
     <span class='ocr_line' id='line_1_33' title="bbox 375 3067 1379 3139; baseline 0 -17"><span class='ocrx_word' id='word_1_199' title='bbox 375 3067 549 3122; x_wconf 89' lang='lat' dir='ltr'><strong>Obvia</strong></span> <span class='ocrx_word' id='word_1_200' title='bbox 585 3068 806 3121; x_wconf 83' lang='lat' dir='ltr'><strong>nudatos</strong></span> <span class='ocrx_word' id='word_1_201' title='bbox 842 3070 998 3121; x_wconf 89' lang='lat' dir='ltr'><strong>Delia</strong></span> <span class='ocrx_word' id='word_1_202' title='bbox 1037 3089 1188 3122; x_wconf 86' lang='lat' dir='ltr'><strong>curre</strong></span> <span class='ocrx_word' id='word_1_203' title='bbox 1225 3070 1379 3139; x_wconf 86' lang='lat' dir='ltr'><strong>pede.</strong></span> 
     </span>
     <span class='ocr_line' id='line_1_34' title="bbox 165 3163 1876 3235; baseline 0.001 -21"><span class='ocrx_word' id='word_1_204' title='bbox 165 3164 503 3232; x_wconf 84' lang='lat' dir='ltr'><strong>Perspicuum</strong></span> <span class='ocrx_word' id='word_1_205' title='bbox 539 3172 616 3216; x_wconf 82' lang='lat' dir='ltr'><strong>est</strong></span> <span class='ocrx_word' id='word_1_206' title='bbox 643 3163 849 3216; x_wconf 80' lang='lat' dir='ltr'><strong>diverso</strong></span> <span class='ocrx_word' id='word_1_207' title='bbox 886 3164 1046 3216; x_wconf 91' lang='lat' dir='ltr'><strong>modo</strong></span> <span class='ocrx_word' id='word_1_208' title='bbox 1081 3167 1213 3233; x_wconf 88' lang='lat' dir='ltr'><strong>poni</strong></span> <span class='ocrx_word' id='word_1_209' title='bbox 1249 3169 1522 3234; x_wconf 85' lang='lat' dir='ltr'><strong>repetitam</strong></span> <span class='ocrx_word' id='word_1_210' title='bbox 1551 3168 1876 3235; x_wconf 86' lang='lat' dir='ltr'><strong>particulam,</strong></span> 
     </span>
     <span class='ocr_line' id='line_1_35' title="bbox 168 3260 1877 3329; baseline 0 -18"><span class='ocrx_word' id='word_1_211' title='bbox 168 3277 340 3328; x_wconf 86' lang='lat' dir='ltr'><strong>neque</strong></span> <span class='ocrx_word' id='word_1_212' title='bbox 376 3261 601 3312; x_wconf 87' lang='lat' dir='ltr'><strong>habetur</strong></span> <span class='ocrx_word' id='word_1_213' title='bbox 633 3260 719 3311; x_wconf 88' lang='lat' dir='ltr'><strong>hic</strong></span> <span class='ocrx_word' id='word_1_214' title='bbox 746 3278 868 3314; x_wconf 80' lang='lat' dir='ltr'><strong>vera</strong></span> <span class='ocrx_word' id='word_1_215' title='bbox 910 3262 1204 3328; x_wconf 81' lang='lat' dir='ltr'><strong>anaphora,</strong></span> <span class='ocrx_word' id='word_1_216' title='bbox 1243 3279 1377 3329; x_wconf 80' lang='lat' dir='ltr'><strong>quae</strong></span> <span class='ocrx_word' id='word_1_217' title='bbox 1411 3269 1676 3314; x_wconf 75' lang='lat' dir='ltr'><strong>continuam</strong></span> <span class='ocrx_word' id='word_1_218' title='bbox 1714 3268 1877 3314; x_wconf 75' lang='lat' dir='ltr'><strong>seriem</strong></span> 
     </span>
    </p>
   </div>
  </div>
 </body>
</html>
