2086 3756
841 225 1144 278 TIBULLI.
1698 239 1841 272 xmfn

141 370 398 435 imprimis
436 367 646 437 quidem
684 366 871 418 Isidem
909 369 1124 431 colebat,
1161 367 1226 418 cf.
1255 368 1294 430 Ι,
1331 372 1381 430 3,
1417 371 1483 416 23
1513 384 1644 434 sqq„
1681 383 1836 434 quem

138 467 337 517 cultum
386 476 571 518 notum
615 481 738 521 eane
763 465 971 515 ‘multas
1021 475 1130 515 tum
1162 463 1382 514 feminas
1416 461 1646 514 libidinis
1685 479 1838 513 causa

136 571 355 626 secutas,
392 561 478 612 cui
508 558 587 608 rei
619 558 1063 624 opportunitatem
1099 558 1421 624 praebebant
1461 557 1654 623 templa
1683 554 1836 621 deae3

133 656 225 709 sed
254 675 366 708 non
402 672 583 706 omnes
626 651 785 705 credo
818 653 911 704 tali
942 653 1222 720 cupiditate
1260 653 1443 705 ductae
1479 663 1630 717 sunt,
1679 662 1835 721 atque

131 753 285 802 etiam
321 750 379 800 in
417 748 618 800 Tibulli
651 749 768 800 loco
805 746 1035 798 indicato
1073 751 1276 800 nullum
1310 749 1424 800 talis
1458 750 1518 800 in
1551 758 1711 816 poeta
1747 765 1835 799 su·
1894 727 1898 729 μ

129 846 374 914 spicionis
409 844 711 910 vestigium,
761 842 852 896 sed
898 843 1172 910 probabile
1209 852 1287 892 est
1319 843 1530 894 Deliam
1566 843 1835 910 prioribus

126 945 283 996 huius
333 942 525 995 amoris
574 941 725 993 annis
745 991 751 996 ,
772 940 995 993 alienam
1040 940 1200 992 fuisse
1240 941 1306 991 ab
1348 939 1449 990 ista
1494 938 1835 1006 turpitudine,

127 1058 284 1108 quam
318 1031 501 1107 po'stea
521 1039 690 1092 etiam
724 1037 906 1089 Bonae
943 1035 1071 1102 deae
1099 1052 1256 1091 ,sacra
1287 1035 1498 1089 nolebat
1531 1043 1691 1101 poeta
1723 1035 1834 1085 sine

127 1133 339 1186 custode
378 1135 728 1201 subsequente
768 1130 931 1184 adire.
1004 1128 1108 1182 Sed
1142 1131 1244 1182 hoc
1280 1141 1492 1198 postea,
1541 1131 1690 1198 prius
1732 1130 1833 1181 alia

123 1246 235 1293 res3
272 1245 396 1281 nam
431 1238 633 1283 certum
668 1236 749 1277 est
782 1243 898 1277 eam
935 1225 1152 1277 omnino
1189 1225 1501 1290 religiosam
1525 1226 1720 1289 fuisse,
1765 1224 1833 1275 cf.

125 1330 163 1390 I,
199 1333 246 1390 3,
284 1331 351 1377 10
389 1342 531 1394 sqq„
552 1317 794 1377 'siminm
829 1323 984 1378 etiam
1018 1321 1076 1376 in
1109 1323 1211 1374 hoc
1249 1323 1479 1374 Tibullo.
1550 1323 1724 1391 Atque
1759 1322 1832 1374 ita

125 1425 319 1475 factum
358 1431 420 1473 ut
452 1422 640 1487 plenae
686 1419 793 1474 sint
836 1418 937 1474 hae
987 1417 1180 1482 elegiae
1231 1415 1670 1483 descriptionibus
1708 1417 1832 1467 reli-

122 1520 308 1586 giosis,
358 1535 585 1586 quarum
629 1514 888 1584 quaedam
938 1515 984 1566 si
1029 1512 1263 1567 taedium
1313 1515 1513 1565 faciunt
1562 1514 1832 1564 nonnullis

121 1613 540 1683 superstitionem
586 1611 857 1666 fastidiose
900 1611 1350 1663 contemnentibus
1367 1647 1382 1676 ‚
1435 1627 1528 1676 ego
1566 1611 1716 1661 aliter
1747 1610 1832 1661 iu-

121 1710 287 1774 dico,'
327 1710 421 1777 qui
473 1707 629 1760 etiam
676 1708 762 1758 hic
816 1705 1032 1762 numine
1080 1707 1297 1773 plenum
1350 1705 1582 1756 animum
1634 1704 1831 1758 Tibulli

122 1821 421 1872 agnoscam,
467 1805 727 1870 poeticam
777 1813 950 1855 autem
1000 1803 1110 1855 vim
1154 1803 1346 1854 harum
1392 1819 1580 1854 rerum·
1622 1801 1829 1854 videam

118 1921 229 1956 non
264 1918 497 1970 parvam.
523 1899 571 1970 *)

233 2083 277 2139 ’)
308 2082 461 2129 Mirari
482 2080 594 2124 ‘satis
623 2092 710 2126 uon
735 2090 925 2136 possum,
959 2079 1062 2134 quid
1093 2076 1299 2120 acciderit
1328 2076 1564 2130 Passovio‚
1599 2077 1691 2120 viro
1724 2075 1827 2120 dum

114 2158 284 2202 vivebat
325 2157 518 2202 accurati
561 2154 734 2206 iudicii,
779 2158 828 2196 ut
874 2155 918 2196 in
971 2151 1283 2195 Dissertatione
1303 2150 1305 2153 ⁴
1328 2151 1383 2194 de
1428 2151 1696 2207 temporibus
1741 2153 1833 2194 ele-

62 2246 67 2249 *
113 2225 282 2286 giamm'
322 2224 452 2287 supra
506 2228 696 2273 indicata
761 2241 861 2283 pag.
907 2229 978 2270 11.
1034 2227 1097 2268 sie
1153 2225 1389 2269 scriberet:
1452 2227 1663 2278 „Animus
1709 2226 1830 2278 lenis,

112 2305 404 2358 „benevolum
465 2304 521 2347 ad
564 2303 677 2346 ruris
730 2301 889 2357 gaudia
941 2312 1181 2356 propensus
1222 2299 1486 2354 insignisque
1519 2313 1625 2354 erga
1670 2300 1832 2355 patrios

110 2382 248 2436 „deos
295 2384 434 2439 pietas
479 2382 703 2424 cesserunt
747 2378 921 2419 insanae
978 2373 1273 2417 vehementiae
1326 2375 1639 2429 impotentique
1681 2374 1829 2428 furori,

110 2457 294 2511 „quibus
334 2456 390 2499 ad
437 2459 635 2497 extrema
674 2462 871 2507 quaeque
903 2449 1042 2504 abripi
1084 2461 1133 2490 se
1179 2440 1435 2504 patiebatur*
1460 2446 1507 2488 in
1544 2447 1662 2490 omni
1697 2447 1830 2506 faci-

112 2545 327 2584 „norosae
375 2527 498 2572 urbis·
541 2525 747 2568 dedecore
793 2522 1032 2566 volutatus
1080 2521 1424 2576 foedissimisque
1481 2522 1654 2566 deditus
1696 2522 1830 2564 falsae

108 2605 358 2660 „religionis
426 2600 850 2659 superstitionibus.“
929 2593 1103 2642 Laudat
1143 2597 1190 2650 Ι,
1235 2603 1290 2650 2,
1331 2600 1512 2640 43-66.
1563 2601 1613 2651 6,
1646 2599 1830 2642 43-56.

108 2683 161 2732 5,
189 2681 341 2721 9-16.
433 2676 597 2720 Credas
641 2674 698 2718 de
737 2672 1017 2730 spurcissimo
1063 2670 1233 2715 homine
1280 2672 1402 2726 loqui
1447 2673 1584 2716 virum
1638 2672 1834 2729 doctum„

108 2754 168 2796 At
215 2766 346 2810 quam
388 2751 573 2796 iniuste!
650 2749 752 2806 Ipse
797 2747 928 2791 affert
963 2744 1141 2789 Goethii
1186 2747 1322 2790 nostri
1370 2746 1501 2790 verba
1549 2747 1660 2801 eleg.
1696 2747 1826 2790 Rom.

108 2826 184 2880 lv,
217 2831 269 2870 1:

227 2901 402 2945 Fromm
438 2899 534 2943 sind
563 2898 642 2942 wir
673 2895 925 2951 Liebende²
966 2897 1056 2939 still
1083 2893 1294 2939 verehren
1324 2895 1402 2937 wir
1442 2895 1527 2938 alie
1556 2893 1800 2938 Dfimonen.

107 2975 223 3018 Saue
256 2987 404 3029 sagam
432 2974 526 3017 adit
548 2972 750 3015 Tibullus
780 2976 826 3014 et
849 2970 1060 3013 Bellonae
1092 2969 1364 3012 sacerdotem
1386 2975 1432 3011 et
1463 2970 1616 3011 lustrat
1639 2971 1825 3026 puellam

108 3054 404 3103 aegrotantem
449 3046 640 3091 adhibita
682 3058 836 3103 maga,
887 3043 966 3087 sed
996 3043 1213 3099 quomodo
1261 3044 1464 3100 probabis
1509 3044 1610 3087 inde
1654 3051 1827 3101 poetam

110 3124 283 3166 equsse
312 3124 519 3180 pietatem
551 3135 656 3177 erga
686 3122 847 3178 patrios
874 3120 980 3163 deos
1012 3124 1058 3163 et
1084 3120 1295 3162 abiecisse
1327 3133 1478 3162 sensus
1510 3121 1701 3175 priores,
1753 3124 1824 3175 qui

112 3202 265 3252 postea
316 3197 358 3239 in
389 3197 578 3241 secundo
626 3196 736 3239 libro
777 3200 975 3251 agrestes
1019 3194 1124 3239 deos
1153 3200 1197 3237 et
1235 3195 1422 3238 rusticae
1464 3193 1576 3237 vitae
1621 3194 1824 3250 simplici-

110 3274 242 3313 tatem
285 3271 442 3314 cecinit
484 3269 795 3327 pulcherrime!
857 3269 1051 3312 Verbum
1094 3281 1179 3312 non
1225 3268 1352 3312 addo.
1428 3268 1599 3325 Nempe
1641 3280 1828 3323 genero-

111 3345 200 3388 sior
231 3346 395 3389 animus
426 3346 553 3390 etiam
584 3345 909 3401 superstitione-
941 3344 1074 3399 vulgi,
1110 3346 1145 3389 si
1179 3343 1341 3396 credit,
1375 3343 1429 3385 ad
1463 3343 1618 3385 altiora
1650 3345 1826 3384 revocat
