2158 3750
623 232 807 285 LIBR.
843 232 939 284 IV.
1011 230 1226 283 CARM.
1262 230 1330 282 ΙΙ.
1724 234 1824 283 431

127 377 441 422 animadvertas
470 377 659 421 studium
690 376 957 432 elegantiae,
999 374 1079 418 sed
1107 379 1263 432 sponte
1299 374 1443 418 omnia
1472 373 1677 418 decenter
1711 375 1828 419 fiant.

128 463 308 507 Confert
340 463 557 506 Hssnsms
588 461 767 507 Quintil.
792 459 840 514 1,
870 463 923 502 ll
941 490 955 513 ,
985 463 1121 502 extr.:
1165 458 1320 516 Neque
1363 456 1478 500 enim
1517 464 1695 516 gestum
1726 472 1834 499 ora-

129 546 242 587 toris
272 546 469 602 componi
498 544 562 586 ad
584 543 930 591 ..similitudinem
968 541 1231 586 saltationis
1261 540 1384 590 volo,
1423 541 1504 584 sed
1530 539 1708 583 subesse
1741 540 1829 582 ali.

128 628 240 686 quid
280 643 336 670 ex
383 628 469 669 hac
516 626 832 669 exercitatione
870 624 1064 683 puerili,
1124 623 1242 666 unde
1293 639 1373 666 nos
1418 639 1506 666 non
1551 622 1603 664 id
1647 631 1830 681 agentes

116 711 293 770 furtim
323 711 451 754 decor
483 711 559 753 ille
590 708 861 753 discentibus
900 708 1103 751 traditus
1127 715 1445 766 prosequatur.
1477 731 1535 741 —-·
1594 709 1650 753 V.
1678 711 1706 752 9
1736 721 1830 763 sqq.

128 794 242 836 Seu
282 795 465 837 solvit
504 794 698 837 crines
735 795 820 837 eet.
896 790 1098 834 Notanda
1138 791 1390 833 suavissima
1421 789 1528 834 haec
1562 791 1832 847 repetitionis

128 883 174 920 et
200 879 494 921 conversionis
524 880 686 932 figura,
723 880 929 932 usurpata
958 874 1131 930 saepius
1155 873 1426 916 Pnopssuno
1455 879 1505 917 ut
1533 875 1590 929 11,
1615 878 1656 927 1,
1676 879 1705 917 5
1723 888 1833 928 sqq.‚

130 959 198 1013 11,
228 964 284 1013 3,
314 963 386 1004 43.
419 963 491 1005 44.
520 964 594 1013 26,
623 963 697 1003 28.
738 959 945 1015 imprimis
989 971 1095 1002 vero
1136 959 1308 1000 Ovmro
1354 958 1648 1012 frequentata,
1702 971 1829 1014 quem

127 1045 483 1087 Bnoncxnusnss
512 1044 623 1087 adeo
652 1045 835 1100 primum
866 1042 1073 1087 credebat
1103 1056 1156 1085 ea
1185 1056 1324 1087 usum.
1386 1043 1499 1086 Vide
1530 1057 1569 1086 v.
1595 1057 1631 1086 e.
1661 1044 1830 1085 Amorr-

126 1127 183 1179 ll,
204 1131 248 1180 5,
265 1130 339 1170 43.
361 1130 435 1170 44.
468 1128 560 1170 Art.
581 1127 676 1171 Am.-
695 1126 732 1180 I,
755 1129 856 1169 195.
885 1128 985 1169 196.
1016 1125 1075 1178 ll,
1096 1127 1311 1168 199—201.
1342 1128 1560 1168 297-300.
1593 1127 1697 1168 303.
1725 1127 1828 1167 304.

127 1212 334 1255 Ceterum
364 1212 479 1267 quod
507 1212 706 1254 Tibullus
734 1211 779 1253 iu
806 1197 1158 1254 antecedentibus
1186 1211 1444 1253 carminibus
1469 1210 1558 1253 suis
1584 1207 1663 1252 liae
1691 1210 1832 1263 figura

127 1307 212 1338 non
244 1301 311 1338 est
340 1309 469 1348 usus,
499 1310 553 1338 eo
584 1309 669 1338 non
699 1308 963 1350 magnopere
990 1295 1213 1349 offendor3
1245 1297 1386 1352 aptior
1413 1300 1480 1338 est
1507 1297 1550 1338 in
1581 1297 1657 1338 tali
1690 1294 1831 1351 lepida

128 1381 275 1436 poesi,
311 1394 438 1435 quam
469 1381 543 1422 ubi
572 1380 788 1423 incitatior
819 1385 973 1435 regnat
1002 1380 1200 1422 affectus.
1262 1381 1327 1423 Ac
1356 1393 1411 1423 ne
1442 1393 1555 1422 nunc
1585 1379 1756 1433 quidem
1787 1380 1831 1421 in

127 1468 266 1522 primo
308 1479 437 1509 versu
469 1465 637 1509 distichi
678 1465 947 1522 repetitionis
988 1466 1129 1518 legem
1171 1469 1373 1507 accurate
1404 1465 1675 1516 observavit,
1720 1463 1832 1505 male

127 1550 242 1591 enim
285 1549 552 1592 Huscnxms
594 1548 805 1592 coniecit=
850 1549 937 1588 Seu
974 1547 1112 1604 fudit
1159 1548 1326 1594 crines,
1373 1548 1450 1590 sed
1493 1549 1647 1590 leviter
1691 1547 1831 1602 tangit

126 1632 322 1686 figuram.
395 1632 506 1676 Vide
545 1632 900 1674 Dissertationem
940 1630 996 1674 de
1037 1629 1298 1687 Elocutione
1337 1631 1514 1674 Tibulli.
1546 1655 1604 1662 ——
1666 1645 1833 1674 vene-

126 1715 332 1769 randa,
386 1711 544 1757 πότνια
584 1717 934 1771 interpretantur.
1021 1715 1230 1758 Percellit
1272 1719 1460 1769 augusta
1502 1714 1651 1770 specie
1695 1716 1834 1757 ornati

127 1799 280 1854 capitis
319 1798 441 1853 quasi
483 1797 608 1840 deam
643 1797 806 1842 videas.
868 1797 1072 1840 Ceterum
1107 1798 1311 1842 Vtsm’ms
1345 1797 1491 1840 laudat
1521 1799 1697 1841 PLAu'r.
1730 1798 1833 1840 Mo-

126 1885 239 1928 stell.
268 1884 315 1938 I,
343 1888 399 1938 3,
430 1887 513 1927 172
562 1883 744 1926 Virtute
763 1882 948 1941 formae
977 1881 1027 1922 id
1054 1882 1227 1927 evenit,
1267 1889 1312 1922 tc
1342 1889 1397 1923 ut
1430 1881 1581 1922 deceat
1614 1880 1837 1940 quidquid

127 1966 310 2012 habeas.
337 1991 398 1999 —-
457 1967 567 2010 Mox
598 1966 654 2010 de
684 1966 840 2022 palla
870 1964 1124 2008 feminarum
1155 1964 1336 2019 exponit
1366 1964 1644 2006 Rom-'monn
1681 1965 1831 2008 Sabin.

125 2052 195 2105 11,
226 2055 328 2095 140.
390 2051 479 2097 Qui
508 2054 651 2093 tamen
690 2050 802 2092 male
840 2049 895 2092 ad
927 2050 1132 2092 amictum
1167 2061 1263 2090 eam
1302 2047 1460 2100 refert,
1504 2048 1617 2090 conf.
1648 2052 1834 2090 annota-

123 2136 286 2178 tionem
318 2138 507 2176 uostram
549 2131 604 2175 ad
643 2131 688 2185 I,
715 2135 758 2186 7,
787 2134 860 2176 46.
891 2153 951 2162 —-
1011 2130 1224 2183 voluit,
1267 2130 1429 2185 placuit
1459 2130 1515 2173 ei.
1545 2152 1604 2161 ——
1666 2131 1835 2173 nivea

123 2222 311 2271 veste,
351 2217 496 2260 tunica
525 2215 731 2270 candida,
772 2216 828 2259 cf.
859 2215 895 2269 1,
923 2219 968 2270 8,
998 2218 1070 2259 13.
1131 2214 1257 2257 Hanc
1287 2215 1426 2257 solum
1459 2214 1670 2269 gerebant
1703 2215 1835 2268 domi,

126 2299 285 2354 pallam
326 2297 648 2355 superindutam
693 2296 910 2341 habebant
950 2298 992 2340 iu
1039 2287 1258 2352 publicum
1300 2302 1523 2342 exeuntes.
1605 2298 1834 2342 Cumulate

127 2397 231 2426 vero
261 2382 371 2426 dixit
400 2381 531 2425 nivea
561 2381 778 2430 candida,
818 2382 1103 2439 oppositionis
1133 2381 1394 2424 nervosioris
1425 2394 1582 2435 causa,
1622 2386 1672 2424 ut
1701 2395 1834 2437 saepe

126 2468 334 2510 monitum
377 2471 445 2509 est
480 2479 622 2522 supra.
656 2487 713 2497 —
788 2465 975 2517 venit,
1019 2465 1063 2506 in
1106 2468 1384 2519 conspectum
1426 2464 1567 2518 venit,
1614 2468 1663 2506 ut
1702 2477 1834 2520 supra

125 2551 171 2603 l,
202 2553 255 2602 8,
289 2553 359 2591 15.
433 2549 635 2591 Ceterum
679 2545 809 2589 nivea
852 2554 973 2588 veste
1015 2546 1187 2592 venire,
1239 2547 1381 2604 ijria
1416 2546 1548 2604 palla
1585 2547 1835 2604 procedere,

127 2640 175 2677 ut
221 2636 456 2678 Pnopmuv.
496 2634 533 2687 I,
574 2637 618 2687 2,
660 2636 713 2676 l:
765 2639 924 2674 ornato
960 2632 1194 2689 procedere
1235 2632 1413 2688 capillo.
1461 2657 1521 2665 —
1581 2634 1636 2677 V.
1682 2637 1737 2676 13
1769 2648 1832 2688 sq.

128 2718 517 2770 Vertumnus,
559 2715 747 2759 maxime
790 2715 890 2757 olim
934 2715 976 2757 in
1019 2715 1198 2757 Etruria
1238 2718 1403 2770 cultus,
1459 2717 1559 2759 inde
1600 2719 1830 2760 translatus

127 2801 336 2854 Romam,
371 2801 476 2854 fuit,
512 2805 562 2843 ut
590 2799 782 2853 videtur,
816 2799 924 2842 deus
955 2801 1053 2843 anni
1085 2800 1405 2855 fertilitatisque
1435 2801 1577 2842 variae
1612 2813 1691 2856 per
1720 2806 1832 2843 tem·-

130 2897 283 2941 porum
313 2884 443 2938 vices,
473 2882 683 2927 exhibens
707 2883 856 2939 copias
884 2884 1049 2926 rurales
1080 2884 1185 2925 alias
1213 2890 1342 2937 atque
1370 2884 1476 2926 alias
1504 2897 1619 2937 vere,
1651 2889 1831 2939 aestate,

129 2972 387 3018 auctumno,
447 2965 561 3009 unde
601 2970 730 3022 aptus
773 2966 915 3009 dictus
959 2972 1027 3009 est
1068 2968 1109 3010 in
1153 2981 1301 3010 omnes
1346 2969 1507 3023 figuras
1553 2974 1598 3012 et
1645 2975 1832 3013 ornatus.

128 3050 276 3092 Locus
317 3050 521 3092 classicus
563 3048 619 3091 de
657 3059 710 3092 eo
743 3054 811 3091 est
847 3049 1086 3092 Pnopssaw.
1115 3049 1193 3104 lv,
1223 3053 1267 3093 2.
1310 3051 1382 3092 ubi
1421 3052 1518 3094 vide
1558 3053 1832 3109 interpreteS.

129 3134 254 3177 Adde
286 3134 578 3176 Cnuuznnun
618 3132 661 3175 iu
701 3132 896 3187 Symbol.
923 3132 988 3188 11,
1032 3148 1075 3190 p.
1098 3138 1200 3178 958.
1246 3141 1290 3178 et
1324 3137 1595 3179 Miinmfflum
1636 3138 1678 3179 iu
1722 3139 1831 3182 libro

130 3217 185 3261 de
227 3217 424 3261 Etruscis
468 3217 595 3262 Tom.
621 3217 689 3271 11,
733 3231 775 3274 p.
796 3221 871 3260 51.
903 3240 962 3249 —
1035 3217 1226 3272 felix,
1272 3219 1498 3262 distinctus
1540 3219 1620 3263 liae
1662 3234 1733 3273 re,
1784 3227 1832 3263 ut

131 3301 351 3344 Hermus
387 3306 504 3344 recte
542 3305 714 3355 monet,
756 3301 869 3344 inter
898 3304 1068 3343 ceteros
1098 3299 1205 3344 deos
1235 3302 1422 3359 Olympi.
1455 3326 1516 3335 —-
1574 3308 1830 3347 aeterno.

130 3383 271 3427 Miror
310 3385 551 3429 Huscmcro
591 3383 783 3430 arridere
823 3386 1050 3430 lectionem
1089 3387 1268 3431 alteram
1312 3387 1581 3442 quorundam
1625 3388 1829 3444 librorum
