2158 3750
350 250 455 297 298
744 241 1217 296 COMMENTAR.
1250 241 1329 297 IN
1365 241 1656 298 TIBULLI

351 389 465 433 Tum
498 388 725 432 disertiora
756 386 1048 443 explicatione
1079 385 1199 429 addit
1237 399 1350 442 quae
1380 386 1560 432 deerant
1599 388 1941 450 (Ausmablung
1973 392 2049 434 des

352 471 653 525 Gemc'ilzldes).
715 469 813 512 Hac
842 468 984 512 forma
1011 468 1314 525 descriptionis
1344 483 1430 513 non
1460 483 1560 514 raro
1584 475 1763 514 utuntur
1791 476 1973 518 veteres.
1990 496 2047 506 --

350 555 405 597 V.
440 556 524 596 101
560 566 655 607 sqq.
716 553 946 596 Postremo
978 550 1033 595 de
1063 553 1280 596 amoribus
1311 553 1441 608 dicit,
1487 567 1670 609 quorum
1709 556 1871 598 mentio
1901 557 1955 599 ab
1985 556 2049 600 his

347 637 520 680 rusticis
562 637 692 679 rebus
733 636 888 680 abesse
933 650 1018 680 non
1074 642 1259 693 poterat.
1300 660 1360 669 —-
1426 638 1668 692 Ingeret
1723 637 2048 682 maledicta.

346 718 507 762 Amans
549 718 750 762 Tibullus
789 722 1026 776 agrestium
1066 720 1285 765 hominum
1327 722 1600 778 incorruptos
1642 735 1724 765 nec
1765 721 2049 776 effeminatos,
2107 760 2110 763 Δ

348 802 431 844 etsi
463 803 602 844 minus
634 803 816 858 politos,
846 815 990 845 mores
1021 803 1193 859 saepius
1225 803 1279 846 de
1310 803 1469 846 talibus
1500 803 1605 846 rixis
1637 803 1769 857 dicit,
1816 802 1873 848 cf.
1907 802 1944 856 I,
1977 805 2050 856 10,

347 886 406 926 53
439 897 533 940 sqq.
595 885 801 927 Ceterum
831 884 1030 943 ingerere
1071 886 1294 942 proprium
1334 885 1390 929 de
1421 887 1546 929 malis
1577 886 1746 940 verbis,
1783 890 1834 929 ut
1867 890 2052 940 constat,
2118 937 2122 942 ⁵

345 966 446 1009 vide
477 967 777 1023 Huscmmm,
808 970 881 1023 qui
917 982 956 1011 v·
979 983 1019 1013 c.
1050 970 1228 1015 in'r.
1250 971 1370 1014 Asin.
1393 971 1448 1024 V,
1469 973 1513 1023 2,
1535 975 1607 1014 77.
1640 970 1824 1013 Ηοιιᾼτ.
1848 970 1988 1012 Serm.
2013 968 2049 1022 1,

345 1051 390 1103 5,
426 1052 495 1093 ll.
530 1050 672 1092 affert.
703 1074 764 1082 —
799 1051 960 1094 ferus
990 1052 1095 1094 ille
1127 1065 1286 1105 suae,
1315 1052 1388 1107 qui
1419 1065 1531 1095 nunc
1563 1052 1681 1095 ferus
1715 1057 1899 1106 amatae,
1933 1050 2048 1093 idem

343 1132 502 1177 deinde
533 1134 703 1176 sobrius
733 1135 935 1189 plorabit.
997 1135 1117 1177 Male
1146 1136 1555 1178 mennmcmus
1584 1134 1780 1190 plorabit
1812 1148 1922 1176 suae
1953 1134 2050 1175 iun-

344 1217 410 1271 git
436 1217 479 1259 in
511 1219 792 1260 annotatione
824 1218 878 1260 ad
910 1218 990 1271 ΙΙΙ,
1020 1223 1063 1272 6,
1091 1221 1164 1261 40.
1196 1242 1255 1251 -—
1301 1224 1487 1262 mente
1519 1219 1669 1261 mala
1699 1217 1907 1269 fuisse,
1939 1215 1980 1258 h.
2009 1230 2048 1259 e.

341 1301 556 1353 insanum,
587 1300 818 1344 vecordem
849 1301 999 1345 fuisse.
1059 1300 1143 1343 Est
1173 1301 1374 1354 formula,
1403 1315 1490 1356 qua
1520 1301 1688 1343 veniam
1719 1303 1919 1357 petentes
1951 1304 2048 1341 ute-

342 1385 513 1428 bantur.
575 1384 834 1428 observavit
878 1384 1032 1426 DousA
1063 1383 1319 1426 Praecidan.
1352 1397 1390 1426 c.
1423 1387 1466 1425 8.
1510 1382 1689 1425 laudans
1730 1384 1952 1425 Senecam
1995 1380 2050 1424 de

343 1467 498 1510 Benef.
523 1466 600 1520 Ill,
624 1469 709 1511 27:
739 1465 900 1524 Rufus
932 1465 1003 1508 vir
1033 1464 1201 1508 ordinis
1229 1465 1446 1507 senatorii
1476 1465 1620 1507 iocum
1653 1464 1872 1522 quendam
1902 1461 2050 1507 ebrius

334 1549 596 1607 protulerat
638 1548 685 1590 in
724 1547 917 1590 reditum
958 1547 1180 1606 Augusti.
1249 1549 1370 1589 Usus
1406 1554 1568 1603 postea
1610 1546 1791 1588 consilio
1818 1545 1937 1588 servi
1973 1545 2052 1587 de-

284 1676 290 1682 ,
342 1631 570 1675 scendenti
601 1630 785 1674 Caesari
824 1630 1048 1678 occurrit,
1091 1637 1136 1671 et
1181 1644 1281 1672 cum
1321 1628 1487 1671 malam
1526 1634 1712 1670 mentem
1753 1625 1965 1670 habuisse
2003 1642 2051 1671 se

334 1714 482 1770 pridie
511 1714 722 1761 iurasset,
751 1714 801 1755 id
830 1721 883 1756 ut
909 1714 958 1755 in
988 1728 1034 1755 se
1063 1721 1108 1754 et
1129 1713 1260 1769 filios
1291 1727 1396 1756 suos
1428 1710 1643 1754 recideret
1669 1710 1862 1768 optavit.
1925 1713 2050 1755 Dou-
2116 1748 2119 1753 .

341 1813 422 1842 sm
469 1799 760 1855 explicatione
807 1798 875 1841 usi
928 1803 1029 1840 sunt
1085 1798 1472 1850 Bnoucxnusms,
1528 1797 1763 1849 Vtmrms,
1814 1795 2048 1849 Hermus,

343 1883 768 1936 Wunnnmmmm,
799 1884 1102 1926 Gonnssnxtss.
1133 1905 1193 1916 —
1223 1883 1278 1926 V.
1313 1886 1397 1925 105
1426 1894 1522 1936 sqq.
1542 1907 1547 1910 -
1565 1879 1812 1922 Transitum
1843 1882 1967 1934 parat
1994 1876 2048 1920 ad

339 1977 442 2007 suos
473 1965 610 2020 ipsius
646 1966 855 2017 Amores,
902 1964 1018 2018 quod
1050 1966 1099 2007 fit
1130 1976 1208 2019 per
1239 1965 1466 2018 generales
1497 1963 1746 2007 sententias.
1805 1962 2048 2016 Abruptam
2132 2016 2134 2018 ι

338 2049 605 2101 orationem,
635 2061 763 2102 quam
797 2048 1017 2091 Hermus
1050 2048 1180 2102 dicit,
1211 2060 1297 2089 non
1328 2047 1468 2090 video.
1501 2069 1562 2080 —
1605 2047 1756 2090 Pace
1797 2049 1917 2099 tua,
1948 2057 2048 2088 cum

337 2146 484 2175 arcum
518 2137 562 2175 et
592 2134 775 2186 sagittas
812 2134 943 2174 etiam
975 2130 1180 2175 Phoebus
1212 2137 1370 2186 gestet.
1404 2155 1458 2163 —
1506 2131 1672 2175 dedit
1701 2131 1925 2184 malum,
1967 2143 2048 2173 no-

338 2218 441 2258 cuit.
507 2214 687 2256 Confert
732 2215 938 2258 VULPms
982 2213 1162 2255 Terent·
1206 2213 1336 2257 Andr.
1368 2213 1403 2266 I,
1438 2217 1480 2267 1,
1512 2217 1627 2258 1152
1676 2214 1796 2255 Nam
1837 2212 1878 2255 si
1917 2211 2048 2254 illum

342 2295 574 2354 obiurges,
616 2294 740 2337 vitae
773 2295 850 2354 qui
882 2295 1108 2337 auxilium
1139 2296 1275 2343 tulit,
1310 2296 1434 2353 Quid
1453 2296 1616 2354 facias
1646 2295 1734 2343 illi,
1769 2295 1847 2356 qui
1879 2295 2049 2339 dederit

339 2378 550 2420 damnum
587 2386 672 2419 aut
716 2377 908 2424 malum,
953 2381 997 2420 et
1028 2376 1135 2419 illud
1176 2390 1202 2420 e
1245 2377 1562 2421 Tenem-uno
1594 2378 1767 2421 MAtmo
1808 2377 1864 2421 de
1893 2378 2049 2422 Mettis
2132 2391 2133 2394 ¹

336 2463 468 2506 etiam
512 2462 567 2505 ab
609 2462 782 2516 Heynio
825 2462 1026 2505 allatum:
1066 2463 1131 2502 Et
1163 2461 1336 2503 Naevio
1374 2469 1537 2518 poetae
1580 2464 1688 2503 Cum
1719 2476 1852 2518 saepe
1895 2460 2044 2503 laede-

335 2553 496 2587 rentur
525 2543 718 2586 Dabunt
746 2543 912 2586 malum
942 2543 1133 2588 Metelli.
1165 2569 1224 2578 —
1271 2546 1325 2589 V.
1361 2549 1448 2588 109
1481 2559 1573 2600 sqq.
1624 2546 1791 2590 faveo
1832 2547 2045 2601 morbo,

335 2631 556 2685 indulgeo,
619 2630 857 2673 Conferant
887 2631 1095 2673 Vunpms
1128 2634 1173 2672 et
1203 2629 1423 2672 Hermus
1453 2630 1581 2672 Ovid.
1613 2632 1780 2674 Amorr.
1803 2630 1862 2685 11,
1889 2636 1932 2685 5,
1963 2634 2046 2674 11:

327 2712 516 2769 ferreus
545 2720 614 2753 est
644 2711 915 2769 nimiumque
958 2726 1040 2753 suo
1075 2709 1216 2767 favet
1257 2710 1334 2750 ille
1376 2710 1544 2758 dolori,
1593 2711 1666 2753 cui
1701 2712 1881 2768 petitur
1921 2713 2046 2756 victa
2112 2708 2116 2711 ’

330 2794 489 2852 palma
533 2803 721 2837 cruenta
763 2810 854 2838 rea.
916 2795 976 2837 Et
1019 2794 1149 2838 habet
1192 2795 1320 2837 etiam
1352 2795 1436 2836 alia
1466 2796 1602 2837 multa
1636 2796 1865 2850 Vntmus,
1911 2797 2045 2840 veluti

337 2879 455 2934 quod
484 2880 726 2923 LAc'rAN'r.
757 2879 812 2923 D.
843 2879 878 2922 I.
910 2880 938 2921 l.
972 2879 1007 2921 Ι.
1041 2893 1079 2922 c.
1105 2882 1146 2922 1.
1177 2879 1304 2921 dicit:
1350 2877 1548 2919 Scientes
1581 2877 1712 2920 malis
1741 2878 1836 2920 suis
1863 2877 2046 2936 favent.
2130 2927 2134 2935 '

335 2962 450 3004 Vide
492 2964 622 3005 etiam
663 2963 1116 3004 Ml'rscnnnmcmmu
1159 2959 1215 3002 ad
1257 2959 1411 3002 Horat.
1442 2959 1478 3013 Ι,
1509 2962 1585 3013 27,
1618 2962 1688 3003 11.
1733 2960 1806 3014 qui
1850 2959 2045 3004 Hesron.
2128 2960 2135 2978 ²³

318 3039 450 3100 ’'Epy.
481 3047 566 3087 58:
613 3039 678 3084 ἒδν
719 3039 849 3084 κακὸν
892 3039 1139 3098 α’μφαγαπᾷ
1182 3047 1418 3098 comparat.
1491 3042 1581 3086 Sed
1623 3044 1888 3086 constructio
1928 3042 2043 3099 apud

336 3124 557 3168 Tibullum
601 3125 743 3168 dubia.
807 3126 951 3179 Vulgo
989 3126 1158 3180 virgula
1189 3127 1363 3181 ponitur
1401 3129 1501 3180 post
1542 3126 1862 3180 praecipue
1903 3131 1947 3168 et
1978 3139 2043 3182 pr.

336 3221 455 3250 cum
488 3210 530 3250 in
565 3214 834 3263 pentametro
865 3222 963 3251 cum
985 3210 1273 3251 PAssnRA'no
1302 3210 1504 3251 scribitur
1532 3215 1640 3254 tam,
1674 3207 1755 3251 hoc
1779 3223 1908 3252 sensu
1935 3211 2037 3254 loci:

337 3291 427 3344 „Et
469 3291 570 3334 mihi
616 3292 848 3348 praecipue
890 3293 1010 3335 dedit
1048 3295 1233 3347 malum,
1275 3307 1370 3336 cum
1418 3294 1591 3336 saucius
1631 3307 1786 3337 annum
1831 3296 1952 3338 iaceo
1996 3300 2039 3338 et

337 3377 406 3419 alo
440 3375 663 3430 morbum,
696 3382 782 3420 tam
815 3377 933 3420 iuvat
965 3379 1058 3434 ipse
1090 3378 1236 3421 dolor!
1305 3379 1450 3432 Usque
1482 3391 1590 3421 cano
1623 3377 1889 3423 Nemesim.“
1948 3378 2036 3422 Sed
