<?xml version="1.0" encoding="UTF-8"?>
<!DOCTYPE html PUBLIC "-//W3C//DTD XHTML 1.0 Transitional//EN"
    "http://www.w3.org/TR/xhtml1/DTD/xhtml1-transitional.dtd">
<html xmlns="http://www.w3.org/1999/xhtml" xml:lang="en" lang="en">
 <head>
  <title>
</title>
<meta http-equiv="Content-Type" content="text/html;charset=utf-8" />
  <meta name='ocr-system' content='tesseract 3.04.00' />
  <meta name='ocr-capabilities' content='ocr_page ocr_carea ocr_par ocr_line ocrx_word'/>
</head>
<body>
  <div class='ocr_page' id='page_1' title='image "./carminaexrecensi01tibuuoft_0454.png"; bbox 0 0 2158 3750; ppageno 0'>
   <div class='ocr_carea' id='block_1_1' title="bbox 310 279 1613 337">
    <p class='ocr_par' dir='ltr' id='par_1_1' title="bbox 310 279 1613 337">
     <span class='ocr_line' id='line_1_1' title="bbox 310 279 1613 337; baseline -0.004 0"><span class='ocrx_word' id='word_1_1' title='bbox 310 289 407 337; x_wconf 81' lang='lat'><strong>122</strong></span> <span class='ocrx_word' id='word_1_2' title='bbox 706 279 1176 335; x_wconf 84' lang='lat' dir='ltr'><strong>COMMENTAR.</strong></span> <span class='ocrx_word' id='word_1_3' title='bbox 1211 279 1288 334; x_wconf 89' lang='lat' dir='ltr'><strong>IN</strong></span> <span class='ocrx_word' id='word_1_4' title='bbox 1325 279 1613 332; x_wconf 90' lang='lat' dir='ltr'>TIBULLI</span> 
     </span>
    </p>
   </div>
   <div class='ocr_carea' id='block_1_2' title="bbox 265 422 2007 3313">
    <p class='ocr_par' dir='ltr' id='par_1_2' title="bbox 265 422 2007 3313">
     <span class='ocr_line' id='line_1_2' title="bbox 304 422 2007 480; baseline -0.002 -10"><span class='ocrx_word' id='word_1_5' title='bbox 304 427 469 480; x_wconf 86' lang='lat' dir='ltr'><strong>Simul,</strong></span> <span class='ocrx_word' id='word_1_6' title='bbox 501 426 588 479; x_wconf 85' lang='lat' dir='ltr'><strong>ait,</strong></span> <span class='ocrx_word' id='word_1_7' title='bbox 631 427 821 468; x_wconf 88' lang='lat' dir='ltr'><strong>terreant</strong></span> <span class='ocrx_word' id='word_1_8' title='bbox 852 426 898 465; x_wconf 91' lang='lat' dir='ltr'><strong>et</strong></span> <span class='ocrx_word' id='word_1_9' title='bbox 926 422 1191 466; x_wconf 89' lang='lat' dir='ltr'><strong>insectentur</strong></span> <span class='ocrx_word' id='word_1_10' title='bbox 1224 435 1320 467; x_wconf 89' lang='lat' dir='ltr'><strong>eam</strong></span> <span class='ocrx_word' id='word_1_11' title='bbox 1351 422 1528 465; x_wconf 81' lang='lat' dir='ltr'>umbrae</span> <span class='ocrx_word' id='word_1_12' title='bbox 1559 426 1826 466; x_wconf 90' lang='lat' dir='ltr'><strong>mortuorum</strong></span> <span class='ocrx_word' id='word_1_13' title='bbox 1856 434 2007 466; x_wconf 88' lang='lat' dir='ltr'><strong>aman-</strong></span> 
     </span>
     <span class='ocr_line' id='line_1_3' title="bbox 302 504 2006 562; baseline -0.002 -11"><span class='ocrx_word' id='word_1_14' title='bbox 302 510 407 551; x_wconf 82' lang='lat' dir='ltr'>tium</span> <span class='ocrx_word' id='word_1_15' title='bbox 425 541 438 562; x_wconf 93' lang='lat'><strong>,</strong></span> <span class='ocrx_word' id='word_1_16' title='bbox 469 518 651 561; x_wconf 90' lang='lat' dir='ltr'><strong>quorum</strong></span> <span class='ocrx_word' id='word_1_17' title='bbox 684 516 852 548; x_wconf 89' lang='lat' dir='ltr'><strong>amores</strong></span> <span class='ocrx_word' id='word_1_18' title='bbox 884 504 1010 547; x_wconf 86' lang='lat' dir='ltr'><strong>laesit</strong></span> <span class='ocrx_word' id='word_1_19' title='bbox 1037 505 1250 562; x_wconf 80' lang='lat' dir='ltr'>corruptis</span> <span class='ocrx_word' id='word_1_20' title='bbox 1282 505 1464 560; x_wconf 85' lang='lat' dir='ltr'><strong>puellis,</strong></span> <span class='ocrx_word' id='word_1_21' title='bbox 1496 510 1541 547; x_wconf 89' lang='lat' dir='ltr'><strong>et</strong></span> <span class='ocrx_word' id='word_1_22' title='bbox 1571 510 1755 548; x_wconf 87' lang='lat' dir='ltr'><strong>mortem</strong></span> <span class='ocrx_word' id='word_1_23' title='bbox 1785 505 2006 549; x_wconf 86' lang='lat' dir='ltr'><strong>accelera-</strong></span> 
     </span>
     <span class='ocr_line' id='line_1_4' title="bbox 302 588 2005 646; baseline -0.004 -9"><span class='ocrx_word' id='word_1_24' title='bbox 302 594 362 637; x_wconf 81' lang='lat' dir='ltr'><strong>vit</strong></span> <span class='ocrx_word' id='word_1_25' title='bbox 404 605 603 636; x_wconf 88' lang='lat' dir='ltr'><strong>moerore</strong></span> <span class='ocrx_word' id='word_1_26' title='bbox 646 590 768 632; x_wconf 85' lang='lat' dir='ltr'><strong>illato</strong></span> <span class='ocrx_word' id='word_1_27' title='bbox 809 590 1014 634; x_wconf 83' lang='lat' dir='ltr'><strong>maximo.</strong></span> <span class='ocrx_word' id='word_1_28' title='bbox 1088 588 1203 635; x_wconf 82' lang='lat' dir='ltr'><strong>Nam</strong></span> <span class='ocrx_word' id='word_1_29' title='bbox 1245 593 1536 646; x_wconf 86' lang='lat' dir='ltr'><strong>peremtorum</strong></span> <span class='ocrx_word' id='word_1_30' title='bbox 1581 589 1746 632; x_wconf 84' lang='lat' dir='ltr'><strong>animas</strong></span> <span class='ocrx_word' id='word_1_31' title='bbox 1792 589 2005 632; x_wconf 87' lang='lat' dir='ltr'><strong>violenter</strong></span> 
     </span>
     <span class='ocr_line' id='line_1_5' title="bbox 302 672 2006 729; baseline -0.002 -12"><span class='ocrx_word' id='word_1_32' title='bbox 302 675 503 718; x_wconf 86' lang='lat' dir='ltr'><strong>insectari</strong></span> <span class='ocrx_word' id='word_1_33' title='bbox 537 687 637 728; x_wconf 86' lang='lat' dir='ltr'><strong>eos,</strong></span> <span class='ocrx_word' id='word_1_34' title='bbox 681 687 709 716; x_wconf 82' lang='lat' dir='ltr'><strong>a</strong></span> <span class='ocrx_word' id='word_1_35' title='bbox 738 673 894 729; x_wconf 86' lang='lat' dir='ltr'><strong>quibus</strong></span> <span class='ocrx_word' id='word_1_36' title='bbox 925 673 1052 717; x_wconf 85' lang='lat' dir='ltr'><strong>morti</strong></span> <span class='ocrx_word' id='word_1_37' title='bbox 1083 674 1174 716; x_wconf 82' lang='lat' dir='ltr'><strong>dati</strong></span> <span class='ocrx_word' id='word_1_38' title='bbox 1204 678 1376 727; x_wconf 85' lang='lat' dir='ltr'><strong>essent,</strong></span> <span class='ocrx_word' id='word_1_39' title='bbox 1407 673 1598 728; x_wconf 86' lang='lat' dir='ltr'><strong>vulgaris</strong></span> <span class='ocrx_word' id='word_1_40' title='bbox 1627 672 1710 715; x_wconf 87' lang='lat' dir='ltr'><strong>fuit</strong></span> <span class='ocrx_word' id='word_1_41' title='bbox 1739 673 2006 727; x_wconf 76' lang='lat' dir='ltr'><strong>antiquitatis</strong></span> 
     </span>
     <span class='ocr_line' id='line_1_6' title="bbox 300 753 2005 816; baseline -0.002 -14"><span class='ocrx_word' id='word_1_42' title='bbox 300 759 459 816; x_wconf 86' lang='lat' dir='ltr'><strong>opinio.</strong></span> <span class='ocrx_word' id='word_1_43' title='bbox 519 758 607 801; x_wconf 89' lang='lat' dir='ltr'><strong>Hic</strong></span> <span class='ocrx_word' id='word_1_44' title='bbox 646 758 807 800; x_wconf 85' lang='lat' dir='ltr'><strong>multos</strong></span> <span class='ocrx_word' id='word_1_45' title='bbox 841 757 896 800; x_wconf 88' lang='lat' dir='ltr'><strong>de</strong></span> <span class='ocrx_word' id='word_1_46' title='bbox 933 770 986 800; x_wconf 88' lang='lat' dir='ltr'><strong>ea</strong></span> <span class='ocrx_word' id='word_1_47' title='bbox 1025 769 1074 800; x_wconf 88' lang='lat' dir='ltr'><strong>re</strong></span> <span class='ocrx_word' id='word_1_48' title='bbox 1116 757 1237 799; x_wconf 89' lang='lat' dir='ltr'><strong>locos</strong></span> <span class='ocrx_word' id='word_1_49' title='bbox 1280 755 1486 798; x_wconf 88' lang='lat' dir='ltr'><strong>indicavit</strong></span> <span class='ocrx_word' id='word_1_50' title='bbox 1517 756 1903 808; x_wconf 77' lang='lat' dir='ltr'><strong>Bnoucxumsms,</strong></span> <span class='ocrx_word' id='word_1_51' title='bbox 1949 753 2005 798; x_wconf 87' lang='lat' dir='ltr'><strong>cf.</strong></span> 
     </span>
     <span class='ocr_line' id='line_1_7' title="bbox 299 838 2000 897; baseline -0.002 -12"><span class='ocrx_word' id='word_1_52' title='bbox 299 857 338 885; x_wconf 82' lang='lat' dir='ltr'><strong>v.</strong></span> <span class='ocrx_word' id='word_1_53' title='bbox 370 856 407 886; x_wconf 91' lang='lat' dir='ltr'><strong>c.</strong></span> <span class='ocrx_word' id='word_1_54' title='bbox 440 841 622 885; x_wconf 68' lang='lat' dir='ltr'><strong>HonA&#39;r.</strong></span> <span class='ocrx_word' id='word_1_55' title='bbox 663 841 806 897; x_wconf 84' lang='lat' dir='ltr'><strong>Epod.</strong></span> <span class='ocrx_word' id='word_1_56' title='bbox 837 842 892 895; x_wconf 89' lang='lat' dir='ltr'><strong>V,</strong></span> <span class='ocrx_word' id='word_1_57' title='bbox 922 844 983 884; x_wconf 79' lang='lat'><strong>92</strong></span> <span class='ocrx_word' id='word_1_58' title='bbox 1012 854 1106 897; x_wconf 93' lang='lat' dir='ltr'><strong>sqq.</strong></span> <span class='ocrx_word' id='word_1_59' title='bbox 1156 841 1298 885; x_wconf 59' lang='lat' dir='ltr'><strong>Vnus.</strong></span> <span class='ocrx_word' id='word_1_60' title='bbox 1329 841 1437 883; x_wconf 89' lang='lat' dir='ltr'><strong>Aen.</strong></span> <span class='ocrx_word' id='word_1_61' title='bbox 1466 839 1544 889; x_wconf 87' lang='lat' dir='ltr'><strong>IV,</strong></span> <span class='ocrx_word' id='word_1_62' title='bbox 1574 842 1679 882; x_wconf 83' lang='lat'><strong>385.</strong></span> <span class='ocrx_word' id='word_1_63' title='bbox 1725 838 1860 882; x_wconf 83' lang='lat' dir='ltr'><strong>Ovm.</strong></span> <span class='ocrx_word' id='word_1_64' title='bbox 1890 838 2000 882; x_wconf 86' lang='lat' dir='ltr'><strong>lbid.</strong></span> 
     </span>
     <span class='ocr_line' id='line_1_8' title="bbox 301 921 2006 978; baseline -0.001 -11"><span class='ocrx_word' id='word_1_65' title='bbox 301 927 403 969; x_wconf 86' lang='lat'><strong>145.</strong></span> <span class='ocrx_word' id='word_1_66' title='bbox 447 925 627 970; x_wconf 78' lang='lat' dir='ltr'><strong>VALER.</strong></span> <span class='ocrx_word' id='word_1_67' title='bbox 658 924 826 968; x_wconf 65' lang='lat' dir='ltr'><strong>Fumo.</strong></span> <span class='ocrx_word' id='word_1_68' title='bbox 861 923 940 978; x_wconf 84' lang='grc' dir='ltr'><strong>ΙΙΙ,</strong></span> <span class='ocrx_word' id='word_1_69' title='bbox 971 926 1061 968; x_wconf 85' lang='grc'><strong>378</strong></span> <span class='ocrx_word' id='word_1_70' title='bbox 1090 936 1186 978; x_wconf 86' lang='lat' dir='ltr'><strong>sqq.</strong></span> <span class='ocrx_word' id='word_1_71' title='bbox 1233 923 1376 967; x_wconf 60' lang='lat' dir='ltr'><strong>Smer.</strong></span> <span class='ocrx_word' id='word_1_72' title='bbox 1407 921 1550 965; x_wconf 89' lang='lat' dir='ltr'><strong>Theb.</strong></span> <span class='ocrx_word' id='word_1_73' title='bbox 1579 922 1660 978; x_wconf 88' lang='lat'><strong>111,</strong></span> <span class='ocrx_word' id='word_1_74' title='bbox 1690 926 1765 967; x_wconf 92' lang='grc'><strong>75.</strong></span> <span class='ocrx_word' id='word_1_75' title='bbox 1795 945 1856 956; x_wconf 93' lang='grc'>-</span> <span class='ocrx_word' id='word_1_76' title='bbox 1903 935 2006 967; x_wconf 81' lang='lat' dir='ltr'><strong>sua</strong></span> 
     </span>
     <span class='ocr_line' id='line_1_9' title="bbox 298 1004 2005 1064; baseline -0.002 -13"><span class='ocrx_word' id='word_1_77' title='bbox 298 1009 422 1053; x_wconf 82' lang='lat' dir='ltr'><strong>fata</strong></span> <span class='ocrx_word' id='word_1_78' title='bbox 451 1012 790 1064; x_wconf 83' lang='lat' dir='ltr'><strong>querentes,</strong></span> <span class='ocrx_word' id='word_1_79' title='bbox 820 1011 1138 1064; x_wconf 81' lang='lat' dir='ltr'><strong>praematuram</strong></span> <span class='ocrx_word' id='word_1_80' title='bbox 1167 1011 1442 1051; x_wconf 89' lang='lat' dir='ltr'><strong>mortem.—</strong></span> <span class='ocrx_word' id='word_1_81' title='bbox 1471 1007 1736 1062; x_wconf 86' lang='lat' dir='ltr'><strong>Semper,</strong></span> <span class='ocrx_word' id='word_1_82' title='bbox 1766 1004 1860 1049; x_wconf 88' lang='lat' dir='ltr'><strong>h.e.</strong></span> <span class='ocrx_word' id='word_1_83' title='bbox 1890 1018 2005 1049; x_wconf 89' lang='lat' dir='ltr'><strong>nun-</strong></span> 
     </span>
     <span class='ocr_line' id='line_1_10' title="bbox 297 1089 2003 1150; baseline 0.001 -17"><span class='ocrx_word' id='word_1_84' title='bbox 297 1105 425 1147; x_wconf 89' lang='lat' dir='ltr'><strong>quam</strong></span> <span class='ocrx_word' id='word_1_85' title='bbox 455 1093 601 1135; x_wconf 87' lang='lat' dir='ltr'><strong>vetula</strong></span> <span class='ocrx_word' id='word_1_86' title='bbox 631 1093 804 1150; x_wconf 84' lang='lat' dir='ltr'><strong>placare</strong></span> <span class='ocrx_word' id='word_1_87' title='bbox 844 1093 982 1148; x_wconf 86' lang='lat' dir='ltr'><strong>possit</strong></span> <span class='ocrx_word' id='word_1_88' title='bbox 1024 1103 1099 1133; x_wconf 88' lang='lat' dir='ltr'><strong>eas</strong></span> <span class='ocrx_word' id='word_1_89' title='bbox 1129 1095 1179 1133; x_wconf 93' lang='lat' dir='ltr'><strong>ut</strong></span> <span class='ocrx_word' id='word_1_90' title='bbox 1208 1090 1406 1133; x_wconf 87' lang='lat' dir='ltr'><strong>desinant</strong></span> <span class='ocrx_word' id='word_1_91' title='bbox 1434 1091 1630 1144; x_wconf 78' lang='lat' dir='ltr'><strong>saevire3</strong></span> <span class='ocrx_word' id='word_1_92' title='bbox 1675 1089 1860 1133; x_wconf 88' lang='lat' dir='ltr'><strong>durabat</strong></span> <span class='ocrx_word' id='word_1_93' title='bbox 1890 1089 2003 1134; x_wconf 87' lang='lat' dir='ltr'><strong>enim</strong></span> 
     </span>
     <span class='ocr_line' id='line_1_11' title="bbox 296 1174 2003 1231; baseline -0.002 -10"><span class='ocrx_word' id='word_1_94' title='bbox 296 1179 394 1221; x_wconf 71' lang='lat' dir='ltr'><strong>tells</strong></span> <span class='ocrx_word' id='word_1_95' title='bbox 434 1178 628 1220; x_wconf 89' lang='lat' dir='ltr'><strong>Manium</strong></span> <span class='ocrx_word' id='word_1_96' title='bbox 670 1177 848 1220; x_wconf 84' lang='lat' dir='ltr'><strong>saevitia</strong></span> <span class='ocrx_word' id='word_1_97' title='bbox 889 1175 1029 1218; x_wconf 89' lang='lat' dir='ltr'><strong>donec</strong></span> <span class='ocrx_word' id='word_1_98' title='bbox 1069 1175 1215 1229; x_wconf 91' lang='lat' dir='ltr'><strong>aliquo</strong></span> <span class='ocrx_word' id='word_1_99' title='bbox 1250 1174 1382 1217; x_wconf 88' lang='lat' dir='ltr'><strong>modo</strong></span> <span class='ocrx_word' id='word_1_100' title='bbox 1411 1175 1572 1230; x_wconf 87' lang='lat' dir='ltr'><strong>placati</strong></span> <span class='ocrx_word' id='word_1_101' title='bbox 1603 1179 1648 1218; x_wconf 89' lang='lat' dir='ltr'><strong>et</strong></span> <span class='ocrx_word' id='word_1_102' title='bbox 1677 1175 1898 1231; x_wconf 87' lang='lat' dir='ltr'><strong>propitiati</strong></span> <span class='ocrx_word' id='word_1_103' title='bbox 1929 1188 2003 1218; x_wconf 86' lang='lat' dir='ltr'><strong>es-</strong></span> 
     </span>
     <span class='ocr_line' id='line_1_12' title="bbox 295 1257 2004 1314; baseline -0.002 -9"><span class='ocrx_word' id='word_1_104' title='bbox 295 1266 416 1314; x_wconf 86' lang='lat' dir='ltr'><strong>sent,</strong></span> <span class='ocrx_word' id='word_1_105' title='bbox 445 1261 499 1304; x_wconf 83' lang='lat' dir='ltr'><strong>cf.</strong></span> <span class='ocrx_word' id='word_1_106' title='bbox 533 1262 741 1303; x_wconf 70' lang='lat' dir='ltr'><strong>Sun&#39;ron.</strong></span> <span class='ocrx_word' id='word_1_107' title='bbox 772 1259 914 1314; x_wconf 88' lang='lat' dir='ltr'><strong>Calig.</strong></span> <span class='ocrx_word' id='word_1_108' title='bbox 945 1262 1021 1302; x_wconf 86' lang='grc'><strong>59.</strong></span> <span class='ocrx_word' id='word_1_109' title='bbox 1054 1257 1215 1304; x_wconf 87' lang='lat' dir='ltr'><strong>Othon.</strong></span> <span class='ocrx_word' id='word_1_110' title='bbox 1246 1272 1288 1302; x_wconf 86' lang='lat' dir='ltr'><strong>c.</strong></span> <span class='ocrx_word' id='word_1_111' title='bbox 1318 1262 1392 1314; x_wconf 87' lang='grc'><strong>7.,</strong></span> <span class='ocrx_word' id='word_1_112' title='bbox 1423 1270 1534 1313; x_wconf 84' lang='lat' dir='ltr'><strong>quos</strong></span> <span class='ocrx_word' id='word_1_113' title='bbox 1562 1258 1684 1301; x_wconf 81' lang='lat' dir='ltr'><strong>locos</strong></span> <span class='ocrx_word' id='word_1_114' title='bbox 1712 1258 2004 1302; x_wconf 72' lang='lat' dir='ltr'><strong>Bnoucxuu-</strong></span> 
     </span>
     <span class='ocr_line' id='line_1_13' title="bbox 295 1339 2000 1395; baseline -0.001 -9"><span class='ocrx_word' id='word_1_115' title='bbox 295 1357 390 1387; x_wconf 73' lang='lat' dir='ltr'><strong>stus</strong></span> <span class='ocrx_word' id='word_1_116' title='bbox 422 1342 584 1386; x_wconf 87' lang='lat' dir='ltr'><strong>laudat.</strong></span> <span class='ocrx_word' id='word_1_117' title='bbox 619 1366 676 1374; x_wconf 94' lang='lat'><strong>—</strong></span> <span class='ocrx_word' id='word_1_118' title='bbox 727 1342 877 1386; x_wconf 82' lang='lat' dir='ltr'><strong>strix</strong></span> <span class='ocrx_word' id='word_1_119' title='bbox 917 1341 1176 1384; x_wconf 86' lang='lat' dir='ltr'><strong>violenta</strong></span> <span class='ocrx_word' id='word_1_120' title='bbox 1216 1345 1413 1395; x_wconf 88' lang='lat' dir='ltr'><strong>canat,</strong></span> <span class='ocrx_word' id='word_1_121' title='bbox 1451 1339 1632 1394; x_wconf 83' lang='lat' dir='ltr'><strong>infesta,</strong></span> <span class='ocrx_word' id='word_1_122' title='bbox 1676 1343 1726 1383; x_wconf 92' lang='lat' dir='ltr'><strong>ut</strong></span> <span class='ocrx_word' id='word_1_123' title='bbox 1765 1340 2000 1395; x_wconf 72' lang='lat' dir='ltr'><strong>Hermus,</strong></span> 
     </span>
     <span class='ocr_line' id='line_1_14' title="bbox 292 1421 2000 1479; baseline -0.001 -11"><span class='ocrx_word' id='word_1_124' title='bbox 292 1427 509 1479; x_wconf 67' lang='lat' dir='ltr'><strong>Vosmus,</strong></span> <span class='ocrx_word' id='word_1_125' title='bbox 556 1425 960 1468; x_wconf 64' lang='lat' dir='ltr'><strong>Wmsunumcnms</strong></span> <span class='ocrx_word' id='word_1_126' title='bbox 1000 1423 1353 1479; x_wconf 85' lang='lat' dir='ltr'><strong>interpretantur.</strong></span> <span class='ocrx_word' id='word_1_127' title='bbox 1428 1421 1516 1466; x_wconf 91' lang='lat' dir='ltr'><strong>Hic</strong></span> <span class='ocrx_word' id='word_1_128' title='bbox 1558 1423 1699 1467; x_wconf 74' lang='lat' dir='ltr'><strong>Vme-</strong></span> <span class='ocrx_word' id='word_1_129' title='bbox 1741 1423 1850 1467; x_wconf 84' lang='lat' dir='ltr'><strong>Aen.</strong></span> <span class='ocrx_word' id='word_1_130' title='bbox 1898 1423 2000 1478; x_wconf 91' lang='lat' dir='ltr'>XII,</span> 
     </span>
     <span class='ocr_line' id='line_1_15' title="bbox 291 1504 1999 1566; baseline -0.002 -13"><span class='ocrx_word' id='word_1_131' title='bbox 291 1513 394 1553; x_wconf 79' lang='lat'><strong>864.</strong></span> <span class='ocrx_word' id='word_1_132' title='bbox 425 1514 673 1566; x_wconf 85' lang='lat' dir='ltr'><strong>comparat,</strong></span> <span class='ocrx_word' id='word_1_133' title='bbox 714 1509 789 1552; x_wconf 89' lang='lat' dir='ltr'><strong>ubi</strong></span> <span class='ocrx_word' id='word_1_134' title='bbox 817 1508 872 1552; x_wconf 90' lang='lat' dir='ltr'><strong>de</strong></span> <span class='ocrx_word' id='word_1_135' title='bbox 903 1508 1076 1552; x_wconf 91' lang='lat' dir='ltr'><strong>bubone</strong></span> <span class='ocrx_word' id='word_1_136' title='bbox 1106 1512 1198 1552; x_wconf 81' lang='lat' dir='ltr'><strong>est:</strong></span> <span class='ocrx_word' id='word_1_137' title='bbox 1249 1505 1373 1549; x_wconf 83' lang='lat' dir='ltr'><strong>canit</strong></span> <span class='ocrx_word' id='word_1_138' title='bbox 1402 1505 1662 1563; x_wconf 82' lang='lat' dir='ltr'><strong>importuna</strong></span> <span class='ocrx_word' id='word_1_139' title='bbox 1686 1520 1770 1563; x_wconf 84' lang='lat' dir='ltr'><strong>per</strong></span> <span class='ocrx_word' id='word_1_140' title='bbox 1801 1504 1999 1550; x_wconf 79' lang='lat' dir='ltr'><strong>umbras.</strong></span> 
     </span>
     <span class='ocr_line' id='line_1_16' title="bbox 292 1587 2000 1647; baseline -0.003 -11"><span class='ocrx_word' id='word_1_141' title='bbox 292 1595 472 1636; x_wconf 86' lang='lat' dir='ltr'><strong>Constat</strong></span> <span class='ocrx_word' id='word_1_142' title='bbox 495 1606 598 1636; x_wconf 88' lang='lat' dir='ltr'><strong>vero</strong></span> <span class='ocrx_word' id='word_1_143' title='bbox 628 1592 807 1647; x_wconf 82' lang='lat' dir='ltr'><strong>strigem</strong></span> <span class='ocrx_word' id='word_1_144' title='bbox 830 1591 1070 1635; x_wconf 82' lang='lat' dir='ltr'><strong>fabulosam</strong></span> <span class='ocrx_word' id='word_1_145' title='bbox 1099 1590 1234 1634; x_wconf 86' lang='lat' dir='ltr'><strong>fuisse</strong></span> <span class='ocrx_word' id='word_1_146' title='bbox 1255 1603 1394 1644; x_wconf 84' lang='lat' dir='ltr'><strong>avem,</strong></span> <span class='ocrx_word' id='word_1_147' title='bbox 1425 1589 1481 1634; x_wconf 84' lang='lat' dir='ltr'><strong>cf.</strong></span> <span class='ocrx_word' id='word_1_148' title='bbox 1500 1590 1635 1632; x_wconf 75' lang='lat' dir='ltr'><strong>an.</strong></span> <span class='ocrx_word' id='word_1_149' title='bbox 1658 1587 1738 1643; x_wconf 82' lang='lat' dir='ltr'><strong>Xl,</strong></span> <span class='ocrx_word' id='word_1_150' title='bbox 1762 1591 1836 1633; x_wconf 83' lang='lat'><strong>95.</strong></span> <span class='ocrx_word' id='word_1_151' title='bbox 1871 1594 2000 1633; x_wconf 87' lang='lat' dir='ltr'><strong>cantu</strong></span> 
     </span>
     <span class='ocr_line' id='line_1_17' title="bbox 290 1650 1998 1729; baseline -0.002 -11"><span class='ocrx_word' id='word_1_152' title='bbox 290 1650 476 1719; x_wconf 82' lang='lat' dir='ltr'><strong>funesto.</strong></span> <span class='ocrx_word' id='word_1_153' title='bbox 536 1675 724 1729; x_wconf 82' lang='lat' dir='ltr'><strong>Augeat,</strong></span> <span class='ocrx_word' id='word_1_154' title='bbox 754 1673 860 1717; x_wconf 92' lang='lat' dir='ltr'><strong>dicit</strong></span> <span class='ocrx_word' id='word_1_155' title='bbox 891 1673 1107 1727; x_wconf 79' lang='lat' dir='ltr'><strong>Tibullus,</strong></span> <span class='ocrx_word' id='word_1_156' title='bbox 1136 1673 1266 1716; x_wconf 90' lang='lat' dir='ltr'><strong>etiam</strong></span> <span class='ocrx_word' id='word_1_157' title='bbox 1297 1670 1403 1716; x_wconf 86' lang='lat' dir='ltr'><strong>haec</strong></span> <span class='ocrx_word' id='word_1_158' title='bbox 1434 1672 1528 1715; x_wconf 88' lang='lat' dir='ltr'><strong>dira</strong></span> <span class='ocrx_word' id='word_1_159' title='bbox 1557 1685 1667 1716; x_wconf 89' lang='lat' dir='ltr'><strong>voce</strong></span> <span class='ocrx_word' id='word_1_160' title='bbox 1697 1684 1776 1715; x_wconf 86' lang='lat' dir='ltr'><strong>sua</strong></span> <span class='ocrx_word' id='word_1_161' title='bbox 1806 1677 1998 1715; x_wconf 84' lang='lat' dir='ltr'><strong>terrores</strong></span> 
     </span>
     <span class='ocr_line' id='line_1_18' title="bbox 291 1744 1999 1812; baseline -0.001 -12"><span class='ocrx_word' id='word_1_162' title='bbox 291 1759 428 1801; x_wconf 88' lang='lat' dir='ltr'><strong>lenae.</strong></span> <span class='ocrx_word' id='word_1_163' title='bbox 459 1781 518 1790; x_wconf 91' lang='lat'><strong>·-</strong></span> <span class='ocrx_word' id='word_1_164' title='bbox 559 1758 614 1801; x_wconf 88' lang='lat' dir='ltr'><strong>V.</strong></span> <span class='ocrx_word' id='word_1_165' title='bbox 645 1760 704 1800; x_wconf 84' lang='lat'><strong>53</strong></span> <span class='ocrx_word' id='word_1_166' title='bbox 733 1769 800 1811; x_wconf 86' lang='lat' dir='ltr'><strong>sq.</strong></span> <span class='ocrx_word' id='word_1_167' title='bbox 851 1754 997 1812; x_wconf 88' lang='lat' dir='ltr'><strong>Ipsa.</strong></span> <span class='ocrx_word' id='word_1_168' title='bbox 1058 1755 1192 1798; x_wconf 89' lang='lat' dir='ltr'><strong>Suavi</strong></span> <span class='ocrx_word' id='word_1_169' title='bbox 1225 1756 1462 1798; x_wconf 85' lang='lat' dir='ltr'><strong>variatione</strong></span> <span class='ocrx_word' id='word_1_170' title='bbox 1492 1744 1731 1812; x_wconf 75' lang='lat' dir='ltr'><strong>&#39;pronomen</strong></span> <span class='ocrx_word' id='word_1_171' title='bbox 1763 1756 1999 1812; x_wconf 90' lang='lat' dir='ltr'><strong>opponitur</strong></span> 
     </span>
     <span class='ocr_line' id='line_1_19' title="bbox 289 1837 1997 1895; baseline -0.001 -12"><span class='ocrx_word' id='word_1_172' title='bbox 289 1841 438 1895; x_wconf 82' lang='lat' dir='ltr'><strong>strigi3</strong></span> <span class='ocrx_word' id='word_1_173' title='bbox 483 1840 546 1883; x_wconf 89' lang='lat' dir='ltr'><strong>sic</strong></span> <span class='ocrx_word' id='word_1_174' title='bbox 588 1852 676 1882; x_wconf 92' lang='lat' dir='ltr'><strong>non</strong></span> <span class='ocrx_word' id='word_1_175' title='bbox 722 1851 834 1895; x_wconf 89' lang='lat' dir='ltr'><strong>opus</strong></span> <span class='ocrx_word' id='word_1_176' title='bbox 877 1837 1029 1881; x_wconf 89' lang='lat' dir='ltr'><strong>eadem</strong></span> <span class='ocrx_word' id='word_1_177' title='bbox 1075 1838 1331 1893; x_wconf 85' lang='lat' dir='ltr'><strong>pronomina</strong></span> <span class='ocrx_word' id='word_1_178' title='bbox 1376 1843 1591 1894; x_wconf 88' lang='lat' dir='ltr'><strong>repetere.</strong></span> <span class='ocrx_word' id='word_1_179' title='bbox 1667 1839 1736 1881; x_wconf 87' lang='lat' dir='ltr'><strong>De</strong></span> <span class='ocrx_word' id='word_1_180' title='bbox 1784 1839 1997 1883; x_wconf 84' lang='lat' dir='ltr'><strong>sententia</strong></span> 
     </span>
     <span class='ocr_line' id='line_1_20' title="bbox 287 1922 1994 1980; baseline 0.002 -15"><span class='ocrx_word' id='word_1_181' title='bbox 287 1922 395 1966; x_wconf 88' lang='lat' dir='ltr'><strong>haec</strong></span> <span class='ocrx_word' id='word_1_182' title='bbox 425 1928 551 1966; x_wconf 82' lang='lat' dir='ltr'><strong>tene:</strong></span> <span class='ocrx_word' id='word_1_183' title='bbox 597 1923 708 1965; x_wconf 87' lang='lat' dir='ltr'><strong>Cum</strong></span> <span class='ocrx_word' id='word_1_184' title='bbox 738 1935 870 1979; x_wconf 89' lang='lat' dir='ltr'><strong>supra</strong></span> <span class='ocrx_word' id='word_1_185' title='bbox 907 1922 1115 1966; x_wconf 87' lang='lat' dir='ltr'><strong>dixisset:</strong></span> <span class='ocrx_word' id='word_1_186' title='bbox 1155 1922 1429 1977; x_wconf 81' lang='lat' dir='ltr'><strong>Sanguineas</strong></span> <span class='ocrx_word' id='word_1_187' title='bbox 1459 1922 1561 1966; x_wconf 83' lang='lat' dir='ltr'><strong>edat</strong></span> <span class='ocrx_word' id='word_1_188' title='bbox 1588 1923 1664 1966; x_wconf 90' lang='lat' dir='ltr'><strong>illa</strong></span> <span class='ocrx_word' id='word_1_189' title='bbox 1691 1922 1852 1980; x_wconf 86' lang='lat' dir='ltr'><strong>dapes,</strong></span> <span class='ocrx_word' id='word_1_190' title='bbox 1880 1936 1994 1968; x_wconf 83' lang='lat' dir='ltr'><strong>nune</strong></span> 
     </span>
     <span class='ocr_line' id='line_1_21' title="bbox 265 1988 1995 2062; baseline 0.001 -13"><span class='ocrx_word' id='word_1_191' title='bbox 265 1988 371 2050; x_wconf 38' lang='lat' dir='ltr'><strong>*alia</strong></span> <span class='ocrx_word' id='word_1_192' title='bbox 402 2006 554 2049; x_wconf 86' lang='lat' dir='ltr'><strong>similia</strong></span> <span class='ocrx_word' id='word_1_193' title='bbox 584 2006 748 2049; x_wconf 84' lang='lat' dir='ltr'><strong>addens</strong></span> <span class='ocrx_word' id='word_1_194' title='bbox 778 2005 946 2060; x_wconf 84' lang='lat' dir='ltr'><strong>pergit:</strong></span> <span class='ocrx_word' id='word_1_195' title='bbox 988 2009 1171 2058; x_wconf 86' lang='lat' dir='ltr'><strong>quaerat</strong></span> <span class='ocrx_word' id='word_1_196' title='bbox 1210 2003 1367 2048; x_wconf 82' lang='lat' dir='ltr'><strong>herbas</strong></span> <span class='ocrx_word' id='word_1_197' title='bbox 1397 2006 1607 2062; x_wconf 83' lang='lat' dir='ltr'><strong>sepulcris</strong></span> <span class='ocrx_word' id='word_1_198' title='bbox 1637 2010 1683 2049; x_wconf 90' lang='lat' dir='ltr'><strong>et</strong></span> <span class='ocrx_word' id='word_1_199' title='bbox 1712 2019 1813 2050; x_wconf 84' lang='lat' dir='ltr'><strong>ossa</strong></span> <span class='ocrx_word' id='word_1_200' title='bbox 1841 2007 1995 2050; x_wconf 70' lang='lat' dir='ltr'><strong>renota</strong></span> 
     </span>
     <span class='ocr_line' id='line_1_22' title="bbox 286 2087 1992 2146; baseline 0.002 -15"><span class='ocrx_word' id='word_1_201' title='bbox 286 2091 414 2145; x_wconf 87' lang='lat' dir='ltr'><strong>lupis.</strong></span> <span class='ocrx_word' id='word_1_202' title='bbox 473 2090 610 2134; x_wconf 89' lang='lat' dir='ltr'><strong>Vides</strong></span> <span class='ocrx_word' id='word_1_203' title='bbox 652 2090 788 2144; x_wconf 87' lang='lat' dir='ltr'><strong>igitur</strong></span> <span class='ocrx_word' id='word_1_204' title='bbox 829 2087 934 2144; x_wconf 88' lang='lat' dir='ltr'><strong>quid</strong></span> <span class='ocrx_word' id='word_1_205' title='bbox 975 2100 1046 2131; x_wconf 88' lang='lat' dir='ltr'><strong>res</strong></span> <span class='ocrx_word' id='word_1_206' title='bbox 1087 2089 1157 2132; x_wconf 89' lang='lat' dir='ltr'><strong>sit.</strong></span> <span class='ocrx_word' id='word_1_207' title='bbox 1217 2091 1356 2133; x_wconf 89' lang='lat' dir='ltr'><strong>Orsus</strong></span> <span class='ocrx_word' id='word_1_208' title='bbox 1397 2090 1453 2133; x_wconf 85' lang='lat' dir='ltr'><strong>ab</strong></span> <span class='ocrx_word' id='word_1_209' title='bbox 1495 2090 1808 2146; x_wconf 82' lang='lat' dir='ltr'><strong>imprecatione</strong></span> <span class='ocrx_word' id='word_1_210' title='bbox 1853 2090 1992 2146; x_wconf 82' lang='lat' dir='ltr'><strong>famis,</strong></span> 
     </span>
     <span class='ocr_line' id='line_1_23' title="bbox 286 2173 1991 2235; baseline 0.001 -18"><span class='ocrx_word' id='word_1_211' title='bbox 286 2174 441 2217; x_wconf 89' lang='lat' dir='ltr'><strong>deinde</strong></span> <span class='ocrx_word' id='word_1_212' title='bbox 480 2175 687 2217; x_wconf 86' lang='lat' dir='ltr'><strong>subiectis</strong></span> <span class='ocrx_word' id='word_1_213' title='bbox 728 2175 849 2228; x_wconf 89' lang='lat' dir='ltr'><strong>aliis,</strong></span> <span class='ocrx_word' id='word_1_214' title='bbox 893 2188 1007 2218; x_wconf 88' lang='lat' dir='ltr'><strong>nunc</strong></span> <span class='ocrx_word' id='word_1_215' title='bbox 1048 2188 1158 2218; x_wconf 88' lang='lat' dir='ltr'><strong>nova</strong></span> <span class='ocrx_word' id='word_1_216' title='bbox 1190 2187 1288 2219; x_wconf 89' lang='lat' dir='ltr'><strong>cum</strong></span> <span class='ocrx_word' id='word_1_217' title='bbox 1317 2174 1451 2235; x_wconf 81' lang='lat' dir='ltr'><strong>viad</strong></span> <span class='ocrx_word' id='word_1_218' title='bbox 1482 2173 1607 2218; x_wconf 84' lang='lat' dir='ltr'><strong>famis</strong></span> <span class='ocrx_word' id='word_1_219' title='bbox 1638 2175 1991 2232; x_wconf 83' lang='lat' dir='ltr'><strong>imprecationem</strong></span> 
     </span>
     <span class='ocr_line' id='line_1_24' title="bbox 284 2257 1992 2314; baseline 0.001 -13"><span class='ocrx_word' id='word_1_220' title='bbox 284 2259 412 2311; x_wconf 90' lang='lat' dir='ltr'><strong>redit,</strong></span> <span class='ocrx_word' id='word_1_221' title='bbox 443 2272 623 2313; x_wconf 88' lang='lat' dir='ltr'><strong>eamque</strong></span> <span class='ocrx_word' id='word_1_222' title='bbox 657 2259 878 2301; x_wconf 89' lang='lat' dir='ltr'><strong>continuat</strong></span> <span class='ocrx_word' id='word_1_223' title='bbox 914 2259 1074 2302; x_wconf 87' lang='lat' dir='ltr'><strong>additis</strong></span> <span class='ocrx_word' id='word_1_224' title='bbox 1105 2260 1201 2302; x_wconf 86' lang='lat' dir='ltr'><strong>aliis</strong></span> <span class='ocrx_word' id='word_1_225' title='bbox 1233 2264 1279 2302; x_wconf 88' lang='lat' dir='ltr'><strong>et</strong></span> <span class='ocrx_word' id='word_1_226' title='bbox 1306 2259 1503 2312; x_wconf 88' lang='lat' dir='ltr'><strong>absolvit,</strong></span> <span class='ocrx_word' id='word_1_227' title='bbox 1534 2257 1823 2314; x_wconf 87' lang='lat' dir='ltr'><strong>pulcherrima</strong></span> <span class='ocrx_word' id='word_1_228' title='bbox 1852 2258 1992 2302; x_wconf 80' lang='lat' dir='ltr'><strong>forma</strong></span> 
     </span>
     <span class='ocr_line' id='line_1_25' title="bbox 283 2341 1991 2398; baseline 0.002 -16"><span class='ocrx_word' id='word_1_229' title='bbox 283 2341 634 2396; x_wconf 84' lang='lat' dir='ltr'><strong>compositionis,</strong></span> <span class='ocrx_word' id='word_1_230' title='bbox 677 2354 788 2395; x_wconf 90' lang='lat' dir='ltr'><strong>quae</strong></span> <span class='ocrx_word' id='word_1_231' title='bbox 820 2342 1008 2385; x_wconf 69' lang='lat' dir='ltr'><strong>Graeco</strong></span> <span class='ocrx_word' id='word_1_232' title='bbox 1028 2354 1149 2384; x_wconf 90' lang='lat' dir='ltr'><strong>more</strong></span> <span class='ocrx_word' id='word_1_233' title='bbox 1178 2342 1386 2384; x_wconf 89' lang='lat' dir='ltr'><strong>illustrari</strong></span> <span class='ocrx_word' id='word_1_234' title='bbox 1416 2346 1564 2398; x_wconf 87' lang='lat' dir='ltr'><strong>potest</strong></span> <span class='ocrx_word' id='word_1_235' title='bbox 1593 2346 1744 2385; x_wconf 87' lang='lat' dir='ltr'><strong>notato</strong></span> <span class='ocrx_word' id='word_1_236' title='bbox 1779 2355 1806 2385; x_wconf 85' lang='lat' dir='ltr'><strong>a</strong></span> <span class='ocrx_word' id='word_1_237' title='bbox 1834 2355 1906 2385; x_wconf 89' lang='lat' dir='ltr'><strong>me</strong></span> <span class='ocrx_word' id='word_1_238' title='bbox 1935 2342 1991 2386; x_wconf 86' lang='lat' dir='ltr'><strong>ad</strong></span> 
     </span>
     <span class='ocr_line' id='line_1_26' title="bbox 281 2422 1990 2480; baseline 0.004 -15"><span class='ocrx_word' id='word_1_239' title='bbox 281 2423 420 2466; x_wconf 77' lang='lat' dir='ltr'><strong>Pmn.</strong></span> <span class='ocrx_word' id='word_1_240' title='bbox 453 2422 582 2476; x_wconf 85' lang='lat' dir='ltr'><strong>Pyth.</strong></span> <span class='ocrx_word' id='word_1_241' title='bbox 612 2422 693 2476; x_wconf 88' lang='lat' dir='ltr'><strong>XI,</strong></span> <span class='ocrx_word' id='word_1_242' title='bbox 726 2438 770 2479; x_wconf 87' lang='lat' dir='ltr'><strong>p.</strong></span> <span class='ocrx_word' id='word_1_243' title='bbox 801 2426 906 2466; x_wconf 87' lang='lat'><strong>341.</strong></span> <span class='ocrx_word' id='word_1_244' title='bbox 968 2423 1060 2468; x_wconf 88' lang='lat' dir='ltr'><strong>Sed</strong></span> <span class='ocrx_word' id='word_1_245' title='bbox 1092 2423 1388 2480; x_wconf 82' lang='lat' dir='ltr'><strong>deprehendas</strong></span> <span class='ocrx_word' id='word_1_246' title='bbox 1419 2425 1600 2469; x_wconf 84' lang='lat' dir='ltr'><strong>eandem</strong></span> <span class='ocrx_word' id='word_1_247' title='bbox 1631 2439 1731 2470; x_wconf 88' lang='lat' dir='ltr'><strong>cum</strong></span> <span class='ocrx_word' id='word_1_248' title='bbox 1759 2425 1868 2469; x_wconf 80' lang='lat' dir='ltr'><strong>alias</strong></span> <span class='ocrx_word' id='word_1_249' title='bbox 1897 2430 1990 2471; x_wconf 89' lang='lat' dir='ltr'><strong>tum</strong></span> 
     </span>
     <span class='ocr_line' id='line_1_27' title="bbox 280 2506 1991 2563; baseline 0.002 -15"><span class='ocrx_word' id='word_1_250' title='bbox 280 2519 411 2561; x_wconf 86' lang='lat' dir='ltr'><strong>supra</strong></span> <span class='ocrx_word' id='word_1_251' title='bbox 441 2506 477 2559; x_wconf 89' lang='lat' dir='ltr'><strong>I,</strong></span> <span class='ocrx_word' id='word_1_252' title='bbox 510 2509 551 2559; x_wconf 93' lang='lat'><strong>1,</strong></span> <span class='ocrx_word' id='word_1_253' title='bbox 582 2509 640 2548; x_wconf 82' lang='grc'><strong>65</strong></span> <span class='ocrx_word' id='word_1_254' title='bbox 671 2519 764 2560; x_wconf 87' lang='lat' dir='ltr'><strong>sqq.</strong></span> <span class='ocrx_word' id='word_1_255' title='bbox 809 2511 854 2548; x_wconf 91' lang='lat' dir='ltr'><strong>et</strong></span> <span class='ocrx_word' id='word_1_256' title='bbox 895 2519 966 2563; x_wconf 87' lang='lat' dir='ltr'><strong>ap.</strong></span> <span class='ocrx_word' id='word_1_257' title='bbox 1009 2507 1249 2550; x_wconf 73' lang='lat' dir='ltr'><strong>Puorssu‘r.</strong></span> <span class='ocrx_word' id='word_1_258' title='bbox 1281 2507 1360 2561; x_wconf 89' lang='lat'><strong>111,</strong></span> <span class='ocrx_word' id='word_1_259' title='bbox 1390 2511 1435 2562; x_wconf 88' lang='grc'><strong>7,</strong></span> <span class='ocrx_word' id='word_1_260' title='bbox 1465 2511 1494 2551; x_wconf 85' lang='grc'><strong>7</strong></span> <span class='ocrx_word' id='word_1_261' title='bbox 1505 2511 1618 2552; x_wconf 82' lang='grc'>-12,</span> <span class='ocrx_word' id='word_1_262' title='bbox 1660 2507 1734 2552; x_wconf 82' lang='lat' dir='ltr'><strong>ubl</strong></span> <span class='ocrx_word' id='word_1_263' title='bbox 1777 2509 1991 2552; x_wconf 78' lang='lat' dir='ltr'><strong>sententia</strong></span> 
     </span>
     <span class='ocr_line' id='line_1_28' title="bbox 280 2586 1988 2648; baseline 0.002 -17"><span class='ocrx_word' id='word_1_264' title='bbox 280 2587 535 2631; x_wconf 78' lang='lat' dir='ltr'><strong>verborum=</strong></span> <span class='ocrx_word' id='word_1_265' title='bbox 583 2589 646 2628; x_wconf 85' lang='lat' dir='ltr'><strong>Et</strong></span> <span class='ocrx_word' id='word_1_266' title='bbox 676 2602 793 2630; x_wconf 84' lang='lat' dir='ltr'><strong>nova</strong></span> <span class='ocrx_word' id='word_1_267' title='bbox 825 2586 1082 2647; x_wconf 79' lang='lat' dir='ltr'><strong>longinquis</strong></span> <span class='ocrx_word' id='word_1_268' title='bbox 1106 2586 1308 2644; x_wconf 78' lang='lat' dir='ltr'><strong>piscibus</strong></span> <span class='ocrx_word' id='word_1_269' title='bbox 1337 2603 1439 2632; x_wconf 81' lang='lat' dir='ltr'><strong>esca</strong></span> <span class='ocrx_word' id='word_1_270' title='bbox 1469 2597 1632 2637; x_wconf 84' lang='lat' dir='ltr'><strong>natat,</strong></span> <span class='ocrx_word' id='word_1_271' title='bbox 1663 2595 1764 2647; x_wconf 85' lang='lat' dir='ltr'><strong>post</strong></span> <span class='ocrx_word' id='word_1_272' title='bbox 1794 2591 1988 2648; x_wconf 87' lang='lat' dir='ltr'><strong>interpo-</strong></span> 
     </span>
     <span class='ocr_line' id='line_1_29' title="bbox 278 2669 1987 2726; baseline 0.004 -13"><span class='ocrx_word' id='word_1_273' title='bbox 278 2672 406 2714; x_wconf 86' lang='lat' dir='ltr'><strong>situm</strong></span> <span class='ocrx_word' id='word_1_274' title='bbox 438 2669 648 2714; x_wconf 86' lang='lat' dir='ltr'><strong>distichon</strong></span> <span class='ocrx_word' id='word_1_275' title='bbox 679 2685 718 2715; x_wconf 87' lang='lat' dir='ltr'><strong>v.</strong></span> <span class='ocrx_word' id='word_1_276' title='bbox 745 2675 787 2715; x_wconf 89' lang='lat'><strong>9.</strong></span> <span class='ocrx_word' id='word_1_277' title='bbox 821 2676 905 2726; x_wconf 91' lang='lat'><strong>10.,</strong></span> <span class='ocrx_word' id='word_1_278' title='bbox 937 2673 1022 2716; x_wconf 86' lang='lat' dir='ltr'><strong>alio</strong></span> <span class='ocrx_word' id='word_1_279' title='bbox 1053 2672 1183 2716; x_wconf 89' lang='lat' dir='ltr'><strong>modo</strong></span> <span class='ocrx_word' id='word_1_280' title='bbox 1212 2673 1409 2716; x_wconf 85' lang='lat' dir='ltr'><strong>redditur</strong></span> <span class='ocrx_word' id='word_1_281' title='bbox 1437 2678 1483 2717; x_wconf 93' lang='lat' dir='ltr'><strong>et</strong></span> <span class='ocrx_word' id='word_1_282' title='bbox 1513 2675 1788 2718; x_wconf 86' lang='lat' dir='ltr'><strong>continuatur</strong></span> <span class='ocrx_word' id='word_1_283' title='bbox 1818 2675 1987 2719; x_wconf 84' lang='lat' dir='ltr'><strong>verbis=</strong></span> 
     </span>
     <span class='ocr_line' id='line_1_30' title="bbox 279 2744 1986 2812; baseline 0.006 -20"><span class='ocrx_word' id='word_1_284' title='bbox 279 2751 368 2792; x_wconf 86' lang='lat' dir='ltr'><strong>Sed</strong></span> <span class='ocrx_word' id='word_1_285' title='bbox 407 2759 491 2794; x_wconf 81' lang='lat' dir='ltr'><strong>tua</strong></span> <span class='ocrx_word' id='word_1_286' title='bbox 523 2767 642 2794; x_wconf 78' lang='lat' dir='ltr'><strong>nanc</strong></span> <span class='ocrx_word' id='word_1_287' title='bbox 672 2744 872 2796; x_wconf 73' lang='lat' dir='ltr'><strong>volucres</strong></span> <span class='ocrx_word' id='word_1_288' title='bbox 904 2753 1096 2798; x_wconf 75' lang='lat' dir='ltr'><strong>adstant</strong></span> <span class='ocrx_word' id='word_1_289' title='bbox 1136 2768 1270 2810; x_wconf 71' lang='lat' dir='ltr'><strong>super</strong></span> <span class='ocrx_word' id='word_1_290' title='bbox 1311 2769 1414 2798; x_wconf 77' lang='lat' dir='ltr'><strong>ossa</strong></span> <span class='ocrx_word' id='word_1_291' title='bbox 1445 2755 1671 2804; x_wconf 80' lang='lat' dir='ltr'><strong>marinae,</strong></span> <span class='ocrx_word' id='word_1_292' title='bbox 1702 2770 1799 2812; x_wconf 79' lang='lat' dir='ltr'><strong>sqq.</strong></span> <span class='ocrx_word' id='word_1_293' title='bbox 1870 2758 1986 2802; x_wconf 85' lang='lat' dir='ltr'><strong>Vide</strong></span> 
     </span>
     <span class='ocr_line' id='line_1_31' title="bbox 280 2831 1985 2896; baseline 0.006 -20"><span class='ocrx_word' id='word_1_294' title='bbox 280 2835 410 2878; x_wconf 88' lang='lat' dir='ltr'><strong>etiam</strong></span> <span class='ocrx_word' id='word_1_295' title='bbox 453 2836 634 2880; x_wconf 89' lang='lat' dir='ltr'><strong>Dissert.</strong></span> <span class='ocrx_word' id='word_1_296' title='bbox 680 2836 735 2880; x_wconf 94' lang='lat' dir='ltr'><strong>de</strong></span> <span class='ocrx_word' id='word_1_297' title='bbox 776 2839 908 2882; x_wconf 86' lang='lat' dir='ltr'><strong>Poesi</strong></span> <span class='ocrx_word' id='word_1_298' title='bbox 948 2831 1112 2882; x_wconf 87' lang='lat' dir='ltr'><strong>Tibulli</strong></span> <span class='ocrx_word' id='word_1_299' title='bbox 1153 2853 1246 2895; x_wconf 87' lang='lat' dir='ltr'><strong>cap.</strong></span> <span class='ocrx_word' id='word_1_300' title='bbox 1278 2840 1337 2884; x_wconf 89' lang='grc' dir='ltr'><strong>ΙΙ.</strong></span> <span class='ocrx_word' id='word_1_301' title='bbox 1408 2840 1594 2896; x_wconf 87' lang='lat' dir='ltr'><strong>Semper</strong></span> <span class='ocrx_word' id='word_1_302' title='bbox 1635 2854 1740 2885; x_wconf 86' lang='lat' dir='ltr'><strong>vero</strong></span> <span class='ocrx_word' id='word_1_303' title='bbox 1783 2842 1985 2887; x_wconf 85' lang='lat' dir='ltr'><strong>eximiam</strong></span> 
     </span>
     <span class='ocr_line' id='line_1_32' title="bbox 278 2916 1985 2978; baseline 0.008 -22"><span class='ocrx_word' id='word_1_304' title='bbox 278 2916 362 2959; x_wconf 82' lang='lat' dir='ltr'><strong>vim</strong></span> <span class='ocrx_word' id='word_1_305' title='bbox 395 2916 525 2960; x_wconf 87' lang='lat' dir='ltr'><strong>habet</strong></span> <span class='ocrx_word' id='word_1_306' title='bbox 555 2916 812 2962; x_wconf 85' lang='lat' dir='ltr'><strong>rhetoricam</strong></span> <span class='ocrx_word' id='word_1_307' title='bbox 843 2925 889 2963; x_wconf 91' lang='lat' dir='ltr'><strong>et</strong></span> <span class='ocrx_word' id='word_1_308' title='bbox 920 2922 1135 2976; x_wconf 87' lang='lat' dir='ltr'><strong>poeticam</strong></span> <span class='ocrx_word' id='word_1_309' title='bbox 1166 2922 1264 2965; x_wconf 84' lang='lat' dir='ltr'><strong>talis</strong></span> <span class='ocrx_word' id='word_1_310' title='bbox 1294 2921 1448 2966; x_wconf 86' lang='lat' dir='ltr'><strong>divisio</strong></span> <span class='ocrx_word' id='word_1_311' title='bbox 1479 2936 1652 2978; x_wconf 88' lang='lat' dir='ltr'><strong>rerum,</strong></span> <span class='ocrx_word' id='word_1_312' title='bbox 1695 2925 1796 2968; x_wconf 80' lang='lat' dir='ltr'><strong>talis</strong></span> <span class='ocrx_word' id='word_1_313' title='bbox 1828 2924 1985 2969; x_wconf 83' lang='lat' dir='ltr'><strong>fortior</strong></span> 
     </span>
     <span class='ocr_line' id='line_1_33' title="bbox 276 3000 1984 3062; baseline 0.005 -20"><span class='ocrx_word' id='word_1_314' title='bbox 276 3000 330 3041; x_wconf 83' lang='lat' dir='ltr'><strong>ad</strong></span> <span class='ocrx_word' id='word_1_315' title='bbox 363 3001 616 3057; x_wconf 88' lang='lat' dir='ltr'><strong>principium</strong></span> <span class='ocrx_word' id='word_1_316' title='bbox 648 3002 813 3044; x_wconf 85' lang='lat' dir='ltr'><strong>reditus</strong></span> <span class='ocrx_word' id='word_1_317' title='bbox 845 3006 944 3057; x_wconf 90' lang='lat' dir='ltr'><strong>post</strong></span> <span class='ocrx_word' id='word_1_318' title='bbox 983 3002 1236 3060; x_wconf 88' lang='lat' dir='ltr'><strong>interposita</strong></span> <span class='ocrx_word' id='word_1_319' title='bbox 1278 3004 1363 3047; x_wconf 88' lang='lat' dir='ltr'><strong>alia</strong></span> <span class='ocrx_word' id='word_1_320' title='bbox 1404 3006 1647 3060; x_wconf 84' lang='lat' dir='ltr'><strong>quaedam,</strong></span> <span class='ocrx_word' id='word_1_321' title='bbox 1702 3019 1816 3062; x_wconf 81' lang='lat' dir='ltr'><strong>quae</strong></span> <span class='ocrx_word' id='word_1_322' title='bbox 1848 3006 1984 3050; x_wconf 89' lang='lat' dir='ltr'><strong>inter-</strong></span> 
     </span>
     <span class='ocr_line' id='line_1_34' title="bbox 277 3087 1983 3147; baseline 0.006 -23"><span class='ocrx_word' id='word_1_323' title='bbox 277 3089 480 3139; x_wconf 80' lang='lat' dir='ltr'><strong>ruperant</strong></span> <span class='ocrx_word' id='word_1_324' title='bbox 509 3098 698 3129; x_wconf 76' lang='lat' dir='ltr'><strong>cursum.</strong></span> <span class='ocrx_word' id='word_1_325' title='bbox 727 3108 788 3118; x_wconf 90' lang='lat'><em>-</em></span> <span class='ocrx_word' id='word_1_326' title='bbox 835 3088 1156 3142; x_wconf 85' lang='lat' dir='ltr'><strong>sepulcris,</strong></span> <span class='ocrx_word' id='word_1_327' title='bbox 1187 3087 1302 3132; x_wconf 88' lang='lat' dir='ltr'><strong>unde</strong></span> <span class='ocrx_word' id='word_1_328' title='bbox 1332 3102 1387 3132; x_wconf 90' lang='lat' dir='ltr'><strong>ne</strong></span> <span class='ocrx_word' id='word_1_329' title='bbox 1419 3091 1570 3147; x_wconf 85' lang='lat' dir='ltr'><strong>pecori</strong></span> <span class='ocrx_word' id='word_1_330' title='bbox 1599 3090 1777 3146; x_wconf 85' lang='lat' dir='ltr'><strong>quidem</strong></span> <span class='ocrx_word' id='word_1_331' title='bbox 1809 3090 1983 3146; x_wconf 87' lang='lat' dir='ltr'><strong>impune</strong></span> 
     </span>
     <span class='ocr_line' id='line_1_35' title="bbox 277 3164 1980 3231; baseline 0.008 -25"><span class='ocrx_word' id='word_1_332' title='bbox 277 3164 358 3207; x_wconf 83' lang='lat' dir='ltr'><strong>fuit</strong></span> <span class='ocrx_word' id='word_1_333' title='bbox 389 3166 602 3221; x_wconf 83' lang='lat' dir='ltr'><strong>carpsisse</strong></span> <span class='ocrx_word' id='word_1_334' title='bbox 633 3165 800 3221; x_wconf 86' lang='lat' dir='ltr'><strong>herbas,</strong></span> <span class='ocrx_word' id='word_1_335' title='bbox 835 3167 890 3211; x_wconf 83' lang='lat' dir='ltr'><strong>cf.</strong></span> <span class='ocrx_word' id='word_1_336' title='bbox 912 3169 1050 3212; x_wconf 81' lang='lat' dir='ltr'><strong>Ovm.</strong></span> <span class='ocrx_word' id='word_1_337' title='bbox 1082 3170 1187 3213; x_wconf 88' lang='lat' dir='ltr'><strong>Fast</strong></span> <span class='ocrx_word' id='word_1_338' title='bbox 1212 3171 1304 3226; x_wconf 76' lang='lat' dir='ltr'><strong>JV,</strong></span> <span class='ocrx_word' id='word_1_339' title='bbox 1333 3175 1437 3215; x_wconf 78' lang='lat'><strong>751.</strong></span> <span class='ocrx_word' id='word_1_340' title='bbox 1482 3172 1608 3216; x_wconf 83' lang='lat' dir='ltr'><strong>Adde</strong></span> <span class='ocrx_word' id='word_1_341' title='bbox 1638 3175 1874 3228; x_wconf 57' lang='lat' dir='ltr'><strong>Vennum,</strong></span> <span class='ocrx_word' id='word_1_342' title='bbox 1904 3177 1980 3231; x_wconf 90' lang='lat' dir='ltr'><strong>qui</strong></span> 
     </span>
     <span class='ocr_line' id='line_1_36' title="bbox 276 3247 1980 3313; baseline 0.008 -25"><span class='ocrx_word' id='word_1_343' title='bbox 276 3259 300 3288; x_wconf 86' lang='lat' dir='ltr'><strong>e</strong></span> <span class='ocrx_word' id='word_1_344' title='bbox 328 3247 437 3291; x_wconf 86' lang='lat' dir='ltr'><strong>Cod.</strong></span> <span class='ocrx_word' id='word_1_345' title='bbox 462 3247 750 3294; x_wconf 84' lang='lat' dir='ltr'><strong>Theodosian.</strong></span> <span class='ocrx_word' id='word_1_346' title='bbox 782 3252 878 3296; x_wconf 80' lang='lat' dir='ltr'><strong>libr.</strong></span> <span class='ocrx_word' id='word_1_347' title='bbox 906 3254 954 3296; x_wconf 90' lang='lat' dir='ltr'><strong>V.</strong></span> <span class='ocrx_word' id='word_1_348' title='bbox 988 3254 1159 3298; x_wconf 88' lang='lat' dir='ltr'><strong>titulum</strong></span> <span class='ocrx_word' id='word_1_349' title='bbox 1190 3255 1247 3300; x_wconf 91' lang='lat' dir='ltr'><strong>de</strong></span> <span class='ocrx_word' id='word_1_350' title='bbox 1277 3257 1478 3313; x_wconf 89' lang='lat' dir='ltr'><strong>sepulcro</strong></span> <span class='ocrx_word' id='word_1_351' title='bbox 1510 3258 1670 3302; x_wconf 82' lang='lat' dir='ltr'><strong>violato</strong></span> <span class='ocrx_word' id='word_1_352' title='bbox 1698 3259 1850 3302; x_wconf 63' lang='lat' dir='ltr'><strong>affetu</strong></span> <span class='ocrx_word' id='word_1_353' title='bbox 1882 3263 1980 3302; x_wconf 85' lang='lat' dir='ltr'><strong>La-</strong></span> 
     </span>
    </p>
   </div>
   <div class='ocr_carea' id='block_1_3' title="bbox 268 3329 2029 3398">
    <p class='ocr_par' dir='ltr' id='par_1_3' title="bbox 268 3329 2029 3398">
     <span class='ocr_line' id='line_1_37' title="bbox 268 3329 2029 3398; baseline 0.009 -28"><span class='ocrx_word' id='word_1_354' title='bbox 268 3329 419 3384; x_wconf 74' lang='lat' dir='ltr'><strong>pidem</strong></span> <span class='ocrx_word' id='word_1_355' title='bbox 465 3346 488 3373; x_wconf 83' lang='lat' dir='ltr'><strong>e</strong></span> <span class='ocrx_word' id='word_1_356' title='bbox 534 3330 682 3376; x_wconf 75' lang='lat' dir='ltr'><strong>bustis</strong></span> <span class='ocrx_word' id='word_1_357' title='bbox 727 3351 918 3384; x_wconf 74' lang='lat' dir='ltr'><strong>movere,</strong></span> <span class='ocrx_word' id='word_1_358' title='bbox 969 3346 1136 3381; x_wconf 84' lang='lat' dir='ltr'><strong>terram</strong></span> <span class='ocrx_word' id='word_1_359' title='bbox 1181 3339 1428 3383; x_wconf 74' lang='lat' dir='ltr'><strong>sollicitare</strong></span> <span class='ocrx_word' id='word_1_360' title='bbox 1471 3349 1517 3382; x_wconf 87' lang='lat' dir='ltr'><strong>et</strong></span> <span class='ocrx_word' id='word_1_361' title='bbox 1569 3339 1774 3398; x_wconf 77' lang='lat' dir='ltr'><strong>cespitem</strong></span> <span class='ocrx_word' id='word_1_362' title='bbox 1820 3341 1980 3385; x_wconf 75' lang='lat' dir='ltr'><strong>vellere</strong></span> <span class='ocrx_word' id='word_1_363' title='bbox 2017 3336 2029 3346; x_wconf 68' lang='lat'><strong><em>⁹</em></strong></span> 
     </span>
    </p>
   </div>
   <div class='ocr_carea' id='block_1_4' title="bbox 268 3414 1979 3481">
    <p class='ocr_par' dir='ltr' id='par_1_4' title="bbox 268 3414 1979 3481">
     <span class='ocr_line' id='line_1_38' title="bbox 268 3414 1979 3481; baseline 0.008 -26"><span class='ocrx_word' id='word_1_364' title='bbox 268 3414 524 3470; x_wconf 72' lang='lat' dir='ltr'><strong>proximum</strong></span> <span class='ocrx_word' id='word_1_365' title='bbox 555 3417 791 3479; x_wconf 69' lang='lat' dir='ltr'><strong>sacrilegio</strong></span> <span class='ocrx_word' id='word_1_366' title='bbox 823 3420 1009 3465; x_wconf 76' lang='lat' dir='ltr'><strong>maiores</strong></span> <span class='ocrx_word' id='word_1_367' title='bbox 1042 3438 1208 3481; x_wconf 73' lang='lat' dir='ltr'><strong>semper</strong></span> <span class='ocrx_word' id='word_1_368' title='bbox 1241 3424 1513 3471; x_wconf 74' lang='lat' dir='ltr'><strong>habuerant.</strong></span> <span class='ocrx_word' id='word_1_369' title='bbox 1545 3448 1604 3456; x_wconf 90' lang='lat'><strong>—-</strong></span> <span class='ocrx_word' id='word_1_370' title='bbox 1636 3426 1850 3469; x_wconf 82' lang='lat' dir='ltr'><strong>saevis.</strong></span> <span class='ocrx_word' id='word_1_371' title='bbox 1892 3425 1979 3481; x_wconf 84' lang='lat' dir='ltr'><strong>lpsi</strong></span> 
     </span>
    </p>
   </div>
   <div class='ocr_carea' id='block_1_5' title="bbox 2148 1687 2158 1712">
    <p class='ocr_par' dir='ltr' id='par_1_5' title="bbox 2148 1687 2158 1712">
     <span class='ocr_line' id='line_1_39' title="bbox 2148 1687 2158 1712; baseline 0 0"><span class='ocrx_word' id='word_1_372' title='bbox 2148 1687 2158 1712; x_wconf 71' lang='lat'><strong>¹&lt;</strong></span> 
     </span>
    </p>
   </div>
   <div class='ocr_carea' id='block_1_6' title="bbox 2136 1735 2158 1792">
    <p class='ocr_par' dir='ltr' id='par_1_6' title="bbox 2136 1735 2158 1792">
     <span class='ocr_line' id='line_1_40' title="bbox 2136 1735 2158 1792; baseline 0 0"><span class='ocrx_word' id='word_1_373' title='bbox 2136 1735 2158 1792; x_wconf 61' lang='grc' dir='ltr'><strong>ἶ</strong></span> 
     </span>
    </p>
   </div>
   <div class='ocr_carea' id='block_1_7' title="bbox 2136 1784 2158 1833">
    <p class='ocr_par' dir='ltr' id='par_1_7' title="bbox 2136 1784 2158 1833">
     <span class='ocr_line' id='line_1_41' title="bbox 2136 1784 2158 1833; baseline 0 -20"><span class='ocrx_word' id='word_1_374' title='bbox 2136 1784 2158 1833; x_wconf 58' lang='lat'><strong>{⁴</strong></span> 
     </span>
    </p>
   </div>
  </div>
 </body>
</html>
