2158 3750
291 298 356 342 36
683 284 1149 341 COMMENTAR.
1188 284 1263 336 IN
1302 284 1591 337 TIBULLI

291 434 479 477 ostendit
509 438 610 475 ante
639 431 809 473 ianuam
841 434 957 472 stare
986 432 1172 484 poetam.
1235 429 1332 471 Alio
1364 429 1405 469 in
1438 429 1533 470 loco
1566 438 1765 481 versans,
1806 441 1846 470 v·
1879 441 1916 470 c.
1949 428 1990 469 in

292 519 420 560 domo
453 528 528 558 sua
559 517 633 555 aut
666 513 710 554 in
738 511 935 555 convivio
963 511 1211 564 amicorum,
1241 511 1402 564 alloqui
1428 510 1600 564 quidem
1633 514 1802 565 poterat
1824 510 1992 552 ianuam

291 609 337 647 et
369 602 535 644 dicere=
578 601 726 653 pateas
756 595 883 649 mihi,
924 601 974 639 ut
1003 597 1252 652 saepissime
1297 595 1492 638 absentia
1529 595 1807 649 alloquuntur
1836 599 1993 651 poetae

289 692 337 729 et
368 695 517 728 omnes
550 680 754 724 commoti
795 678 1012 732 homines,
1057 678 1136 721 sed
1176 691 1262 721 non
1306 682 1503 733 poterat:
1554 676 1646 718 iam
1679 684 1871 733 pateas,
1910 677 1992 718 nisi

288 781 426 824 prope
461 765 625 808 aderat·
684 762 830 806 Etiam
872 767 1141 819 pentameter
1178 762 1404 805 manifesto
1446 761 1600 804 melius
1638 761 1841 804 convenit
1878 772 1993 803 nunc

286 851 428 905 ipsum
460 848 637 908 introire
668 847 858 903 cupienti
899 858 1026 902 qnam
1069 847 1252 890 absenti.
1326 846 1479 900 Neque
1511 846 1623 889 enim
1652 844 1733 888 hae
1761 845 1992 887 allocutio-

287 947 366 977 nes
394 934 487 976 sine
518 933 618 987 lege
649 936 772 985 sunt,
814 932 898 974 etsi
937 933 1089 985 fictae,
1132 932 1209 975 sed
1241 931 1324 974 alia
1354 930 1528 984 quidem
1560 930 1718 972 absens
1753 927 1917 984 pariter
1947 930 1992 968 et

284 1028 493 1072 praesens
523 1019 644 1058 recte
674 1014 819 1067 dicas,
860 1014 944 1056 alia
984 1018 1130 1056 autem
1173 1014 1342 1055 nonnisi
1373 1025 1578 1069 praesens
1609 1017 1686 1054 aut
1714 1013 1898 1062 absens3
1943 1015 1992 1052 ut

285 1109 384 1143 cum
426 1096 509 1142 hoc
547 1094 760 1140 distichon
800 1094 970 1149 nonnisi
1010 1096 1228 1149 praesenti
1270 1095 1525 1148 conveniat,
1567 1093 1829 1137 antecedens
1860 1093 1991 1135 etiam

283 1184 450 1227 absenti
490 1181 765 1232 conveniret,
813 1177 915 1220 nihil
944 1175 1051 1219 illud
1085 1178 1335 1230 continens,
1379 1177 1497 1231 quod
1535 1189 1622 1218 non
1660 1177 1793 1219 etiam
1834 1175 1992 1218 absens

283 1266 429 1308 dicere
482 1263 636 1319 potnit.
724 1260 822 1302 Non
881 1258 1125 1301 attenderat
1180 1259 1235 1300 ad
1286 1254 1393 1301 haec
1450 1258 1697 1301 discrimina
1747 1258 1992 1300 thnssn-

282 1358 467 1390 memus
502 1356 599 1388 cum
631 1344 735 1386 aliie.
799 1343 938 1398 Igitur
968 1356 1082 1386 nunc
1113 1348 1213 1386 ante
1242 1344 1413 1386 ianuam
1446 1347 1579 1399 poeta
1606 1346 1720 1395 stat,
1750 1346 1800 1384 ut
1833 1341 1991 1397 probat

282 1429 411 1472 etiam
442 1438 482 1470 v.
498 1429 597 1479 82.;
626 1427 710 1467 iam
742 1423 999 1480 principium
1027 1435 1198 1479 quoque
1229 1425 1398 1480 elegiae
1430 1425 1512 1468 huc
1542 1423 1829 1467 revocandum
1853 1422 1990 1476 vides,

281 1523 382 1552 cum
411 1509 580 1551 diversa
611 1508 706 1550 loca
731 1507 898 1550 admitti
926 1512 1156 1561 nequeant.
1216 1508 1292 1550 Sic
1324 1506 1510 1550 efficitur
1534 1518 1705 1551 carmen
1733 1505 1989 1564 παρακλαυ-

281 1596 468 1649 σίθυρον
497 1603 617 1644 esse,
651 1590 779 1644 quale
810 1593 876 1632 est
909 1590 1036 1633 etiam
1068 1591 1276 1645 quintum.
1338 1591 1434 1633 Alia
1467 1588 1667 1646 exempla
1697 1588 1823 1632 huius
1853 1599 1991 1644 gene·

281 1677 341 1718 ris
378 1679 478 1717 sunt
516 1674 766 1716 Amsworn.
809 1671 980 1714 Eccles.
1014 1673 1147 1716 1000.
1179 1673 1374 1725 lnvern.‚
1419 1671 1682 1714 Tnnocmw.
1722 1671 1789 1714 Id.
1820 1669 1989 1723 xxm,

281 1759 339 1799 19
359 1768 458 1810 sqq.
510 1755 687 1798 Pmn'r.
720 1753 895 1796 Curcul.
926 1753 962 1806 1,
992 1756 1037 1807 2,
1067 1757 1142 1796 60.
1193 1753 1378 1799 HonA‘r.
1411 1753 1495 1797 Od.
1533 1754 1614 1808 ΠΙ,
1653 1758 1726 1798 10.
1781 1753 1988 1796 ΟΜΝΗ..

278 1839 463 1883 LXVII.
513 1839 752 1881 Pnopnnm.
782 1838 818 1891 Ι,
849 1840 923 1890 16,
958 1837 1014 1880 16
1044 1851 1137 1892 sqq.
1197 1838 1335 1880 Ovm.
1368 1839 1536 1881 Amorr.
1567 1838 1604 1892 Ι,
1632 1842 1675 1881 6.
1720 1838 1830 1881 Met.
1866 1837 1990 1890 XIV,

277 1924 367 1964 717
397 1934 490 1975 sqq.
564 1919 769 1962 Ceterum
812 1918 912 1962 vide
951 1920 1283 1962 Ssmvmmmu
1324 1919 1380 1962 de
1420 1920 1564 1964 lenuis
1594 1922 1804 1966 Veterum
1844 1933 1884 1963 c.
1911 1922 1986 1963 37.

279 2004 540 2046 CAsumoN.
571 2002 626 2044 ad
656 2002 854 2044 Persium
886 2014 928 2056 p.
961 2000 1062 2043 454.
1125 2002 1269 2054 Atque
1305 2000 1413 2045 haec
1452 2001 1686 2056 hactenus3
1733 2002 1791 2045 ad
1819 2001 1987 2055 reliqua

277 2086 513 2141 pergimus.
545 2105 601 2118 —
659 2085 842 2138 victa,
887 2089 936 2127 ut
976 2084 1012 2137 I,
1052 2088 1094 2138 5,
1129 2087 1208 2128 67.
1271 2084 1309 2126 Ε
1355 2087 1539 2128 Graecis
1582 2086 1801 2129 conferam
1841 2085 1983 2129 Pmn.

276 2170 402 2212 Nem.
427 2169 505 2222 lX,
528 2171 580 2212 2:
613 2170 754 2214 ξείνων
776 2172 1016 2210 νενίκανται
1043 2164 1196 2225 θύραι,
1228 2169 1282 2211 ab
1310 2167 1551 2225 hospitibus
1579 2171 1718 2213 victae
1743 2173 1906 2225 patent.
1925 2187 1983 2203 ⁴-

275 2251 568 2294 dementia
609 2255 807 2292 nostra
853 2264 917 2306 pr.
953 2262 1040 2305 ego
1083 2251 1284 2305 demens,
1327 2258 1395 2294 est
1434 2254 1573 2295 rarius
1613 2252 1728 2308 apud
1759 2251 1983 2295 Tibullum

273 2333 681 2388 circumscriptionis
711 2346 874 2388 genus,
917 2348 1046 2388 quem
1074 2335 1174 2378 vide
1208 2336 1243 2389 Ι,
1276 2339 1320 2390 3,
1358 2339 1430 2379 78.
1469 2339 1512 2389 4,
1542 2339 1618 2379 24.
1660 2338 1703 2390 8,
1734 2339 1807 2379 32.
1869 2335 1980 2399 Αᾲἀ.

271 2416 350 2468 111,
386 2418 429 2468 2,
464 2418 535 2456 13.
580 2419 624 2468 3,
654 2419 697 2457 8.
730 2416 912 2469 Luam
956 2416 1226 2471 frequentius
1266 2417 1381 2473 apud
1416 2419 1524 2460 alios
1567 2424 1615 2461 ut
1653 2418 1981 2471 Pnornnmtm,

272 2498 345 2553 qui
372 2498 623 2540 suavissime
654 2510 707 2540 eo
738 2497 888 2540 utitur.
925 2518 976 2530 -
1009 2498 1193 2554 capiti
1223 2511 1373 2554 meo,
1405 2505 1455 2542 ut
1482 2498 1596 2543 solet
1626 2501 1670 2542 in
1699 2500 1978 2555 imprecatio-

268 2581 394 2622 nibus
424 2585 553 2636 caput
582 2582 815 2634 nominari,
858 2582 909 2624 cf.
946 2582 1111 2625 Hsms.
1141 2582 1198 2624 ad
1230 2582 1356 2626 Ovid.
1401 2585 1579 2627 Heroid.
1612 2584 1715 2636 XX,
1745 2589 1847 2628 127.
1882 2586 1978 2626 lau-

268 2662 396 2705 dante
426 2663 632 2705 Hermo.
692 2664 904 2706 Similiter
934 2665 1094 2706 Graeci
1125 2666 1184 2710 εἰς
1217 2661 1425 2720 κεφαλήν,
1456 2665 1512 2708 cf.
1544 2665 1691 2709 Sclnol.
1720 2669 1971 2709 Amsmmr.

266 2745 371 2787 Pac.
402 2748 534 2798 1063,
561 2746 806 2800 interprett.
837 2745 894 2786 ad
923 2746 1040 2787 Plut.
1060 2748 1163 2788 526.
1213 2746 1480 2791 Hmnnonn.
1507 2749 1566 2790 ad
1586 2749 1758 2792 Platon.
1782 2749 1973 2803 Euthyd.

267 2842 310 2882 p.
342 2831 444 2871 339.
507 2828 746 2871 STEPHAN.
788 2827 998 2870 Tliesaur.
1043 2827 1132 2870 Gr.'
1166 2830 1296 2884 Ling.
1339 2843 1376 2875 s.
1407 2845 1446 2875 v.
1508 2833 1587 2875 Sic
1616 2833 1746 2875 etiam
1775 2833 1849 2886 qui
1879 2834 1976 2876 aliis

264 2914 376 2955 male
406 2918 551 2955 essent
581 2913 771 2968 precati,
814 2912 1105 2955 satisfaciendi
1137 2926 1266 2955 causa
1298 2913 1340 2955 in
1371 2927 1495 2957 suum
1526 2921 1658 2971 caput
1687 2917 1898 2972 optabant
1925 2923 1976 2960 ut

263 2997 347 3038 ista
378 2996 634 3049 reciderent,
666 2995 721 3038 cf.
756 2997 996 3050 S'twrmm,
1028 2997 1422 3052 Bnoucxxmsmu,
1453 2999 1698 3043 Mnus-m
1727 2999 1771 3043 in.
1795 3003 1822 3044 l.
1856 3008 1900 3045 et
1931 3003 1973 3045 in

263 3080 365 3123 Var.
399 3080 541 3123 Lectt.
572 3079 674 3132 XII,
705 3082 746 3122 4.
779 3100 834 3112 -
882 3081 935 3123 V.
974 3084 1043 3124 13.
1093 3095 1236 3135 quae
1282 3071 1532 3137 plurima
1570 3095 1722 3127 voce.
1766 3089 1973 3141 peregi

262 3163 559 3216 supplice,
610 3160 651 3204 h.
684 3174 724 3205 e.
772 3167 973 3216 precatus
1014 3175 1123 3204 sum.
1185 3165 1408 3220 Pet-agere
1449 3169 1518 3208 est
1556 3177 1804 3222 exponere,
1849 3167 1972 3225 ’διέρ-

254 3249 442 3298 χεσθαι,
488 3250 711 3303 περαίνειν.
753 3246 855 3288 L1v.
884 3245 919 3299 1,
954 3250 1035 3290 182
1078 3254 1173 3288 tum
1208 3246 1388 3305 peregit
1418 3246 1566 3291 verbis
1605 3248 1813 3305 auspicia
1853 3262 1972 3308 quae

260 3328 383 3370 mitti
413 3328 563 3371 vellet.
593 3329 650 3381 11,
684 3333 740 3371 1:
770 3326 898 3370 liberi
928 3328 1019 3370 iam
1050 3328 1153 3371 hinc
1180 3331 1341 3386 populi
1372 3331 1566 3374 Romani
1594 3348 1664 3376 res
1689 3346 1802 3390 pace
1833 3333 1968 3378 bello-

257 3426 340 3469 que
369 3420 525 3471 gestas
557 3434 606 3446 ·-
633 3425 863 3470 peragam.
896 3413 1132 3459 Pnornn'r.
1168 3415 1244 3468 lv,
1270 3420 1311 3468 7,
1331 3418 1408 3458 95:
1450 3414 1561 3457 haec
1583 3423 1826 3474 postquam
1857 3433 1969 3479 que-

2142 3716 2158 3750 :oe
2142 3694 2156 3710 ι*
2136 3542 2158 3686 vesamum
