2158 3750
352 265 453 311 362
749 254 1217 310 COMMENTAR.
1252 255 1327 308 IN
1364 254 1651 308 TIBULLI

349 404 534 443 utantur.
593 398 735 439 Porro
765 395 958 439 sacris
990 395 1084 439 scil.
1114 395 1288 440 numine
1319 395 1643 454 Nympharum,
1686 401 1735 441 ut
1765 405 1867 442 sunt
1896 413 2046 444 omnes

349 485 516 535 sontes,
569 480 778 535 imprimis
830 492 933 522 vero
979 481 1052 534 qui
1098 480 1311 524 salubres.
1392 481 1482 525 Sed
1533 482 1590 526 de
1637 483 1958 529 construetione
2003 490 2047 528 et

346 578 478 608 sensu
507 564 593 607 loci
634 564 769 606 multa
801 562 1020 618 disputata
1063 567 1109 606 et
1150 563 1393 606 coniectata
1431 568 1557 618 sunt,
1601 578 1713 619 quae
1743 577 1918 621 operam
1948 578 2050 620 per·

347 647 494 691 derem
535 647 574 690 si
616 646 783 689 referre
810 645 954 688 omnia
983 645 1157 688 vellem.
1233 644 1390 688 Lectio
1432 646 1639 690 librorum
1682 651 1749 689 est
1790 647 2050 698 maxima3

346 731 566 775 videamus
597 729 702 785 quid
729 743 781 773 ea
807 729 1030 773 faciamus.
1090 729 1284 773 Primum
1313 742 1427 772 nunc
1457 730 1592 773 Baiae
1622 729 1795 772 omnino
1826 742 1906 785 pro
1930 727 2049 771 ther-

343 815 425 858 mis
458 814 783 870 quibuscunque
825 812 970 855 dictae
1000 815 1154 866 erunt,
1203 817 1253 854 ut
1284 812 1457 868 accepit
1486 813 1728 855 ScAuGER
1761 811 1920 866 aliique
1953 815 2050 865 post

344 911 471 952 eum3
530 898 896 942 constructionem
946 909 1050 940 vero
1096 908 1326 952 perperam
1371 900 1537 940 statuas
1585 894 1694 940 hanc
1740 900 1790 939 ut
1832 894 2046 951 explices:

344 980 457 1024 unda
488 979 749 1024 thermarum
782 981 945 1037 optima
987 984 1164 1036 propter
1196 993 1343 1023 sacras
1374 979 1597 1037 lymphas,
1642 981 1710 1023 vel
1740 979 1858 1022 unda
1887 979 2048 1035 optima

344 1069 523 1121 propter
552 1077 697 1108 sacras
730 1062 926 1120 lymphas
957 1061 1245 1117 thermarum,
1290 1077 1419 1119 quam
1450 1063 1643 1120 putidam
1675 1062 1886 1106 rationem
1919 1060 2050 1104 miror

342 1159 482 1203 nuper
516 1147 647 1191 etiam
676 1147 920 1190 Huscmcro
954 1146 1197 1203 probatam.
1259 1147 1415 1202 Neque
1456 1147 1585 1190 etiam
1617 1145 1813 1189 maxima
1842 1158 1922 1202 pro
1952 1158 2051 1188 ma-

342 1227 410 1270 ior
439 1233 506 1271 est
536 1228 700 1272 dictum
734 1233 780 1272 et
813 1229 876 1272 sic
905 1224 1018 1272 ¹cum
1061 1221 1250 1272 ablativo
1294 1229 1519 1280 iunctum,
1568 1228 1621 1272 ut
1659 1229 1754 1273 aliis
1795 1227 2048 1283 quibusdam

343 1311 480 1355 visum
523 1311 604 1367 (cf.
638 1313 908 1356 Borssorun.
956 1312 1010 1356 ad
1052 1314 1240 1368 Gregor.
1288 1311 1484 1356 Corinth·
1530 1328 1572 1370 p.
1606 1316 1707 1363 1142
1763 1311 2048 1357 -Wmmmwn

341 1396 397 1441 ad
438 1398 653 1453 Pompon.
703 1397 863 1440 Melam
909 1397 990 1451 ΙΙΙ,
1029 1402 1072 1452 7,
1103 1398 1200 1453 2.),
1251 1398 1331 1442 sed
1375 1412 1476 1443 vera
1520 1403 1566 1444 et
1605 1399 1847 1453 iusta-rma
1885 1402 2048 1441 tantum

342 1480 607 1522 constructio
637 1477 770 1534 haec,
801 1493 887 1535 qua
918 1478 1171 1536 lymphis
1203 1493 1283 1537 pro
1314 1480 1461 1525 dativo
1492 1482 1692 1538 accipias.
1756 1479 1869 1525 Nam
1895 1491 2046 1537 super-

343 1562 497 1605 lativus
529 1577 627 1606 cum
665 1563 811 1606 dativo
853 1565 946 1608 sine
987 1565 1282 1609 controversia
1334 1571 1454 1608 recte
1496 1565 1691 1621 iungitur
1734 1578 1812 1622 pro
1842 1565 2065 1620 genitivo,¹

341 1644 554 1699 siquidem
588 1659 625 1688 v.
657 1659 695 1688 c.
730 1659 843 1700 quae
874 1645 1162 1703 pulcherrima
1195 1651 1261 1690 est
1293 1648 1475 1704 puellis,
1524 1646 1629 1692 haec
1673 1645 1787 1690 haud
1817 1647 1958 1698 dubie
1980 1651 2046 1693 est

342 1729 582 1784 puellarum
622 1728 921 1784 pulcherrima.
984 1731 1101 1775 Hinc
1130 1731 1335 1775 Pmoun
1366 1730 1498 1786 Pyth.
1530 1733 1607 1786 VI,
1647 1734 1708 1776 40
1737 1745 1834 1787 sqq.
1876 1730 1932 1790 dg
1962 1731 2045 1775 Ar·-
2104 1720 2158 1765 ’³1

340 1812 560 1857 chilocho:
610 1810 811 1870 ἐδόκησέν
840 1831 888 1857 τε
918 1815 1005 1857 τῶν
1037 1810 1174 1857 πάλαι
1203 1814 1328 1871 yeme?
1366 1810 1712 1873 Ὁπλοτὲροισιν,
1755 1813 1879 1873 ἔργον
1910 1810 2045 1858 πελώ-

340 1913 432 1954 ριον
461 1898 681 1949 τελέσαις,
713 1891 879 1946 ὕπατος
911 1897 1023 1949 ἀμφὶ
1053 1900 1249 1943 τοκεῦσιν
1281 1899 1407 1951 ἔμμεν
1437 1897 1546 1959 πρὸς
1579 1897 1762 1959 ἀρετάν,
1806 1900 1848 1945 h.
1879 1914 1920 1947 e.
1950 1901 2047 1957 glo·

337 1983 445 2025 riam
483 1995 579 2026 eam
620 1981 806 2026 habebat
838 1988 884 2027 et
913 1984 1188 2028 indicabatur
1218 1986 1455 2029 iunioribus
1486 1989 1682 2029 veterum
1715 1983 1900 2039 heroum
1923 1984 2047 2041 prin-
2135 2048 2155 2067 ‚

338 2076 442 2118 ceps
469 2076 588 2117 esse,
619 2076 654 2106 s.
686 2065 799 2107 inter
827 2065 1018 2108 iuniores
1049 2071 1247 2109 veterum
1280 2065 1460 2110 heroum
1492 2068 1851 2124 princeps·esse,
1882 2067 2044 2123 pietate

337 2146 543 2191 adversus
584 2152 798 2204 parentes,
874 2149 1084 2192 Similiter
1126 2149 1366 2206 accipimus
1405 2152 1614 2194 PoMPoN.
1660 2150 1787 2194 Mna.
1818 2150 1897 2204 ΙΙΙ,
1926 2154 1971 2204 7,
2000 2153 2042 2194 2.

337 2229 428 2272 Iam
470 2231 773 2284 grammaticus
818 2244 972 2273 sensus
1020 2230 1106 2273 loci
1155 2232 1262 2273 eritz
1310 2230 1427 2273 unda
1471 2236 1620 2274 autem
1667 2245 1800 2274 verno
1847 2236 2044 2288 tempore

336 2312 702 2367 praestantissima
743 2313 857 2355 inter
901 2326 1044 2355 sacras
1086 2311 1282 2369 lymphas
1326 2312 1604 2358 thermarum.
1665 2314 1899 2358 Videamus
1931 2328 2042 2359 nunc

334 2393 440 2448 quid
482 2393 626 2437 obstet
671 2393 770 2437 huic
814 2395 1105 2451 explicationi.
1179 2397 1245 2439 Ac
1288 2396 1474 2452 primum
1517 2396 1693 2452 quidem
1745 2397 1895 2441 docuit
1939 2411 2043 2443 sane

335 2478 694 2521 Bnoncxnusms
735 2479 855 2522 lacus
897 2480 1090 2536 privatos
1135 2479 1338 2524 ditiorum
1379 2482 1423 2525 in
1465 2480 1602 2525 hortis
1632 2482 1882 2526 deliciarum
1914 2498 2042 2528 causa

333 2561 474 2606 factos
518 2563 650 2605 Baias
694 2563 859 2618 dictos,
906 2569 956 2607 ut
999 2565 1161 2608 Crcnn.
1196 2579 1262 2622 pr.
1294 2566 1414 2610 Coel.
1449 2581 1486 2611 c.
1521 2571 1592 2611 15.
1626 2571 1698 2611 16.
1729 2571 1805 2612 20.
1845 2569 2040 2614 adduxe—

334 2651 489 2702 ratque
534 2647 619 2690 iam
666 2649 909 2692 Scamessn
958 2650 1150 2693 Martial.
1192 2651 1248 2703 X,
1297 2654 1368 2704 13,
1413 2655 1457 2693 3.
1507 2656 1552 2695 et
1599 2653 1762 2696 Smox.
1810 2654 2036 2701 Aponus.

334 2729 499 2784 XVIII,
533 2731 631 2784 fin.;
679 2735 726 2773 at
766 2733 880 2775 enim
924 2745 1010 2776 non
1052 2734 1282 2789 probatum
1325 2738 1391 2776 est
1421 2736 1639 2778 naturales
1672 2735 1859 2780 thermas
1889 2751 2037 2782 omnes

332 2815 548 2857 communi
594 2816 767 2858 nomine
813 2816 944 2859 Baias
989 2818 1258 2873 appellatas,
1318 2822 1364 2860 et
1411 2816 1690 2862 vehementer
1738 2820 1890 2863 dubito
1940 2835 2039 2867 cum

334 2897 526 2941 Hermo
559 2896 641 2941 hoc
671 2899 764 2940 fieri
797 2898 1004 2953 potuisse.
1077 2899 1229 2942 Potuit
1273 2913 1352 2955 per
1395 2902 1758 2957 comparationem
1799 2901 1911 2946 dici:
1959 2902 2040 2949 hae

332 2985 433 3022 sunt
463 2981 628 3023 alterae
657 2981 794 3023 Baiae
826 2984 871 3022 et
901 2993 1012 3034 quae
1043 2980 1206 3023 similes
1235 2985 1338 3024 sunt
1370 2983 1638 3037 locutiones,
1669 2983 1746 3027 sed
1774 2981 1906 3028 haec:
1936 2998 2038 3042 pro-

333 3063 503 3106 ficiscor
534 3063 691 3116 Baias,
734 3076 883 3106 versor
914 3064 1063 3117 Baiis,
1114 3069 1158 3107 et
1190 3066 1275 3108 alia
1305 3067 1489 3120 similia,
1540 3067 1636 3121 quis
1675 3068 1824 3116 credat
1852 3081 2038 3124 unquam

334 3147 462 3189 aliter
493 3161 622 3202 quam
657 3147 712 3190 de
745 3148 1002 3192 Puteolanis
1035 3149 1162 3204 aquis
1196 3150 1449 3194 intellecta?
1509 3150 1655 3207 Atque
1685 3149 1768 3196 hoc
1794 3152 1892 3195 loco
1921 3152 2038 3197 ducit

302 3230 489 3273 'eodem
533 3232 627 3287 ipsa
675 3232 892 3275 nominum
935 3233 1154 3276 distinctio
1194 3238 1240 3276 et
1285 3235 1564 3290 comparatIo.
1639 3233 1752 3278 Nam
1800 3235 1896 3290 quis
1939 3239 2037 3292 post

335 3313 542 3357 Etruscas
587 3327 722 3369 aquas
765 3315 965 3359 Baiarum
1010 3329 1167 3359 nomen
1214 3317 1444 3359 memorari
1486 3315 1636 3360 videus
1677 3330 1764 3360 nou
1804 3318 1955 3362 statim
1980 3318 2035 3360 de

335 3396 598 3453 Campaniae
646 3398 752 3442 urbe
788 3399 980 3455 cogitet,
1030 3401 1126 3456 quis
1158 3414 1243 3445 non
1276 3401 1431 3446 sentiat
1464 3400 1645 3445 duorum
1677 3400 1894 3446 nominum
1933 3414 2033 3459 pro*

2125 1175 2141 1201 φ
