2158 3750
681 238 995 297 TIBULLI
1056 236 1197 296 LIB.
1235 237 1274 295 l.
1312 247 1356 296 8.
1782 240 1859 298 31

234 393 335 454 Vel
376 416 501 453 cum
547 393 851 475 promittit,
907 393 1095 452 subito
1141 393 1244 452 sed
1287 391 1506 476 perfida
1553 390 1726 465 fallit,

314 502 414 561 Est
459 500 599 561 mihi
644 499 761 561 nox>
794 498 986 559 multis
1030 481 1349 581 evigilanda
1392 499 1571 561 malis.

162 625 220 667 65
237 611 386 669 Dum
430 609 571 668 mihi
607 622 900 667 venturam
943 605 1118 687 fingo,
1164 608 1547 696 quodcunque
1595 621 1866 695 movetur,

230 723 233 724 ⁷
315 705 473 776 llli'us
513 699 684 802 credo
730 727 865 790 tunc
913 714 1173 774 sonuisse
1217 716 1453 798 pedem.’
1500 695 1522 703 Ἰ

237 825 490 885 Desistas
532 805 856 898 lacrimare,
903 847 1085 907 puer:
1150 849 1264 885 non
1313 825 1596 906 frangitur
1636 825 1762 899 illa,

312 932 384 990 Et
426 946 523 1009 tua
551 915 680 1017 *iani
721 929 856 991 fletu
900 929 1117 991 lumina
1161 930 1309 990 fessa
1354 946 1586 991 tument.

228 1014 526 1113 Oderunt,
584 1037 834 1119 Pholoe,
890 1062 1127 1113 moneo,
1184 1037 1416 1123 fastidia
1456 1038 1606 1111 divi,

159 1157 219 1200 70
311 1147 430 1206 Nec
472 1146 709 1231 prodest
747 1127 958 1226 sanctis
1000 1109 1131 1209 ἦιξα
1177 1146 1404 1208 dedisse
1445 1136 1606 1234 focis.

230 1254 339 1314 Hic
385 1254 686 1316 Marathus
730 1255 1023 1340 quondam
1060 1256 1299 1317 miseros
1340 1255 1575 1340 ludebat
1601 1240 1870 1328 amantes,

304 1364 544 1425 Nescius
584 1363 823 1425 ultorem
867 1380 999 1449 post
1042 1380 1214 1448 caput
1257 1389 1376 1426 esse
1424 1365 1624 1425 deum:
1679 1345 1682 1348 ἡ

226 1470 410 1554 Saepe
458 1472 623 1552 etiam
660 1472 910 1534 lacrimis
955 1457 1138 1533 fertur
1182 1473 1373 1533 risisse
1419 1473 1663 1534 dolentis

310 1580 383 1639 Et
427 1570 702 1663 cupidum
745 1579 877 1641 ficta
929 1581 1240 1641 detinuisse
1282 1570 1473 1640 mora:v

157 1688 396 1748 75Nunc
437 1688 623 1748 omnis
665 1689 787 1749 odit
828 1689 1041 1764 fastus,
1089 1714 1244 1750 nunc
1290 1688 1554 1772 displicet
1594 1686 1677 1746 illi

316 1796 710 1880 Quaecunque
753 1799 1017 1882 opposita
1055 1813 1138 1858 est
1175 1799 1348 1858 ianua
1394 1796 1539 1856 dura
1583 1819 1722 1856 sera.

229 1902 303 1962 At
347 1918 398 1963 te
436 1899 637 1988 poena*
666 1921 886 1980 manet,
938 1907 998 1966 ni
1046 1906 1259 1992 desinis
1303 1928 1423 1965 esse
1463 1904 1726 1987 superba.

314 2011 502 2091 Quam
544 2014 739 2097 cupies
783 2013 925 2075 votis
970 2015 1122 2074 hunc
1168 2036 1432 2075 revocare
1475 2012 1655 2072 diem!

280 2277 331 2319 V.
346 2279 416 2319 64.
449 2278 587 2320 modis
610 2280 743 2322 hum
761 2285 807 2323 et
822 2282 980 2323 Annus
1004 2281 1130 2333 male,
1159 2280 1316 2322 frustm
1335 2279 1595 2323 defendente
1608 2277 1869 2322 Huscnxto.

280 2382 428 2424 V.66.
475 2382 676 2440 pedem
720 2391 855 2428 recte.
934 2386 1019 2428 Alii
1063 2385 1158 2428 libri
1203 2386 1315 2427 male
1349 2384 1497 2441 pedes.
1563 2383 1689 2428 ¹Nam
1734 2395 1865 2439 supra

161 2464 196 2516 1,
221 2467 265 2518 8,
289 2467 364 2510 62,
394 2464 613 2522 strepitus
640 2465 804 2523 pedum
833 2467 918 2510 alia
947 2480 1030 2510 res.
1094 2467 1272 2509 Adiecta
1297 2480 1382 2509 vox
1414 2466 1633 2523 strepitus
1664 2466 1791 2518 facit,
1816 2472 1864 2507 ut

159 2546 288 2590 ambo
335 2547 470 2602 pedes
518 2548 735 2603 cogitandi
783 2550 870 2592 sint
914 2555 1118 2591 concreta
1161 2549 1349 2592 notione.
1447 2550 1504 2592 At
1550 2549 1593 2591 in
1641 2548 1861 2591 locutione

158 2635 330 2680 „sonat
366 2628 486 2685 pes”
527 2635 604 2672 aut
637 2629 827 2685 „pedem
862 2645 1027 2687 ponere
1071 2630 1195 2672 nullo
1225 2629 1370 2672 sono’⁷
1410 2630 1444 2684 1,
1473 2632 1517 2683 2,
1546 2632 1621 2674 20.
1652 2630 1870 2672 abstracta

159 2711 278 2753 notio
324 2710 519 2765 obtinet,
578 2712 924 2767 quandoquidem
971 2726 1055 2756 non
1101 2712 1156 2756 de
1202 2725 1381 2756 numero
1423 2713 1594 2768 agitur,
1655 2724 1765 2754 unus
1813 2712 1871 2754 sit

158 2805 210 2833 an
260 2793 430 2848 plures,
490 2793 568 2836 sed
613 2794 718 2837 illud
760 2795 900 2838 solum
942 2800 1188 2851 spectatur,
1248 2794 1405 2852 pedem
1453 2807 1565 2838 esse.
1644 2792 1770 2836 Cous.
1813 2792 1867 2835 ad

160 2874 202 2926 1,
240 2878 295 2927 ³,
327 2878 398 2917 47.

278 2979 423 3023 V.73.
462 2979 749 3034 lacrimis,
782 2983 1060 3036 exquisitiore
1104 2982 1449 3034 constructione,
1490 2992 1749 3036 quamquam
1793 2978 1867 3020 la-

159 3060 347 3114 crimas,
407 3061 521 3115 quod
570 3062 610 3104 in
653 3063 773 3116 aliis,
822 3063 1004 3107 sortasse
1050 3065 1313 3121 simplicitati
1351 3064 1553 3106 dictionis
1596 3063 1868 3106 Tibullianae

158 3145 295 3199 magis
337 3144 549 3187 convenit.

278 3250 330 3292 V.
350 3253 420 3293 76.
453 3251 720 3305 opposita
753 3256 858 3303 est,
891 3251 1013 3296 bene..
1077 3253 1222 3308 Vulgo
1251 3251 1462 3309 apposita
1495 3264 1551 3294 ex
1583 3251 1693 3295 libro
1719 3252 1868 3294 Spon-

160 3345 269 3374 τηις
301 3346 324 3374 a
363 3332 662 3375 Bnouxnusto
707 3340 942 3389 receptum.
