2158 3750
634 247 821 299 LIBR.
859 248 950 299 lv.
1022 246 1239 300 CARM.
1275 247 1343 298 11.
1732 251 1837 314 427¹

137 393 247 434 male
279 397 444 435 statues
475 392 620 435 statim
653 391 708 434 ab
740 391 863 435 initio
896 392 1044 434 fictum
1075 403 1233 435 nomen
1263 390 1518 447 praelatum.
1580 389 1690 431 Cum
1718 389 1832 434 enim

138 477 315 529 egregia
349 477 542 532 Sulpicia
572 476 799 530 insiguiter
829 480 945 518 tacta
977 480 1095 518 esset
1116 487 1266 518 amore
1297 473 1422 518 huius
1453 474 1644 527 iuvenis,
1672 473 1836 516 ¹Tibul-

139 559 203 598 lus
233 559 459 601 iucundam
494 572 610 612 rem,
656 560 855 615 poeticae
891 560 1138 602 tractationi
1169 560 1462 615 aptissimam,
1507 557 1706 612 elegidiis
1737 558 1839 600 illu-

138 647 275 683 strare
313 641 504 696 studuit,
550 646 595 686 et
634 643 855 698 Sulpiciae
897 643 1070 698 quidem
1103 656 1259 685 nomen
1301 632 1501 695 retinuit,
1552 654 1631 697 pro
1672 640 1838 682 iuvenis

137 727 279 766 autem
312 725 483 767 nomine
512 725 630 768 aliud
661 731 706 768 et
737 727 958 782 poeticum
989 727 1225 779 substituit,
1257 731 1306 768 ut
1337 739 1433 769 cum
1465 725 1661 767 veritatis
1691 725 1838 780 specie

138 808 335 862 poeticae
366 809 551 852 fictionis
579 811 914 864 coniungeretur
943 810 1203 863 iucunditaS,
1235 823 1316 853 nec
1347 810 1401 852 ud
1432 791 1676 853 historicam
1708 808 1837 852 fidem

137 893 278 934 omnia
310 906 515 949 expressa
542 893 791 936 viderentur
822 898 1003 948 exacte,
1035 897 1080 937 et
1112 907 1213 936 vera
1245 892 1506 936 haberentur
1537 894 1679 936 omnia
1707 893 1839 935 verba

139 975 384 1030 Sulpiciae,
432 975 510 1017 sed
549 976 730 1018 sentiret
761 977 900 1019 lector
930 977 1102 1032 poetice
1126 978 1159 1019 'a
1190 981 1320 1033 poeta
1353 981 1562 1020 exornata
1593 991 1690 1020 esse
1728 989 1839 1031 quae

140 1058 460 1100 fundamentum
503 1056 712 1102 haberent
752 1057 1015 1103 historicum.
1080 1061 1223 1115 Atque
1264 1060 1322 1102 ita
1353 1060 1637 1103 conveniebat
1668 1064 1839 1115 poetae,

137 1139 174 1180 si
218 1141 388 1194 quando
436 1141 566 1184 edere
605 1143 777 1186 volebat
818 1143 924 1187 haec
967 1145 1180 1199 elegidia,
1223 1144 1338 1199 quod
1380 1144 1526 1187 credo.
1589 1144 1668 1186 Sin
1707 1143 1840 1186 edere

140 1223 305 1276 uoluit,
352 1225 446 1279 ipse
486 1226 674 1268 retinere
706 1227 847 1282 potuit
891 1239 1040 1270 verum
1072 1241 1227 1270 nomen
1270 1227 1461 1280 iuveniS‚
1509 1227 1656 1269 fictum
1695 1231 1838 1268 autem
1907 1271 1912 1276 ,

139 1305 417 1349 substitutum
457 1313 522 1350 est
553 1308 609 1350 ab
649 1321 729 1362 eo,
777 1308 849 1363 qui
887 1314 988 1366 post
1022 1314 1205 1352 mortem
1240 1309 1353 1352 Alhii
1384 1309 1558 1351 ultimos
1588 1313 1678 1351 tres
1707 1307 1841 1350 libros

141 1387 290 1430 edidit.
364 1388 483 1431 Idem
515 1392 645 1433 etiam
674 1390 718 1432 in
762 1390 930 1434 duobus
962 1393 1221 1434 carminibus
1251 1392 1426 1435 secundi
1459 1392 1556 1434 libri
1589 1389 1841 1434 Cerinthum

143 1480 298 1512 nomeu
329 1473 527 1527 posuisse
558 1474 740 1527 videtur,
773 1489 869 1517 cum
901 1475 1035 1518 sciret
1062 1475 1244 1518 eundem
1275 1475 1487 1517 hominem
1514 1475 1658 1517 fuisse.
1722 1473 1841 1514 Cou-

142 1553 208 1596 ἵει·
239 1569 350 1609 quae
379 1557 424 1598 in
455 1557 557 1600 vita
589 1558 751 1601 Tibulli
781 1559 836 1602 de
866 1559 932 1602 his
963 1560 1093 1603 rebus
1125 1561 1208 1602 iam
1242 1559 1355 1602 dicta
1387 1564 1499 1602 sunt.
1561 1559 1701 1611 Atque
1734 1554 1839 1598 haec

141 1638 314 1691 quidem
357 1639 411 1683 de
454 1640 673 1685 Cerintho.
734 1642 913 1698 Elegias
957 1642 1148 1687 Vossws
1194 1643 1399 1699 epistolas
1440 1641 1677 1696 inscripsit,
1725 1639 1840 1694 quod

144 1733 299 1763 nomen
331 1735 356 1763 a
387 1725 678 1776 grammaticis
719 1731 840 1768 certe
880 1727 932 1769 iis
964 1727 1172 1769 tributum
1205 1727 1386 1770 vidimus
1418 1726 1591 1768 ibidem.
1655 1725 1738 1767 Hic
1770 1729 1842 1766 ta-

144 1817 238 1845 men
295 1805 536 1848 addendum
595 1821 680 1849 non
737 1809 933 1852 omuibus
991 1810 1034 1852 id
1080 1823 1233 1852 revera
1279 1810 1533 1861 convenire,
1583 1808 1664 1850 nisi
1714 1807 1843 1849 etiam

143 1900 274 1930 carm.
307 1887 382 1930 lv.
415 1888 470 1930 ad
499 1888 725 1932 Phoebum
757 1896 802 1932 et
831 1905 962 1932 carm.
996 1891 1071 1934 VI.
1114 1892 1169 1933 ad
1202 1892 1408 1933 lunonem
1441 1890 1593 1934 credas
1624 1894 1744 1931 recte
1782 1890 1842 1929 ita

143 1971 241 2014 dici.
303 1971 398 2014 Nec
428 1986 601 2015 carmen
634 1973 730 2016 vll.
763 1987 841 2028 pro
874 1975 1056 2029 epistola
1089 1973 1235 2015 haberi
1268 1978 1435 2028 potest,
1480 1972 1553 2014 ubi
1595 1985 1741 2013 secum
1774 1972 1843 2012 lo—

146 2055 291 2106 quitur
320 2055 513 2109 Sulpicia
545 2055 816 2098 laetabunda.
880 2055 1049 2111 Nempe
1080 2056 1282 2097 Tibullus
1314 2069 1410 2097 cum
1443 2053 1519 2097 hos
1552 2067 1720 2096 amores
1752 2055 1846 2095 ele-

143 2135 271 2188 gidiis
303 2140 489 2178 tractare
507 2137 829 2190 =constituisset‚
861 2137 1001 2180 varias
1033 2151 1187 2180 causas
1219 2139 1455 2180 carminum
1488 2139 1648 2194 posuit,
1680 2138 1847 2180 varios-

145 2231 228 2272 que
260 2219 412 2262 modos
443 2221 723 2275 excogitavit,
754 2221 962 2275 quosdam
996 2235 1053 2264 ex
1086 2224 1179 2278 ipsa
1213 2221 1389 2265 historia
1422 2223 1484 2264 rei
1519 2223 1658 2278 petiit,
1688 2223 1842 2276 quibus

145 2314 220 2342 eos
252 2301 519 2357 depingeret.
582 2302 710 2346 Nunc
742 2305 896 2346 natalis
926 2303 1118 2347 Cerinthi
1152 2309 1245 2356 est,
1292 2318 1406 2347 minc
1438 2306 1684 2359 Sulpiciae,
1733 2311 1844 2346 nunc

143 2387 308 2428 iuvenis
340 2391 539 2429 venatum
569 2387 691 2439 abiit,
722 2369 834 2430 nuuc
867 2388 1009 2443 puella
1032 2401 1107 2430 rus
1137 2388 1257 2431 abire
1287 2401 1370 2430 non
1403 2390 1507 2442 vult,
1539 2402 1652 2430 nuuc
1680 2389 1846 2430 Kalen-

146 2469 227 2512 dae
258 2470 443 2513 Martiae
474 2476 572 2513 sunt
602 2477 647 2514 et
683 2471 794 2513 dona
824 2471 1073 2525 mittuntur,
1108 2485 1221 2515 nunc
1252 2473 1403 2515 morbo
1439 2472 1607 2514 laborat
1637 2473 1846 2527 Sulpicia,

144 2564 258 2594 nunc
280 2554 468 2609 suspicio
492 2553 547 2596 de
573 2554 659 2598 fide
683 2553 879 2598 Cerinthi
905 2556 1069 2610 incidit,
1101 2567 1388 2600 nuncamore
1415 2556 1620 2612 perfruita
1644 2557 1736 2599 eius
1763 2569 1845 2598 ex-

145 2637 277 2679 sultat
309 2638 464 2693 puella,
497 2643 541 2679 et
569 2637 632 2679 sic
664 2651 809 2694 porro,
843 2651 954 2693 quae
986 2639 1172 2682 varietas
1203 2652 1346 2682 rerum
1381 2644 1425 2682 et
1459 2639 1690 2681 formarum
1717 2651 1849 2695 aper-

146 2729 236 2764 tum
267 2725 335 2764 est
374 2726 580 2776 quantum
610 2722 885 2766 iucunditatis
915 2722 1084 2766 habeat.
1128 2751 1130 2754 -
1159 2723 1289 2770 Quod
1321 2736 1424 2766 vero
1456 2727 1608 2778 postea
1640 2722 1848 2778 epistola-

147 2820 242 2849 rum
274 2819 428 2849 nomen
473 2807 635 2862 placuit
677 2808 868 2852 tribuere
913 2807 978 2852 llis
1020 2810 1197 2863 elegiis,
1240 2813 1437 2865 spectata
1469 2812 1536 2850 est
1565 2806 1702 2849 maior
1731 2819 1847 2862 pars,

148 2890 217 2932 cui
258 2903 363 2933 sane
403 2890 446 2932 id
489 2891 698 2947 applicari
737 2898 894 2949 potest.
967 2894 1032 2936 Ac
1064 2894 1252 2938 Vossms
1285 2894 1412 2936 etiam
1445 2906 1530 2947 quo
1562 2891 1713 2935 ordine
1745 2891 1852 2936 haee

146 2973 335 3016 carmina
378 2985 457 3029 per
496 2973 595 3016 anni
637 2978 832 3032 tempora
872 2976 954 3020 sibi
997 2977 1255 3031 succedant,
1303 2976 1531 3032 descripsit
1571 2974 1724 3028 nobis,
1769 2974 1847 3018 sed

147 3054 279 3097 multa
311 3059 607 3109 commentus,
649 3060 759 3111 quae
791 3069 874 3101 uon
905 3054 1047 3102 insun't
1076 3059 1118 3102 in
1150 3060 1217 3102 iis.
1279 3058 1402 3102 Haec
1437 3059 1548 3101 enim
1581 3071 1651 3101 res
1682 3057 1848 3100 definiri

147 3139 322 3192 nequit,
363 3150 443 3181 nee
485 3137 672 3182 voluisse
714 3139 884 3183 videtur
926 3139 970 3184 id
1012 3140 1236 3185 Tibullus:
1283 3143 1481 3197 voluptas
1524 3141 1696 3197 poetica
1729 3140 1848 3193 larga

149 3223 286 3265 oritur
327 3235 382 3265 ex
425 3223 632 3266 varietate
665 3228 930 3280 temporum,
974 3238 1223 3280 causarum,
1273 3239 1474 3279 casuum,
1521 3225 1594 3280 qui
1635 3225 1677 3267 iu
1718 3236 1847 3268 cursu

150 3308 307 3350 amoris
349 3306 550 3365 accidunt
592 3312 637 3350 et
678 3307 907 3362 imaginem
940 3310 1032 3352 eius
1067 3309 1150 3352 alia
1181 3314 1310 3364 atque
1342 3310 1424 3351 alia
1457 3322 1512 3352 ex
1544 3313 1666 3365 parte
1699 3312 1849 3350 osteu-

150 3390 282 3443 duut,
333 3390 572 3434 obscuritas
608 3397 750 3436 autem
785 3407 837 3436 ex
871 3396 1067 3449 ignorato
1099 3394 1248 3437 ordine
1281 3406 1421 3436 reruni
1456 3394 1568 3435 nulla
1606 3396 1686 3435 est.
1757 3389 1848 3434 Sed
