2158 3750
296 246 400 293 294
700 237 1168 294 COMMENTAR.
1206 239 1281 291 IN
1318 239 1605 294 TIBULLI

298 391 425 433 etiam
467 389 621 445 Apollo
663 390 842 441 rogatur
881 390 929 430 ut
963 386 1193 429 amoliatur
1234 390 1279 428 et
1319 391 1525 442 procuret
1564 385 1770 442 quidquid
1808 389 1995 446 prodigii

296 475 338 517 iu
373 478 592 530 posterum
623 471 881 514 minaturum
913 471 971 513 sit
999 470 1185 526 imperio
1218 469 1468 525 perniciem.
1548 468 1754 513 Ceterum
1785 470 1842 514 ad
1871 473 1994 515 locu-

297 559 456 600 tionem
489 569 633 613 merge
665 552 750 597 sub
781 552 1053 612 aequoribus
1083 552 1489 596 thmmmcflms
1519 552 1688 596 confert
1717 553 1858 596 Vme.
1887 553 1995 598 Aen.

300 641 375 692 VI,
406 641 510 682 342.
585 639 786 693 Augetur
828 639 893 681 vis
939 639 1180 681 sententiae
1226 637 1375 680 addito
1422 636 1638 679 adiectivo
1687 634 1995 688 indomitis,

297 721 460 773 saeviS,
490 720 645 776 quibus
678 720 937 764 devorentur
969 734 1021 763 ac
1052 720 1278 763 deleantur
1305 720 1491 776 penitus,
1524 740 1583 749 -
1614 717 1686 760 Et
1715 729 1998 760 succensa

297 802 484 844 sacris
517 807 601 846 etc.
663 802 1011 846 Comburebatur
1050 802 1197 845 laurus
1238 803 1284 844 iu
1322 801 1545 844 sacrificiis
1588 806 1633 843 et
1662 799 1708 842 in
1738 813 1786 843 re
1818 791 2001 854 magica,

299 888 343 926 et
388 883 579 940 crepitus
626 884 821 927 ardentis
862 882 971 927 rami
1016 896 1145 926 omen
1187 882 1294 925 felix
1335 887 1538 926 votorum
1581 880 1845 935 habebatur,
1888 881 2004 925 unde

300 982 412 1012 nunc
443 969 588 1014 bene
618 970 896 1026 crepitet,
929 967 969 1014 h.
1001 981 1040 1011 e.
1070 981 1169 1011 cum
1201 968 1316 1010 bono
1346 968 1515 1020 omine,
1546 966 1602 1010 cf.
1635 968 1770 1010 an.
1800 965 1901 1019 XV,
1930 969 2006 1010 30.

300 1054 437 1095 Ovm.
468 1053 588 1095 Fast.
614 1053 649 1105 1,
681 1055 784 1098 344.
822 1052 1063 1096 Pnopnnw.
1092 1049 1151 1103 Π,
1179 1053 1256 1103 28,
1283 1053 1356 1092 36.
1388 1049 1599 1094 Pom-1312.
1631 1048 1687 1092 ad
1718 1046 1935 1104 Lycophr.
1963 1050 2005 1091 ⁶.

299 1135 426 1178 Voss
469 1135 524 1178 ad
569 1135 692 1190 Virg.
737 1135 894 1189 Eclog.
927 1134 1047 1188 vlll,
1091 1136 1166 1176 82.
1244 1132 1381 1176 Vides
1425 1137 1571 1176 autem
1614 1131 1684 1176 hic
1726 1133 1827 1175 anni
1868 1131 2008 1174 felicis

301 1218 527 1271 augurium
559 1219 650 1274 peti
691 1231 718 1263 e
763 1219 935 1275 crepitu
978 1230 1190 1261 accensae
1221 1217 1359 1270 lauri,
1409 1197 1648 1271 siquidem,
1701 1219 1751 1258 ut
1787 1216 1832 1258 in
1861 1215 2008 1259 Intro-

303 1303 505 1348 ductione
552 1303 727 1357 monui,
788 1301 896 1347 haec
942 1316 1098 1357 magna
1143 1303 1336 1345 solennia
1381 1314 1511 1343 verna
1554 1299 1765 1356 Apollinis
1809 1299 2011 1343 videntur

304 1399 426 1439 esse,
474 1386 547 1428 ubi
580 1390 920 1433 consentaneum
953 1400 1106 1443 preces
1134 1386 1232 1428 fieri
1266 1398 1346 1442 pro
1387 1386 1486 1429 anni
1526 1383 1812 1428 successibus.
1874 1383 2011 1427 Cete-

306 1481 398 1512 rum
450 1481 573 1512 usum
622 1482 663 1513 v.
715 1468 934 1525 crepitare
985 1468 1040 1511 de
1087 1469 1271 1512 flammis
1318 1467 1537 1523 rebusque
1585 1467 1778 1510 accensis
1822 1467 2010 1510 illustrat

305 1554 577 1598 Bssumnmus
621 1553 677 1596 ad
719 1554 873 1596 Horat.
917 1552 1002 1595 Od.
1034 1553 1112 1606 lv,
1157 1556 1227 1606 11,
1267 1555 1340 1596 11.
1373 1576 1433 1585 —
1489 1565 1681 1605 sacer,
1727 1551 1907 1595 faustus.
1949 1545 2009 1583 —'

306 1636 444 1690 erit,
475 1637 565 1690 εἰς,
602 1636 689 1690 ait,
729 1636 900 1681 felicem
934 1635 1186 1678 habebimus
1216 1647 1389 1679 aunum.
1451 1636 1599 1681 Quare
1630 1634 1788 1677 frustra
1816 1635 2009 1679 Vossws

303 1725 380 1758 eat
411 1731 466 1763 ex
499 1718 664 1772 aliquot
695 1718 816 1760 libris
845 1718 1081 1774 rescripsit.
1142 1718 1377 1762 Monuerat
1407 1719 1492 1762 iam
1524 1719 1880 1762 Bnoucxnusms
1911 1733 2010 1765 esse

304 1806 467 1847 certam
508 1802 864 1860 pollicitationem
909 1808 953 1846 et
994 1803 1134 1847 maIus
1175 1803 1339 1859 aliquid
1383 1816 1512 1858 quam
1542 1808 1740 1860 optatum
1772 1809 1818 1847 et
1848 1808 2009 1862 votum.

307 1886 476 1948 Nempe
510 1887 594 1930 scit
624 1900 704 1929 uec
734 1886 929 1940 dubitat,
967 1887 1004 1929 si
1041 1888 1185 1930 laurus
1217 1887 1330 1930 bene
1361 1888 1572 1943 crepitet,
1605 1886 1775 1931 felicem
1807 1887 1902 1932 fore
1931 1901 2011 1931 an-

311 1982 426 2013 uum.
457 1993 516 2001 —
558 1971 610 2016 V,
643 1972 700 2011 83
734 1984 828 2024 sqq.
877 1969 1100 2012 Laurus
1131 1969 1225 2011 ubi
1258 1969 1399 2012 bona
1432 1969 1596 2023 signa
1626 1969 1800 2013 dedit.
1862 1971 2013 2016 Quae-

308 2051 418 2097 ritur
447 2051 503 2095 de
545 2064 647 2093 vera
680 2051 851 2093 ratione
895 2050 995 2095 loci.
1057 2050 1194 2092 Potes
1226 2048 1337 2092 hunc
1375 2062 1538 2106 ponere
1569 2063 1754 2095 nexum=
1798 2052 2012 2095 Precatus

309 2138 377 2178 est
408 2139 538 2191 poeta
578 2138 626 2177 ut
655 2135 802 2177 laurus
832 2133 943 2178 bene
975 2135 1185 2190 crepitet3
1229 2147 1333 2178 ecce
1363 2138 1484 2177 ratae
1514 2135 1623 2176 fiunt
1654 2148 1830 2190 preces,
1861 2139 2016 2179 revera

311 2219 386 2263 dat
427 2219 540 2262 bona
583 2221 710 2274 sigua
752 2214 923 2260 laurus!
987 2217 1157 2263 Quodsi
1199 2215 1280 2260 hoc
1323 2215 1539 2273 praeferS‚
1582 2215 1789 2259 vividiore
1829 2216 2015 2260 formula

309 2314 419 2358 opus
450 2306 519 2344 est
549 2301 593 2344 iu
622 2302 696 2344 tali
727 2306 885 2344 eventu
916 2299 1176 2353 nuntiando,
1223 2299 1357 2342 veluti
1398 2311 1528 2356 supra
1559 2299 1604 2341 in
1635 2298 1763 2342 simili
1795 2313 1926 2343 causa
1956 2301 2014 2355 ll,

312 2389 353 2435 l,
382 2387 456 2427 25.
489 2384 702 2439 legimus:
745 2385 980 2426 Eventara
1009 2396 1190 2440 precor:
1224 2380 1356 2424 viden
1388 2388 1443 2422 ut
1463 2379 1681 2439 felicibus
1711 2382 1832 2424 extis
1865 2382 2015 2442 Signi-

300 2466 415 2523 ficet
450 2468 657 2524 placidos
687 2468 852 2511 nuntia
886 2466 1015 2525 fibra
1049 2465 1185 2509 deos?
1246 2467 1442 2511 Venuste
1474 2465 1610 2520 igitur
1647 2465 1751 2508 olim
1785 2465 2015 2510 Hssmsms

311 2550 498 2593 coniecit
528 2549 571 2592 io
601 2563 663 2607 pr.
697 2547 796 2597 ubi,
840 2563 927 2605 quo
958 2547 1061 2592 nihil
1093 2553 1160 2591 est
1188 2549 1327 2603 magis
1362 2548 1596 2604 poeticum.
1658 2549 1734 2591 Sic
1765 2548 1839 2604 qui
1868 2549 2017 2604 sequi-

313 2637 383 2675 tur
411 2633 546 2687 locus,
576 2633 813 2676 continebit
844 2633 1180 2688 descriptionem
1208 2632 1377 2674 iamiam
1411 2632 1609 2675 instantis
1638 2637 1740 2688 post
1770 2631 1871 2676 data
1901 2633 2015 2676 bona

311 2714 435 2768 signa
464 2715 777 2771 prosperitatis.
838 2715 1001 2759 Verum
1043 2714 1157 2756 enim
1189 2726 1291 2757 vero
1324 2714 1598 2757 observatum
1633 2719 1701 2758 est
1730 2716 1856 2758 nimis
1886 2729 2014 2760 rece-

313 2797 419 2840 dere
448 2811 474 2840 a
505 2799 710 2842 librorum
741 2799 1003 2843 auctoritate
1033 2797 1222 2841 Hssmsn
1258 2797 1626 2851 emendationem,
1662 2810 1744 2840 nec
1774 2802 1921 2854 potest
1950 2798 2018 2841 fa-

315 2882 398 2923 cile
439 2882 623 2937 intelligi
667 2882 884 2938 quomodo
927 2881 969 2923 io
1015 2886 1228 2925 mutatum
1271 2882 1315 2924 in
1358 2879 1434 2922 ubi
1468 2881 1549 2934 sit,
1596 2893 1708 2936 quae
1748 2879 1908 2923 tradita
1950 2885 2019 2923 est

315 2964 461 3010 lect10.
523 2965 902 3008 Considerabimus
945 2966 1079 3020 igitur
1119 2980 1231 3009 nunc
1278 2966 1408 3008 etiam
1453 2963 1573 3007 hanc.
1646 2966 1710 3006 Ac
1754 2962 1904 3018 quidni
1947 2964 2015 3005 vel

315 3050 377 3092 sic
412 3051 550 3107 possit
591 3051 742 3094 similis
781 3064 877 3093 esse
917 3051 1103 3093 sensus?
1172 3048 1258 3091 Ubi
1299 3049 1354 3091 de
1385 3062 1433 3091 re
1465 3061 1567 3091 vere
1599 3047 1714 3091 facta
1744 3047 1919 3104 ponitur
1953 3059 2019 3102 pr.

316 3138 557 3188 postquam.
628 3134 726 3176 Erit
771 3134 906 3188 igitur
952 3133 1020 3176 hic
1067 3131 1321 3175 statuendus
1369 3143 1625 3187 progressus
1673 3130 2010 3172 sententiarum:

317 3218 379 3257 Et
410 3231 623 3257 succensa
652 3215 794 3258 sacris
825 3215 1009 3272 crepitet
1042 3214 1144 3256 bene
1174 3214 1333 3256 laurea
1353 3213 1568 3279 flanfmis.
1643 3214 1756 3255 Hinc
1787 3225 1883 3255 cum
1918 3212 2020 3254 sub-

318 3298 451 3340 iicere
482 3302 655 3353 posset:
702 3298 814 3337 Ecce
858 3297 1050 3353 crepitat
1100 3295 1202 3336 bene
1245 3294 1432 3340 lauras,
1467 3308 1562 3335 ecce
1603 3294 1684 3335 dat
1725 3293 1838 3336 bona
1877 3293 2024 3350 signa,

323 3378 384 3421 ms
415 3379 584 3423 omissis
622 3382 766 3424 statim
799 3381 861 3423 sic
894 3382 1036 3436 pergit
1071 3381 1205 3423 laete:
1261 3382 1510 3436 Postquam
1541 3378 1702 3420 laurus
1748 3377 1867 3419 dedit
1911 3376 2024 3419 bona

2126 1183 2158 1367 &fida-e.
2122 1111 2158 1166 <vl
