2158 3750
719 249 903 302 LIBR.
942 252 983 302 1.
1056 249 1258 320 ELEG.
1295 252 1363 305 11.
1822 261 1888 305 33

303 394 357 438 V.
389 397 411 438 l
446 406 515 448 sq.
583 392 742 439 Adde
786 407 1010 440 merum.
1072 394 1287 442 Hortatur
1327 408 1510 451 puerum
1551 401 1597 441 ut
1637 398 1736 454 plus
1780 401 1890 442 meri

182 477 399 531 affundat,
429 490 518 533 quo
546 477 701 523 fortior
727 479 805 523 flat
834 479 970 534 potio.
1030 479 1109 523 Sic
1137 479 1251 526 infra
1280 480 1360 532 ΙΙΙ,
1384 485 1429 535 6,
1456 485 1530 527 63.
1592 482 1882 527 Lrenmcsz

181 567 235 601 tu
269 574 411 616 puer,
452 559 496 607 i,
543 559 765 618 liquidum
795 557 977 616 fortius
1018 558 1134 600 adde
1171 575 1354 605 merum.
1426 562 1527 606 Non
1558 569 1624 607 est
1656 565 1791 620 igitur
1819 579 1885 622 pr.

181 644 365 699 simplici
393 643 503 685 dare
533 643 696 685 dictum
724 641 917 687 addere,
956 647 1135 686 notante
1165 645 1297 687 etiam
1328 645 1705 690 Wummnmcmo
1736 652 1887 693 contra

180 728 410 772 Vunrrmr.
455 726 549 773 Sed
577 725 757 781 gravier
784 726 869 768 alia
897 725 1112 779 quaestio.
1174 727 1362 770 Ubinam
1392 735 1590 772 versatur
1619 734 1750 786 poeta
1779 729 1887 775 haec

176 811 362 855 dicens?
423 811 488 853 De
515 809 692 853 fictione
726 809 898 864 poetica
933 809 1017 851 loci
1047 809 1215 863 loquor.
1278 809 1442 854 Credas
1479 812 1652 857 domum
1683 826 1783 856 eum
1814 824 1890 856 re·

175 892 307 935 diisse
346 907 372 935 a
412 892 540 934 ianua
579 892 755 945 Deliae,
801 892 947 946 ibique
984 893 1144 948 poculo
1187 894 1407 948 postulato
1441 895 1604 938 bibere.
1677 897 1768 940 Sed
1800 903 1888 941 stat

173 974 402 1017 manifesto
428 978 532 1018 ante
557 973 730 1016 ianuam
761 986 801 1016 v.
826 977 898 1027 9.,
928 973 1004 1015 ubi
1036 973 1133 1017 vide
1162 973 1302 1027 dieta,
1332 987 1415 1017 nec
1446 975 1622 1019 dubium
1652 978 1756 1032 quin
1787 991 1886 1022 car-

173 1067 273 1100 men
298 1056 720 1114 παρακλαυσίθυρον
747 1058 832 1111 sit,
861 1057 1142 1101 suadentibus
1171 1059 1302 1101 etiam
1333 1059 1428 1100 aliis
1456 1060 1562 1103 locis
1592 1060 1702 1103 infra
1731 1062 1884 1116 legen-

123 1143 126 1146 *
173 1136 253 1181 dis.
314 1139 464 1184 Quare
492 1138 653 1196 du‘plex
683 1139 841 1182 tentari
870 1144 1019 1196 potest
1049 1140 1296 1196 explicatio.
1370 1142 1566 1185 Primum
1598 1141 1730 1187 baecz
1773 1156 1884 1186 con-

172 1226 261 1265 stat
289 1224 433 1266 vinum
466 1224 627 1279 passim
653 1224 833 1267 allatum
863 1223 919 1266 ad
950 1225 1098 1266 ianuas
1131 1225 1384 1280 puellarum.
1447 1226 1563 1269 Nolo
1593 1227 1751 1271 afferre
1783 1228 1885 1272 vino

172 1318 428 1362 conspersas
459 1319 556 1349 esse
583 1305 702 1349 fores
729 1311 1009 1358 amatne‚·ut
1045 1319 1085 1349 v.
1116 1319 1156 1350 c.
1187 1305 1427 1350 Thessalici
1455 1314 1670 1352 amatores
1701 1309 1884 1354 Laidem

170 1386 465 1441 honorabant,
494 1387 552 1431 cf.
580 1386 727 1440 Schol.
762 1389 1012 1431 Ans-roan.
1041 1387 1157 1429 Plut.
1192 1401 1231 1431 v.
1258 1392 1359 1431 179.
1421 1390 1521 1432 Hoc
1556 1392 1654 1435 loco
1687 1393 1880 1436 Pham-o

171 1477 345 1521 utamur
385 1470 559 1513 Cui-cul.
589 1470 626 1524 1,
656 1473 701 1523 1,
730 1473 791 1514 76
819 1483 942 1524 sqq„
988 1469 1063 1512 ubi
1103 1482 1213 1525 puer
1256 1471 1396 1516 sinum
1439 1473 1567 1515 affert
1607 1474 1885 1520 Phaedromo

171 1566 270 1597 cum
294 1554 501 1597 Palinuro
529 1552 586 1597 ad
613 1553 785 1597 hunam
807 1552 1013 1596 Phanesii
1044 1555 1179 1607 eunti,
1203 1555 1277 1609 qui
1305 1554 1423 1598 sores
1454 1569 1748 1615 conspergere
1778 1562 1886 1614 vult,

170 1642 221 1682 ut
254 1651 311 1683 ex
341 1637 478 1680 odore
513 1637 613 1680 lena
648 1636 827 1679 ianitrix
857 1641 957 1679 eum
988 1635 1142 1679 adesse
1172 1637 1360 1690 sentiat,
1404 1637 1561 1682 deinde
1598 1641 1727 1683 etiam
1759 1643 1884 1687 lenae

171 1718 515 1779 ipsi‘bibendmn
547 1722 666 1766 dare.
737 1721 872 1768 Quod
903 1722 1082 1765 audiens
1112 1723 1368 1777 Palinurus,
1397 1723 1573 1772 istunc,
1606 1726 1772 1780 inquit,
1805 1727 1885 1784 qui

172 1806 313 1863 affert
341 1806 563 1863 afflictum
598 1804 745 1850 eelim.
805 1808 904 1864 Ego
946 1804 1072 1848 nobis
1111 1805 1272 1862 afferri
1310 1806 1479 1850 censui.
1553 1808 1680 1851 Unde
1722 1808 1885 1853 sactum

171 1889 293 1935 vides
321 1891 564 1945 interdum,
603 1895 654 1935 ut
685 1895 786 1938 aute
811 1891 932 1935 fores
963 1891 1200 1936 biberetur.
1261 1893 1328 1934 Ac
1358 1891 1559 1935 Tibullus
1589 1893 1764 1946 quidem
1795 1893 1886 1948 (sic

169 1977 311 2032 possis
347 1975 537 2030 fingere)
577 1979 761 2018 steterat
788 1975 1053 2029 aliquamdiu
1082 1974 1242 2016 frustra
1272 1979 1375 2017 ante
1406 1976 1578 2016 ianuam
1610 1980 1886 2030 exspectans,

170 2071 274 2103 mox
302 2063 353 2101 ut
382 2058 554 2106 falleret
583 2057 780 2111 noctem,
815 2057 960 2099 vinum
992 2057 1140 2099 afferri
1170 2056 1378 2109 iusserat,
1411 2055 1586 2098 tandem
1618 2069 1722 2099 vero
1754 2057 1885 2099 intel-

168 2142 309 2196 ligens
333 2151 419 2184 non
448 2141 596 2184 venire
626 2140 796 2183 Deliam
825 2144 874 2183 et
904 2139 1145 2183 custodiam
1176 2152 1272 2181 esse
1305 2140 1505 2194 positam,
1537 2140 1687 2183 dolore
1717 2141 1886 2194 ingenti

79 2237 85 2240 ·
170 2223 414 2279 corripitur.
467 2222 604 2265 Nunc
633 2224 732 2278 plns
762 2224 870 2265 meri
900 2224 1118 2278 postulat,
1153 2227 1205 2264 ut
1236 2224 1462 2278 consopiat
1492 2225 1694 2267 celeriter
1723 2225 1884 2267 intole-

170 2306 328 2349 rabiles
368 2305 566 2358 dolores,
611 2303 839 2347 confestim
883 2302 966 2347 hoc
1008 2306 1103 2359 ipso
1149 2305 1245 2347 loco
1287 2304 1577 2358 dormiturus,
1622 2311 1671 2347 ut
1714 2311 1886 2348 constat

171 2395 386 2433 amatores
414 2366 545 2433 etiam
573 2388 681 2430 alias
709 2388 907 2440 iacuisse,
939 2388 1192 2430 dormivisse
1223 2388 1266 2429 in
1297 2388 1443 2429 limine
1474 2388 1728 2443 puellarum.
1790 2388 1884 2430 Sed

172 2484 228 2515 ne
258 2483 432 2515 somnus
459 2471 634 2526 quidem
664 2472 796 2525 venit,
824 2477 871 2514 et
900 2485 1002 2514 mox
1033 2472 1176 2514 denuo
1206 2471 1376 2514 ianuam
1409 2472 1644 2525 alloquitur
1675 2451 1806 2526 poeta
1838 2478 1884 2514 et

171 2568 282 2598 nova
312 2554 491 2597 consina
518 2555 671 2608 agitat.
733 2554 877 2608 Atque
908 2552 1015 2596 haec
1045 2566 1131 2596 una
1162 2554 1273 2596 ratio
1301 2559 1382 2596 est.
1447 2554 1648 2599 Quae.si
1682 2553 1761 2595 tibi
1793 2553 1885 2596 dis-

171 2639 343 2693 pliceat,
374 2643 422 2679 ut
451 2651 533 2680 nec
562 2635 665 2680 mihi
692 2639 823 2693 plane
852 2636 1042 2690 arridet,
1075 2638 1172 2680 vide
1208 2650 1262 2679 an
1300 2640 1494 2691 praestet
1525 2640 1743 2688 statuere,
1775 2649 1885 2691 poe-

171 2727 260 2765 tam
299 2734 452 2765 revera
493 2720 668 2764 domum
705 2720 885 2764 rediisse
913 2734 940 2763 a
970 2722 1098 2764 ianua
1127 2720 1282 2763 DelIae
1312 2719 1461 2773 ibique
1491 2718 1641 2761 bibere
1670 2718 1884 2773 coepisse,

169 2806 246 2849 sed
277 2806 433 2849 frustra
466 2810 630 2848 tentata
663 2806 810 2860 quiete
845 2807 990 2850 statim
1034 2805 1191 2848 reverti
1224 2803 1278 2847 ad
1321 2803 1436 2846 fores
1481 2802 1663 2848 clausas.
1737 2801 1885 2843 Alter-

172 2895 316 2931 utrum
357 2901 507 2931 vernm
537 2888 721 2932 videtur.
753 2912 813 2924 --
861 2904 1038 2934 novos
1083 2891 1318 2933 dolores
1351 2888 1541 2931 Vossms
1571 2886 1886 2940 interpretatur

169 2970 439 3026 inopinatos,
463 2968 683 3013 Harmas
706 2979 916 3020 recentes,
938 2972 1209 3015 Huscmuus
1234 2969 1453 3016 insolitos,
1480 2969 1886 3012 menumcnms

171 3065 280 3110 quos
310 3059 447 3093 antea
476 3065 564 3094 non
590 3050 829 3102 sensissem
859 3054 944 3098 iam
973 3055 1088 3097 enim
1114 3067 1284 3097 omnem
1309 3065 1431 3109 spem
1460 3052 1586 3098 Delia
1612 3049 1781 3094 fruendi
1807 3049 1886 3097 ab-

170 3133 344 3177 iectam.
405 3132 497 3176 Sed
528 3134 702 3178 minime
731 3132 904 3180 abiecit.
966 3136 1124 3180 Verius
1150 3136 1509 3178 Baoucxuusms
1535 3135 1596 3178 ait
1627 3145 1764 3180 novos
1789 3144 1887 3176 esse

172 3227 305 3271 super
350 3220 537 3260 veteres.
597 3217 686 3259 Diu
719 3217 860 3261 carui
904 3219 1074 3273 puellae
1118 3231 1226 3271 usu,
1275 3230 1389 3264 nunc
1434 3229 1532 3260 cum
1575 3214 1752 3259 tandem
1795 3213 1890 3256 eius

179 3299 388 3356 promissa
429 3299 623 3353 tulisset,
671 3313 758 3354 quo
799 3300 871 3344 die
910 3303 1093 3357 primum
1135 3302 1255 3346 adire
1301 3302 1450 3344 limina
1492 3300 1635 3342 mariti
1678 3298 1888 3347 tentabat,

175 3388 347 3435 praeter
388 3385 758 3439 exspectationem
792 3388 994 3429 exclusus
1035 3400 1146 3430 novo
1179 3386 1331 3430 dolore
1365 3386 1575 3427 obruitur.
1610 3403 1665 3415 —-
1709 3382 1889 3422 Occu-

1377 3474 1406 3514 3
