2158 3750
730 233 913 286 LIBR.
950 237 990 287 1.
1059 234 1263 291 ELEG.
1300 237 1341 288 I.
1843 245 1871 286 9

182 379 342 434 optime
373 382 649 435 comparante
680 379 1068 434 Wmsmmmcmo,
1098 376 1225 428 πόνος
1255 374 1282 421 o‘
1307 375 1367 437 μή
1393 380 1535 433 φοβῶν
1562 383 1652 423 est:
1684 379 1874 435 periculo

181 473 346 505 carens.
379 485 437 494 —
482 462 679 518 Denique
708 462 763 506 ad
793 463 1033 506 iuncturam
1064 465 1232 508 labor
1261 464 1532 508 assiduus
1562 460 1875 523 viciuo‘ho-

183 550 271 587 ste
313 546 367 599 cf.
401 546 436 598 I,
466 550 511 600 8,
542 551 624 589 762
663 545 805 587 ianua
846 545 963 586 dura
1006 547 1212 602 opposita
1250 562 1367 592 sera.
1442 547 1645 591 Ceterum
1686 545 1878 588 imitatur

182 626 294 671 hunc
335 629 477 672 locum
518 630 712 671 Ovmms
753 628 869 684 Epp.
906 641 961 670 ex
995 629 1139 672 Ponto
1176 631 1251 684 lv,
1282 634 1325 684 9,
1359 634 1442 674 82:
1485 637 1530 672 et
1569 644 1703 689 quam
1734 627 1878 671 vicino

182 717 355 752 terrear
383 711 530 756 hoste,
559 725 685 769 roga.
716 724 775 745 ⁴·-
818 711 1058 755 Videamus
1090 726 1203 757 nunc
1234 715 1491 756 classica
1520 713 1703 769 pulsa.
1763 713 1878 755 Sunt

182 794 313 847 vulgo
348 792 564 839 classica,
594 798 646 839 ut
674 797 871 847 constat,
905 795 1029 849 signa
1060 809 1171 850 quae
1199 801 1411 839 canuntur
1440 798 1559 851 tuba,
1591 809 1739 850 cornu,
1770 795 1879 840 buc-

182 875 294 926 cina,
323 874 537 916 interdum
567 887 674 917 vero
703 875 799 930 ipsa
827 876 1133 931 instrumenta,
1163 879 1297 921 veluti
1326 892 1425 922 cum
1453 880 1594 924 Vme.
1625 881 1791 935 Georg.
1820 880 1879 934 Π,

178 957 295 996 5392
323 953 479 1010 inflari
507 953 700 996 classica
730 955 847 1000 dicit.
907 957 976 1000 Ad
1000 957 1219 1002 Tibullum
1249 972 1354 1002 vero
1383 965 1576 1004 notatum
1607 966 1674 1004 est
1693 962 1880 1004 maxime

179 1035 236 1078 ab
267 1035 559 1080 Ercnswsmo
589 1041 634 1080 et
665 1036 932 1092 Huscmuo,
960 1039 1095 1083 verba
1121 1040 1437 1095 instrumentis,
1469 1055 1580 1097 quae
1610 1044 1776 1098 plectro
1806 1047 1881 1085 aut

180 1117 327 1172 digitis
357 1122 677 1175 temperantur,
717 1121 916 1177 propria,
951 1122 1158 1165 translata
1191 1135 1288 1165 esse
1319 1123 1372 1165 ad
1406 1136 1483 1177 ea,
1513 1137 1696 1178 quorum
1726 1124 1881 1167 modu-

179 1202 287 1244 latio
318 1215 397 1245 ore
429 1216 483 1246 ac
516 1204 671 1259 spiritu
705 1204 918 1259 efficitur,
949 1210 999 1248 ut
1027 1207 1190 1250 Graeci
1223 1206 1426 1251 dixerunt
1454 1209 1613 1266 κρέκειν
1643 1205 1800 1260 αὐλόν,
1836 1213 1882 1252 et

179 1281 408 1344 κρούματα
437 1300 516 1343 pro
546 1283 806 1345 αὐλήματα,
847 1290 904 1334 cf.
945 1291 1217 1336 Pnumncn.
1254 1291 1479 1348 Symposs.
1514 1293 1713 1339 Quaestt.
1750 1292 1809 1345 ΙΙ,
1839 1294 1880 1334 4.

179 1371 433 1413 Amsropn.
465 1370 544 1414 Av.
576 1373 696 1424 682„
725 1376 802 1416 aut
830 1371 988 1416 Latine
1018 1373 1281 1418 Cunnum.
1318 1375 1374 1417 de
1405 1375 1534 1418 Cous.
1570 1374 1738 1418 Theod.
1768 1377 1882 1417 313:

180 1450 295 1494 tibia
326 1453 458 1509 flatu
491 1452 742 1510 pulsanda.
809 1455 923 1499 Vide
966 1455 1382 1499 thnssnmcmtm
1422 1456 1537 1512 apud
1579 1456 1798 1510 Heynium
1838 1460 1884 1498 et

180 1536 459 1579 Huscmmm
479 1535 566 1580 h.1.
587 1541 632 1580 et
649 1538 938 1582 WAARDENB·
957 1539 1001 1582 in
1026 1540 1215 1595 Opuscc.
1245 1554 1288 1595 p.
1307 1542 1395 1582 176
1411 1552 1507 1594 sqq.
1570 1538 1733 1580 Contra
1760 1537 1793 1580 I.
1824 1536 1884 1580 H.

183 1619 373 1661 Vossms
403 1632 489 1661 non
519 1624 670 1662 censet
700 1633 810 1676 opus
840 1626 888 1664 ut
921 1623 1101 1665 classica
1142 1635 1222 1679 pro
1258 1622 1553 1665 instrumentis
1583 1622 1677 1665 istis
1708 1621 1885 1664 musicis

181 1716 294 1746 nunc
325 1704 605 1760 accipiamus,
638 1705 716 1749 sed
742 1707 866 1761 signa
897 1708 1128 1763 intelligit,
1155 1706 1296 1763 pulsa
1327 1708 1642 1763 interpretans,
1673 1719 1784 1762 quae
1815 1705 1884 1749 di-

179 1786 348 1829 stinctis
376 1787 532 1830 ictibus
563 1787 690 1831 flatus
719 1788 902 1831 edantur
932 1788 1005 1844 (in
1032 1787 1366 1847 *abgemessenen
1389 1791 1573 1831 Sto‘ssen
1601 1786 1886 1847 geblasene);

181 1869 267 1911 dici
307 1869 421 1912 enim
463 1870 634 1925 pulsum
665 1871 838 1913 omnino
872 1869 1156 1925 rhythmicum
1186 1871 1319 1915 ictum
1363 1869 1691 1928 (Taktschlag,
1744 1868 1886 1911 Takt-

180 1952 339 2008 stoss).
419 1953 581 1996 Verum
624 1968 752 2008 sane,
795 1968 891 1998 esse
933 1954 1042 1999 hanc
1082 1957 1294 2000 rationem
1324 1970 1530 2002 sonorum
1556 1957 1599 1999 in
1631 1956 1787 1999 talibus
1817 1956 1885 1999 in-

178 2037 441 2090 strumentis,
471 2037 585 2080 unde
615 2039 746 2081 etiam
779 2039 939 2082 Graeci
970 2034 1135 2080 κτύπον
1168 2039 1414 2092 σαλπίγγων
1445 2039 1660 2093 dixerunt,
1690 2037 1766 2081 sed
1798 2051 1885 2081 non

179 2121 306 2165 video
336 2136 363 2165 a
395 2121 560 2166 Latinis
590 2136 721 2166 sonos
750 2123 892 2166 dictos
914 2123 1098 2180 pulsos,
1139 2125 1367 2180 propulsos
1398 2125 1528 2178 flatu,
1569 2124 1684 2180 quod
1712 2122 1886 2180 probari

181 2203 399 2258 debebat,
459 2205 713 2260 praesertim
761 2206 805 2248 in
855 2211 974 2248 tanta
1021 2207 1297 2263 simplicitate
1345 2207 1615 2251 Tibullianae
1665 2208 1884 2251 orationis.

182 2290 332 2334 Quare
355 2288 620 2332 redeundum
646 2293 713 2331 est
734 2287 791 2331 ad
815 2291 995 2331 aiteram
1027 2290 1372 2344 explicationem.
1433 2289 1590 2344 Neque
1613 2302 1722 2332 ‘vero
1752 2289 1885 2332 credo

180 2373 403 2416 Tibuiium
433 2373 529 2416 sine
563 2373 704 2416 causa'
725 2373 789 2415 sic
820 2372 981 2416 dixisse
1012 2378 1060 2415 ut
1089 2373 1218 2427 facit,
1262 2374 1339 2416 sed
1370 2374 1454 2416 vim
1494 2373 1690 2430 depinxit
1724 2388 1776 2418 ac
1805 2387 1884 2418 ve-

183 2455 442 2498 hementiam
485 2455 662 2498 flatuum
708 2455 753 2498 in
795 2457 870 2498 tali
918 2469 1035 2499 casu.
1111 2455 1230 2498 Dicit
1265 2455 1407 2512 pulsa
1455 2455 1672 2504 classica,
1716 2443 1884 2513 opinor,

168 2541 298 2596 flatu
328 2538 573 2581 vehementi
602 2538 793 2597 inflata,
834 2553 933 2583 cum
963 2541 1004 2582 in
1040 2541 1267 2596 repentino
1300 2541 1465 2595 impetu
1495 2538 1681 2583 hostium
1712 2540 1884 2582 excita-

180 2629 260 2664 tur
290 2620 477 2663 classico
517 2620 642 2663 miles
681 2620 827 2668 truci,
868 2627 918 2664 ut
947 2622 1007 2664 ait
1037 2622 1278 2664 Homvrms
1309 2621 1453 2676 Epod.
1482 2621 1540 2675 Il,
1571 2625 1613 2664 5.
1647 2642 1703 2655 —-
1752 2622 1808 2667 V.
1838 2626 1882 2666 5.

179 2717 296 2747 mea
327 2707 674 2760 paupertas,
703 2717 816 2759 quae
847 2703 1017 2746 modico
1044 2707 1258 2747 contenta.
1320 2702 1421 2746 Non
1452 2708 1519 2746 est
1550 2705 1663 2746 enim
1694 2716 1882 2760 pauper-

180 2793 247 2831 tas
277 2787 486 2831 hocloco
518 2787 707 2832 studIum
747 2788 1042 2845 paupertatis,
1082 2794 1132 2831 ut
1172 2789 1551 2832 Wmvnsnmcmo
1595 2788 1756 2841 visum,
1803 2800 1885 2832 nec

181 2884 278 2911 mea
309 2870 472 2913 dictum
506 2881 588 2926 pro
625 2868 737 2912 mihi
767 2884 900 2922 cara,
949 2871 1310 2926 quemadmodum
1341 2872 1531 2915 Vossms
1567 2871 1760 2926 accepit,
1806 2870 1885 2914 sed

185 2966 242 2996 ex
272 2952 556 2996 antecedente
586 2953 787 3012 opposita
816 2954 1053 3012 sententia,
1096 2958 1148 2996 ut
1186 2966 1318 3009 saepe
1349 2953 1481 3006 alias,
1533 2952 1744 2995 elicienda
1783 2965 1886 2996 vera

184 3035 327 3088 notio,
371 3033 488 3089 quod
518 3034 651 3077 miror
676 3046 762 3077 non
792 3034 1148 3079 animadversum.
1208 3037 1285 3079 Sic
1314 3036 1440 3079 facile
1470 3037 1631 3078 sentias
1665 3048 1786 3079 suam
1817 3035 1885 3078 di-

184 3130 286 3161 cere
314 3122 489 3173 poetam
506 3148 521 3171 ,
550 3129 663 3172 quae
689 3130 775 3160 non
805 3119 861 3161 sit
890 3119 1047 3177 cupida
1076 3133 1222 3177 opum.
1280 3119 1365 3163 Est
1394 3120 1528 3174 igitur
1556 3132 1708 3163 sensus
1742 3120 1885 3163 clarus

184 3198 269 3242 loci
299 3197 390 3242 hic:
442 3200 550 3241 Cum
591 3198 708 3242 alios
741 3207 994 3257 paupertas
1034 3201 1099 3243 ad
1139 3201 1349 3244 militiam
1378 3202 1566 3249 trahat,
1613 3210 1667 3244 ut
1700 3201 1887 3245 divitias

188 3280 271 3325 ‚sibi
309 3290 501 3340 parent,
550 3298 616 3327 me
663 3299 759 3327 mea
802 3300 890 3328 non
928 3284 1092 3343 cupida
1129 3294 1379 3343 paupertas
1419 3295 1464 3329 et
1499 3301 1645 3344 parvo
1677 3293 1886 3328 contenta

188 3367 467 3412 mediocritas
499 3369 562 3411 ad
589 3369 729 3415 otium
753 3370 909 3428 potius
938 3384 1141 3415 securum
1172 3370 1402 3415 traducat.
1475 3373 1523 3415 In
1566 3385 1650 3426 quo
1693 3371 1885 3414 tradu-
