2158 3750
690 247 873 299 LIBR.
910 248 951 297 Ι.
1023 247 1223 300 ELEG.
1259 245 1353 299 VI.
1790 255 1884 299 135

188 393 271 436 iam
300 391 523 434 monitum.
583 387 684 434 Non
714 389 899 432 sustinet
930 401 1080 432 carere
1112 389 1260 442 Delia,
1302 393 1445 431 tamen
1483 387 1702 431 severiore
1733 392 1883 430 custo-

187 474 259 518 dia
293 487 416 529 opus,
448 486 583 528 quare
612 486 724 516 nunc
754 476 920 516 mutata
949 472 1162 514 sententia
1193 470 1310 513 aliud
1343 469 1690 514 comminiscitur.
1752 468 1884 522 Inge-

186 571 270 600 nue
298 558 457 600 fatetur
487 562 532 600 et
560 557 719 600 indicat
747 556 903 599 marito
927 556 971 598 in
1001 555 1280 609 sequentibus
1310 566 1500 596 amorem
1530 564 1654 594 suum
1676 554 1721 593 et
1751 562 1884 605 saepe

183 648 371 686 structas
401 642 589 695 insidias,
619 645 668 683 ut
698 639 767 682 hic
797 651 926 694 quem
956 639 1196 694 comperiat
1227 639 1310 681 iam
1337 642 1437 680 ante
1467 650 1592 680 usum
1623 648 1719 680 cum
1745 646 1884 676 uxore

187 725 398 780 habuisse,
439 730 484 768 et
517 724 705 766 fallacias
734 723 828 764 eius
859 734 988 764 nosse
1019 735 1181 775 omnes,
1219 722 1261 764 ei
1289 734 1375 763 non
1407 721 1576 764 dubitet
1611 719 1882 762 committere

183 809 405 850 custodiae
442 796 634 863 partem,
677 805 715 848 si
751 805 884 848 modo
923 806 998 847 alii
1039 818 1189 847 omnes
1230 804 1513 846 excludantur
1556 807 1749 846 amantes
1779 807 1825 846 et
1855 815 1882 845 a

183 889 458 931 dissolutiore
488 887 577 930 vita
604 887 730 928 Delia
767 886 1019 928 retineatur.
1081 885 1182 927 Hoc
1213 886 1347 940 igitur
1389 899 1503 928 nunc
1546 887 1748 941 proponIt
1787 897 1884 928 ma·-

182 972 279 1014 rito.
340 972 408 1013 De
436 972 575 1024 figura
606 973 799 1011 mutatae
826 968 1067 1011 sententiae
1095 968 1348 1011 suavissima
1379 967 1494 1024 apud
1524 969 1745 1011 Tibullum
1775 967 1881 1010 satis

180 1053 367 1107 explicui
407 1053 451 1094 in
491 1052 806 1095 Dissertatione
841 1051 896 1094 de
925 1053 1057 1096 Poesi
1088 1052 1194 1095 eius.
1235 1074 1293 1082 -—
1342 1052 1393 1095 V.
1424 1055 1483 1094 25
1516 1064 1581 1106 sq.
1629 1064 1880 1106 gemmas

179 1135 519 1190 signumque
562 1136 725 1191 optime
770 1137 961 1179 restituit
1004 1136 1324 1179 LAcmuANNtrs
1372 1148 1435 1191 pr.
1483 1133 1729 1192 signumve.
1790 1136 1882 1178 Pu-

178 1215 267 1257 tida
298 1221 366 1258 est
392 1217 610 1272 oppositio
641 1217 686 1259 in
716 1216 848 1259 rebus
881 1224 967 1259 tam
997 1222 1118 1260 arcte
1149 1217 1404 1261 coniunctis.
1466 1217 1671 1260 Ceterum
1703 1229 1789 1260 non
1814 1222 1883 1259 est

177 1298 319 1352 figura
357 1299 400 1340 ἓν
439 1295 515 1340 δαὶ
557 1300 705 1349 δυοῖν,
751 1303 800 1342 ut
830 1300 959 1342 etiam
990 1300 1396 1343 thnssnmcmtss
1427 1303 1589 1343 monet.
1653 1298 1883 1341 Laudabat

177 1393 445 1434 gemmarum
473 1381 778 1436 praestantiam
807 1385 852 1424 et
875 1382 1111 1436 signorum,
1145 1383 1187 1424 in
1217 1383 1270 1425 iis
1301 1395 1412 1436 quae
1444 1394 1663 1437 expressa.
1724 1382 1880 1424 Fuisse

179 1469 323 1506 autem
352 1465 464 1507 inter
493 1465 727 1507 amantium
757 1469 874 1507 artes
904 1469 1105 1520 spectare
1135 1466 1317 1508 annulos
1348 1465 1610 1519 digitorum,
1657 1465 1876 1508 Bnoucx-

178 1562 339 1591 nusms
370 1549 456 1591 alio
486 1549 686 1604 exemplo
718 1549 918 1602 illustrat,
947 1550 1123 1592 Pmmw.
1157 1549 1274 1591 Asin.
1298 1547 1376 1600 IV,
1403 1549 1444 1599 1,
1469 1550 1556 1599 33.‚
1591 1546 1722 1589 etiam
1742 1546 1879 1588 Hm(-

176 1643 258 1673 κιο
288 1635 479 1673 notante.
537 1629 695 1673 Eidem
730 1631 854 1673 eius
883 1631 1008 1673 nimis
1039 1635 1170 1672 tenue
1203 1634 1249 1672 et
1285 1629 1400 1672 exile
1431 1629 1672 1682 videbatur,
1704 1627 1782 1671 sed
1805 1628 1876 1670 vix

176 1719 310 1757 recte.
369 1714 470 1770 Ipse
501 1714 629 1756 affert
658 1713 895 1757 Bssu'rmm
925 1715 1156 1769 iudicium,
1197 1715 1272 1770 qui
1302 1716 1344 1758 in
1368 1716 1513 1771 ¹elegis
1546 1714 1591 1757 id
1622 1714 1790 1758 ferebat
1821 1714 1877 1757 ad

175 1795 356 1838 nonu.
387 1796 466 1848 111,
498 1799 569 1849 11,
605 1799 672 1839 18.
705 1818 763 1828 —
806 1797 917 1840 Per
947 1809 1195 1850 causam,
1236 1793 1349 1837 κατιὶ
1382 1793 1596 1853 πρόφασιν
1626 1802 1675 1840 ut
1706 1801 1870 1840 notum.

176 1876 287 1919 Vide
330 1877 573 1920 Dnussnn.
615 1877 672 1919 ad
714 1877 812 1921 Liv.
841 1877 900 1931 11,
931 1879 1006 1919 32.
1077 1877 1312 1932 Comparat
1353 1879 1758 1922 WuNnssRmcnms
1795 1894 1877 1935 per

171 1959 357 2016 speciem
385 1961 547 2003 TAcrr.
583 1961 698 2004 Hist.
728 1960 765 2012 Ι,
795 1964 894 2006 71.»
935 1974 1018 2016 per
1051 1959 1382 2002 simulationem
1425 1961 1461 2014 I,
1494 1965 1567 2005 74.
1605 1983 1662 1995 —-
1717 1962 1770 2006 V.
1800 1964 1875 2004 28.

171 2044 381 2087 Sobria
410 2044 616 2099 pocula
646 2043 766 2098 dicit,
793 2057 892 2086 cum
923 2057 1034 2098 aqua
1065 2057 1145 2100 pro
1177 2044 1277 2086 vino
1307 2046 1534 2101 supposita
1559 2050 1689 2088 esset.
1751 2045 1872 2088 Infra

169 2126 226 2179 11,
261 2129 300 2179 1,
327 2127 409 2168 46:
449 2123 597 2168 sobria
626 2123 827 2181 lympha.
889 2126 1105 2170 Hermus
1137 2131 1364 2183 praeterea
1394 2129 1603 2172 Pnffon.
1637 2128 1692 2171 de
1726 2129 1871 2184 Legg.

171 2209 246 2261 Vl,
288 2223 331 2264 p.
362 2212 464 2251 773.
508 2209 564 2252 D.
604 2208 776 2263 laudat,
820 2211 895 2264 qui
942 2206 1043 2251 θεὸν
1079 2205 1272 2267 νήφοντα
1316 2212 1420 2255 dicit
1455 2227 1635 2268 aquam,
1683 2214 1739 2257 de
1785 2228 1872 2269 quo

169 2292 441 2334 Pnumncn.
474 2290 530 2333 de
559 2290 670 2334 And.
714 2291 840 2332 Poet.
872 2305 910 2333 c.
939 2294 982 2332 3.
1013 2312 1070 2321 —-·
1122 2291 1340 2346 victor,
1389 2298 1436 2335 ut
1468 2288 1509 2337 in
1542 2296 1777 2338 certamine
1809 2295 1876 2338 bi—

171 2374 312 2417 bendi.
346 2394 406 2407 —
451 2375 507 2417 V.
537 2377 613 2417 29.
645 2373 917 2430 prudens,
958 2375 1128 2427 sciens,
1159 2375 1381 2428 consulto,
1412 2375 1491 2418 sed
1518 2377 1691 2419 turbata
1731 2381 1873 2420 mente

172 2457 282 2510 feci,
329 2463 376 2500 et
407 2457 588 2514 abrepta
619 2458 658 2499 vi
689 2457 863 2502 amoris.
923 2458 1145 2513 Perpetua
1177 2458 1401 2500 excusatio
1431 2459 1702 2512 amantium,
1742 2460 1875 2501 Amo-

170 2554 262 2584 rem
293 2542 482 2594 iussisse,
517 2541 803 2596 improbante,
834 2546 884 2584 ut
915 2542 1118 2585 Vunpms
1151 2546 1286 2594 notat,
1319 2544 1510 2584 Auctore
1541 2539 1874 2583 Rhetoricorum

169 2626 223 2668 ad
257 2625 521 2667 Herennium
550 2623 608 2676 11,
642 2627 715 2667 16.
750 2646 806 2656 —
856 2624 908 2665 V.
942 2626 1014 2668 32.
1069 2623 1360 2676 Instabat,
1409 2623 1580 2666 latratu.
1655 2594 1872 2665 Solemnis

168 2712 316 2749 custos
347 2706 585 2761 puellarum
617 2706 735 2748 canis
764 2706 967 2759 alligata,
1013 2704 1069 2748 cf.
1099 2704 1210 2747 infra
1241 2705 1297 2758 ΙΙ,
1329 2708 1371 2759 4,
1399 2709 1472 2748 32.
1526 2702 1766 2748 Pnopss'm.
1797 2705 1875 2757 IV,

166 2795 212 2845 5,
243 2795 316 2834 71.
358 2791 540 2834 Horum.
570 2790 712 2847 Epod.
747 2791 800 2844 V,
832 2794 905 2834 57.
950 2791 1122 2832 Sumne.
1155 2789 1361 2833 Controv.
1392 2794 1481 2844 30„
1513 2804 1624 2845 quae
1657 2791 1874 2832 Baoucx-

170 2887 332 2917 uusws
371 2878 507 2918 notat.
569 2874 679 2918 Add.
721 2874 875 2917 Bmm.
920 2874 976 2917 ad
1020 2872 1192 2916 Anthol.
1237 2875 1335 2917 Lat.
1380 2875 1434 2918 T.
1479 2875 1535 2918 II.
1580 2891 1622 2931 p.
1667 2877 1771 2916 293.
1817 2895 1873 2904 -

169 2957 222 3000 V.
253 2961 313 3000 34
340 2970 434 3011 sqq.
469 2956 692 2999 frustra
723 2958 904 3000 clavis
935 2959 1090 3001 inest
1122 2959 1373 3011 foribus,
1406 2959 1460 3001 cf.
1493 2972 1624 3014 supra
1656 2958 1690 3010 Ι,
1721 2960 1871 3010 2,18.

168 3039 235 3082 De
258 3041 472 3095 positione
494 3043 752 3093 servare,
777 3039 1020 3095 frustra,
1046 3043 1218 3086 minime
1242 3043 1470 3097 frequenti,
1497 3042 1553 3086 cf.
1578 3045 1870 3086 Sanumssa.

170 3124 412 3166 Grammat.
445 3122 543 3164 Lat.
586 3122 714 3165 Tom.
748 3122 803 3175 11,
849 3137 892 3178 p.
925 3127 1028 3167 690.
1093 3124 1271 3167 Videbis
1303 3129 1447 3167 tamen
1481 3124 1536 3166 ibi
1570 3129 1689 3166 certa
1721 3137 1871 3167 exem-

169 3207 254 3262 pla.
286 3230 342 3239 —-
389 3208 538 3249 alios
584 3206 852 3262 suspirat
893 3220 1138 3261 amores,
1186 3209 1318 3251 alium
1361 3213 1575 3251 amantem
1621 3209 1787 3263 cogitat
1831 3213 1875 3250 et

169 3289 400 3333 desiderat.
463 3289 580 3332 Infra
609 3290 685 3342 lv,
717 3292 762 3341 5,
796 3291 875 3332 11:
922 3288 1091 3346 Quodsi
1122 3290 1254 3348 forte
1296 3289 1411 3332 alios
1452 3290 1544 3331 iam.
1577 3306 1694 3332 nunc
1724 3290 1872 3345 suspi-

169 3379 245 3413 rat
277 3386 460 3415 amores.
506 3374 666 3415 ΙυνΕΝ.
699 3370 779 3423 xl,
813 3373 920 3414 1532
968 3371 1171 3429 suspirat
1218 3373 1349 3431 longo
1392 3388 1478 3415 non
1511 3373 1651 3416 visam
1684 3380 1876 3428 tempore
