2158 3750
317 285 380 327 68
713 272 1181 327 COMMENTAR.
1217 274 1292 326 ΙΝ
1330 274 1618 327 TIBULLI

316 430 549 471 Praeterea
593 425 849 478 interpretes
890 419 944 463 ad
979 419 1199 464 Tibullum
1231 418 1496 464 consulendi.
1529 440 1588 453 —
1632 420 1686 464 V.
1724 422 1799 464 24.
1846 433 2010 474 aera,

319 514 361 555 h.
396 525 432 554 e.
477 511 616 552 sistra.
680 505 879 560 Egerunt
919 503 975 547 de
1014 505 1145 549 sistro
1187 505 1426 548 BAccmssR
1459 508 1504 547 et
1537 503 1742 546 Tormws
1774 505 1818 547 in
1848 506 2010 548 Graev.

318 595 529 638 Thesanr.
559 589 788 643 Antiquitt.
819 587 949 631 Rom.
980 588 1080 633 Vol.
1110 587 1209 633 VII.
1248 592 1293 631 et
1323 587 1512 629 Bossms
1556 586 1600 629 in
1635 586 1852 641 Sallengr.
1893 586 2012 630 'she-

318 689 430 719 saur.
472 674 525 715 T.
559 671 616 714 11.
651 692 704 703 -
753 669 1014 726 repulsa,
1060 667 1103 715 h.
1136 681 1174 712 e.
1220 674 1459 722 concussa3
1506 668 1628 723 quati
1659 669 1772 712 enim
1802 668 2014 724 solebant,

315 770 400 800 non
431 755 613 812 percuti.
674 751 948 807 Praepositio
988 764 1036 792 re
1077 751 1254 793 iteratas
1299 755 1344 792 et
1387 750 1564 794 crebras
1604 750 1859 795 iactationes
1896 751 2012 794 sistri

311 840 488 883 indicat.
548 837 758 880 Similiter
785 835 895 878 infra
923 835 960 888 I,
990 839 1035 889 8,
1065 838 1138 878 22.
1167 858 1228 868 —
1272 835 1328 879 V.
1357 838 1431 878 25.
1464 838 1538 878 26.
1601 835 1799 879 Celebris
1829 837 1874 879 in
1902 836 2011 878 Isia-

314 924 376 966 cis
403 922 536 965 sacris
559 918 732 961 lavatio
756 923 800 962 et
830 915 1059 960 secubitus
1085 917 1338 962 feminarum
1372 921 1479 972 erat,
1510 931 1622 973 quae
1652 931 1761 974 pure
1790 919 1906 961 lotae
1935 931 2012 974 per

314 1011 480 1051 certum
510 1011 681 1060 tempus
706 1004 799 1048 sine
829 1004 922 1046 viro
953 1002 1142 1045 dormire
1173 1001 1403 1056 debebant,
1432 1001 1563 1056 idque
1593 1002 1636 1044 in
1666 1006 1788 1044 casto
1818 1013 1914 1044 esse
1945 999 2013 1042 di-

316 1092 516 1136 cebatur.
576 1089 715 1132 Erant
739 1091 885 1129 autem
913 1085 1069 1140 partim
1098 1086 1205 1128 certi
1238 1087 1350 1129 sacri
1380 1091 1426 1129 et
1455 1086 1714 1130 observandi
1741 1086 1835 1130 dles
1863 1086 1938 1129 ubi
1966 1085 2011 1129 id

319 1177 479 1229 fiebat,
509 1174 566 1218 cf.
600 1173 760 1214 lnsz.
792 1170 869 1223 VI,
899 1172 1027 1222 536„
1058 1170 1212 1224 partim
1240 1149 1337 1223 alii,
1379 1171 1417 1212 si
1445 1175 1622 1215 voverat
1657 1170 1816 1214 femina
1845 1175 2011 1214 castum

309 1260 453 1313 aliqua
496 1257 664 1312 privata
704 1253 760 1296 de
800 1266 944 1296 causa.
1005 1253 1136 1297 Prius
1179 1266 1317 1308 genus
1360 1252 1476 1309 apud
1521 1253 1835 1297 Pnopnmmt
1881 1255 2011 1297 etiam

309 1338 542 1395 significari
582 1337 752 1380 videtur
788 1335 846 1388 II,
876 1337 958 1376 33:
1011 1332 1184 1376 Tristia
1227 1333 1319 1374 iam
1363 1333 1552 1378 redeunt
1592 1335 1756 1378 iterum
1796 1335 2011 1379 solem,.ia

308 1423 448 1472 nobis,
479 1420 676 1480 Cynthia
705 1419 798 1461 iam
826 1426 976 1461 noctes
1003 1425 1072 1461 est
1102 1425 1289 1475 operata
1320 1417 1479 1467 decem,
1509 1419 1584 1463 ubi
1614 1419 1735 1464 vides
1768 1419 2011 1463 secubitnm

307 1523 406 1552 cum
437 1507 650 1551 lavatione
682 1504 971 1560 praecessisse
1001 1503 1096 1560 ipsa
1125 1503 1288 1548 maiora
1317 1503 1525 1547 solemnia
1553 1503 1675 1549 deae.
1733 1502 2010 1547 Secubabant

309 1599 456 1638 autem
488 1590 629 1644 domi,
678 1589 732 1632 cf.
763 1589 925 1631 IUVEN.
955 1589 984 1631 l.
1017 1588 1115 1642 cit.,
1160 1594 1236 1632 aut
1267 1588 1309 1630 in
1340 1589 1504 1644 templo
1535 1587 1742 1637 excubias
1761 1586 2010 1631 reddebant

306 1676 439 1727 deae,
483 1674 548 1716 uti
578 1671 764 1727 Cynthia
794 1673 945 1715 morbo
981 1673 1163 1716 liberata
1194 1674 1433 1717 Pnorsswr.
1461 1672 1520 1727 ΙΙ,
1545 1675 1621 1726 28,
1647 1675 1720 1717 15.
1782 1673 1908 1719 Quae
1938 1677 2008 1715 ta-

304 1771 403 1803 men
435 1757 645 1801 excubiae
675 1756 900 1799 libidinum
930 1758 1075 1812 potius
1106 1762 1304 1813 tempora
1336 1762 1484 1810 erant,
1526 1755 1828 1800 adiuvantibus
1858 1768 2007 1800 sacer-

303 1841 476 1884 dotibus
506 1839 629 1893 lenis,
661 1838 718 1882 cf.
745 1839 880 1882 Ovrn.
905 1839 1001 1882 Art.
1027 1839 1122 1882 Am.
1147 1839 1183 1892 I,
1211 1843 1283 1882 77.
1316 1839 1576 1894 omninoque
1600 1839 1832 1883 Bon-rme.
1857 1837 2007 1883 Sabin.

302 1923 431 1965 Tom.
455 1923 491 1966 I.
523 1937 566 1978 p.
597 1925 700 1965 233.
762 1922 830 1965 Ab
860 1921 942 1966 hoc
971 1924 1069 1966 loco
1101 1924 1245 1979 turpia
1275 1924 1359 1966 ista
1390 1925 1650 1980 templorum
1680 1925 1848 1978 aliena3
1876 1928 2008 1981 poeta

302 2007 355 2050 de
399 2007 637 2050 domestico
681 2010 805 2048 castu
845 2007 996 2050 Deliae
1040 2009 1256 2062 loquitur,
1306 2021 1433 2063 quem
1479 2009 1615 2052 sacris
1659 2008 1807 2053 Isiacis
1854 2006 2006 2050 diebus

299 2089 414 2145 apud
445 2102 493 2132 se
523 2088 780 2131 observabat
811 2089 881 2144 pie
914 2087 1020 2132 haec
1051 2103 1174 2132 sacra
1214 2090 1362 2132 colens
1401 2091 1703 2146 superstitiosa
1742 2090 1914 2146 puella,
1953 2103 2005 2132 ac

299 2185 556 2226 quamquam
596 2172 728 2225 vulgo
770 2172 974 2214 mulieres
1017 2172 1144 2214 etiam
1186 2170 1262 2214 has
1294 2172 1553 2216 domesticas
1582 2177 1734 2216 noctes
1762 2185 1895 2229 saepe
1925 2185 2006 2215 vo-

299 2256 536 2311 luptatibus
567 2256 752 2298 Veneris
784 2254 955 2318 dedisse
987 2261 1173 2309 constat,
1204 2255 1274 2299 hic
1303 2258 1421 2301 nulla
1450 2255 1575 2299 huius
1599 2257 1663 2299 rei
1686 2255 1876 2312 suspIcio
1901 2267 2005 2311 pro-

296 2338 434 2390 ditur,
479 2350 560 2379 nec
591 2337 790 2378 convenit
822 2334 1060 2379 huiusmodi
1092 2337 1194 2392 quid
1237 2319 1337 2380 huic
1379 2339 1494 2381 loco.
1522 2359 1593 2392 -ῃ
1627 2335 2003 2396 pure-zlavari.

296 2421 397 2463 le.
429 2420 483 2472 V,
515 2423 603 2462 22:
655 2433 772 2475 pure
813 2418 957 2461 lautis
1001 2417 1274 2475 corporibus.
1331 2419 1455 2463 Idem
1496 2419 1708 2473 XXXIX,
1754 2421 1867 2462 112'1
1889 2431 2005 2474 pure

295 2501 488 2543 lautum.
520 2501 700 2543 Fsss'rus
733 2501 829 2543 libr.
859 2502 980 2546 XlV.
1013 2515 1048 2544 s.
1081 2515 1120 2546 v.
1154 2497 1342 2558 explicat
1370 2516 1494 2559 pura
1524 2501 1667 2544 lotum
1698 2515 1837 2560 aqua.
1889 2499 2004 2544 Vide

294 2584 509 2626 BurssoN.
541 2583 595 2626 de
625 2583 769 2625 Form.
800 2583 836 2636 Ι,
867 2597 909 2639 p.
945 2586 988 2625 5.
1021 2606 1080 2614 —-
1127 2595 1269 2639 puro
1301 2587 1462 2638 toro,
1509 2582 1552 2627 h.
1587 2597 1626 2628 e.
1660 2596 1824 2637 vacuo,
1866 2587 1913 2625 ut
1942 2581 2003 2624 ait

295 2668 432 2710 Ovn).
468 2669 637 2710 Amorr.
667 2667 747 2719 ΙΙΙ,
779 2670 822 2720 9,
853 2669 925 2709 34.
959 2670 1031 2720 10,
1059 2670 1104 2708 2.
1137 2686 1194 2701 -
1247 2666 1501 2719 memini,
1543 2667 1682 2722 probe
1711 2666 1824 2708 enim
1853 2677 2001 2708 recor—

291 2749 371 2792 dor
401 2732 586 2792 tristium
615 2749 895 2801 solemnium,
941 2761 1039 2790 cum
1071 2748 1274 2802 amplexu
1305 2752 1381 2790 tuo
1411 2748 1629 2791 abstinere
1659 2759 1860 2802 cogerer.
1922 2746 1996 2789 Si-

291 2831 450 2875 militer
493 2831 667 2874 memini
711 2831 900 2887 positum
943 2831 1080 2872 Ovm.
1112 2830 1246 2874 Trist.
1279 2831 1314 2883 Ι,
1347 2833 1390 2883 5,
1423 2834 1466 2874 3.
1526 2831 1726 2876 Pertinet
1766 2842 1872 2873 vero
1912 2841 1999 2886 vox

291 2929 402 2959 nunc
433 2918 487 2959 ad
521 2922 751 2970 utrumque
781 2915 1034 2967 membrum,
1064 2919 1114 2956 ut
1145 2915 1255 2958 bene
1281 2916 1684 2979 thnsslzmcnms
1715 2918 1877 2969 monet,
1899 2926 1998 2959 cum

289 3003 434 3041 castus
465 2998 532 3042 hic
565 2998 732 3041 duabus
762 2998 893 3040 rebus
924 2997 1164 3046 coniunctis
1188 2998 1478 3051 contineatur,
1509 2999 1573 3041 uti
1605 2999 1733 3042 etiam
1760 2997 1996 3054 particulae

287 3095 396 3136 que
427 3106 486 3114 —-
517 3088 577 3124 et
606 3081 811 3124 indicant.
873 3082 1003 3123 Dicas
1045 3080 1319 3124 nihilominus
1348 3083 1494 3138 aptius
1525 3081 1912 3135 futurum‘fuisse,
1957 3081 1995 3124 si

286 3165 478 3208 secundo
514 3165 708 3209 membro
739 3165 884 3220 potius
917 3165 1183 3221 parenthesis
1222 3166 1479 3222 interposita
1509 3169 1641 3214 esset.
1703 3163 1795 3207 Sed
1825 3176 1879 3206 ne
1910 3160 1994 3205 hoc

285 3247 458 3300 quidem
487 3248 695 3292 concedo.
756 3249 966 3303 Lavatio,
1014 3250 1052 3293 si
1084 3264 1175 3294 rem
1211 3251 1348 3307 ipsam
1379 3254 1575 3306 spectas,
1608 3247 1855 3304 principalis
1885 3247 1994 3290 ritus

284 3334 404 3382 erat,
452 3331 673 3374 secubitus
704 3338 850 3374 autem
881 3331 1053 3374 nonnisi
1083 3334 1356 3376 conservatio
1389 3331 1633 3375 diuturnior
1663 3334 1841 3385 paratae
1871 3331 1990 3371 lava-

281 3411 397 3452 tione
429 3412 653 3466 puritatis3
685 3416 1021 3457 consentaneum
1051 3414 1186 3469 igitur
1217 3415 1362 3459 statim
1395 3414 1620 3457 lavationis
1651 3415 1810 3458 nomini
1838 3413 1990 3459 subiici

2142 1300 2158 1503 *gaeum-m..-
2147 1166 2158 1276 „sn-1.
2154 1100 2158 1101 ,

2154 1893 2158 1902 -
2136 1835 2158 1858 .ss
2143 1732 2158 1798 „mn-,e
