2086 3756
712 221 1019 281 TIBULLI
1079 220 1219 281 LIB.
1251 220 1292 279 Ι.
1328 233 1367 280 1.
1842 230 1878 286 3

245 380 375 437 Non
423 399 695 459 agnamve
739 378 866 435 sinu
911 377 1103 458 pigeat
1144 378 1388 438 fetumve
1430 377 1677 460 capellae

327 486 628 544 Desertum
668 481 843 542 oblita
886 498 1065 543 matre
1100 485 1310 545 referre
1350 485 1600 545 domum.

252 595 327 652 At
370 615 469 651 vos
514 590 716 669 exiguo
760 590 984 671 pecori,
1042 591 1310 674 furesque
1354 592 1619 676 lupique,

327 697 574 757 Parcite:
652 695 729 755 de
766 719 977 775 magno
1023 711 1107 756 est
1149 699 1363 779 praeda
1407 699 1652 781 petenda
1697 722 1885 782 grege.

179 806 360 866 35Hic
405 827 510 884 ego
552 817 952 887 pastoremque
996 827 1184 864 meum
1224 804 1466 866 lustrare
1511 823 1651 890 quot
1694 809 1860 870 annis

327 912 402 970 Et
443 909 731 994 placidam
770 910 927 971 soleo
972 935 1243 994 spargere
1284 911 1426 973 lacte
1469 913 1680 978 Palem.

247 1018 496 1092 Adsitis‚
552 1018 700 1092 divi,
755 1042 862 1079 nec
901 1043 1001 1080 vos
1046 1042 1075 1080 e
1117 1043 1371 1103 paupere
1415 1043 1614 1081 mensa

297 1128 468 1187 Dona
508 1148 620 1188 nec
659 1149 689 1186 e
731 1127 894 1210 puris
938 1127 1187 1209 spernite
1229 1127 1515 1188 fictilibus,

252 1235 477 1297 Fictilia
520 1234 790 1318 antiquus
829 1236 1078 1319 primum
1119 1236 1231 1297 sibi
1274 1235 1406 1297 fecit
1451 1238 1689 1318 agrestis

185 1357 247 1405 40
344 1342 588 1416 Pocula,
646 1342 718 1403 de
759 1342 914 1404 facili
961 1344 1392 1427 composuitque
1431 1344 1566 1405 luto.

255 1455 386 1513 Non
438 1475 544 1532 ego
589 1450 812 1511 divitias
856 1466 1084 1533 patrum
1127 1451 1461 1534 fructusque
1504 1452 1764 1534 requiro,

344 1559 509 1639 Quos
548 1557 677 1618 tulit
715 1558 951 1642 antiquo
993 1558 1223 1619 condita
1261 1559 1461 1619 messis
1504 1583 1635 1619 avo:

256 1668 439 1727 Parva
483 1689 644 1747 seges
688 1666 824 1726 satis
871 1668 981 1740 est,
1024 1667 1160 1727 satis
1205 1681 1316 1740 est,
1359 1667 1713 1750 requiescere
1755 1666 1897 1728 lecto

342 1775 406 1836 Si
445 1773 575 1835 licet
619 1788 672 1834 et
710 1773 876 1835 solito
920 1774 1177 1835 membra
1219 1774 1403 1835 levare
1441 1790 1582 1836 toro,

191 1897 252 1945 45
270 1883 462 1964 Quam
505 1882 660 1942 iuvat
702 1882 945 1943 immites
973 1865 1184 1943 ’ventos
1226 1883 1425 1943 audire
1471 1884 1772 1944 cubantem

339 1991 413 2051 Et
455 1989 748 2050 dominam
780 1972 986 2051 vtenero
1030 1991 1341 2051 detinuisse
1386 1991 1546 2065 snm,

257 2101 402 2173 Aut,
460 2097 677 2180 gelidas
720 2098 999 2162 hibernus
1038 2123 1215 2183 aquas
1255 2123 1384 2160 cum
1427 2099 1643 2160 fuderit
1677 2099 1904 2173 Auster,

351 2207 632 2267 Securum
674 2230 907 2267 somnos
949 2207 1134 2268 imbre
1175 2208 1402 2268 iuvante
1442 2208 1634 2290 sequi!

267 2317 394 2375 Hoc
434 2314 577 2375 mihi
616 2314 934 2395 contingat:
996 2315 1071 2375 sit
1114 2315 1270 2375 dives
1304 2315 1457 2389 iure,
1515 2315 1769 2375 furorem

203 2438 265 2484 50
368 2422 487 2502 Qui
527 2422 702 2482 maris
747 2436 802 2482 et
843 2422 1028 2482 tristes
1069 2423 1218 2483 ferre
1260 2438 1447 2506 potest
1487 2422 1724 2506 pluvias.

269 2530 323 2590 Ο
370 2544 646 2613 quantum
692 2544 776 2589 est
818 2530 943 2589 auri
987 2531 1177 2612 potius
1217 2545 1523 2613 pereatque
1564 2528 1884 2611 smaragdi,

361 2638 554 2718 Quam
598 2637 732 2698 fleat
774 2637 850 2698 ob
890 2652 1116 2699 nostras
1160 2637 1275 2698 ulla
1316 2638 1506 2722 puella
1543 2639 1679 2702 vias.

325 2819 472 2863 V.34.
508 2831 708 2874 magno
739 2822 850 2872 est,
884 2818 1034 2875 optimi
1066 2823 1198 2864 recte.
1258 2819 1371 2862 Vide
1399 2819 1758 2876 Explicationem.
1820 2818 1916 2860 Ex-

207 2905 357 2958 cerpta
389 2900 725 2943 Fmsmcssnsu
760 2901 872 2943 male
907 2902 1122 2945 omittunt.
1183 2902 1418 2957 Perperam
1456 2903 1583 2945 etiam
1618 2902 1660 2943 in
1696 2901 1789 2944 aliis
1827 2904 1916 2943 est

208 2988 310 3042 post
353 2995 535 3038 grege
576 2982 838 3035 collocatur,
884 2987 928 3025 et
958 2983 1148 3027 Vossms
1181 2985 1290 3026 adeo
1322 2984 1463 3027 eiecit.

327 3066 383 3109 V.
402 3067 474 3108 44.
517 3063 768 3106 DeterIores
802 3063 974 3118 quidam
1014 3065 1196 3123 referre.

335 3147 478 3191 V.5l.
522 3145 721 3202 potius
763 3150 1083 3201 pereatque
1130 3149 1354 3202 revocavi,
1401 3148 1515 3203 quod
1555 3149 1687 3202 vulgo
1729 3161 1784 3190 ex
1831 3160 1917 3189 uno

214 3230 328 3273 libro
368 3229 534 3272 Sua-11
570 3227 712 3270 editur
753 3230 798 3269 et
838 3227 924 3270 iam
957 3227 1203 3271 Lrvmums
1245 3231 1514 3281 coniecerat,
1560 3230 1733 3284 linguae
1774 3242 1916 3270 causa.

215 3312 538 3354 [κωκυ-κω
573 3313 729 3365 pereat
765 3306 1008 3366 potiusque
1049 3323 1145 3353 cum
1188 3311 1360 3365 optimIs
1404 3311 1534 3353 libris.

1351 3392 1429 3443 l*
