2158 3750
630 259 814 311 LIBR.
850 260 944 312 lv.
1019 259 1231 312 CARM.
1267 260 1310 311 I.
1697 265 1799 312 403

92 401 175 451 Ἲῖξ
214 404 263 445 δέ
301 405 349 445 τέ
390 402 431 445 οἱ
469 404 611 460 δειραὶ
647 399 916 461 περιμήκεες,
957 405 999 446 ἓν
1040 404 1088 445 δὲ
1128 399 1287 461 ἑκάστῃ
1328 402 1582 460 Σμερδαλέη
1625 399 1800 459 κεφαλή,

100 491 143 531 ἐν
184 490 232 530 δὲ
270 493 509 546 τρίστοιχοι
548 485 741 539 ὄδίντες,
783 490 950 530 Πυκνοὶ
987 491 1059 530 καὶ
1090 491 1276 539 θαμέες,
1319 489 1456 530 πλεῖοι
1495 487 1674 537 μέλανος
1709 491 1800 528 θα-

100 566 260 614 νάτοιο.
310 572 466 626 ΠῙὲσση
495 572 571 619 μέν
599 586 646 611 τε
676 566 788 611 κατιὶ
819 574 989 616 σπείους
1021 570 1177 610 κοίλοιο
1210 570 1399 615 δέδυκεν.
1449 567 1560 618 ’Έξω
1590 566 1632 612 δ’
1653 570 1802 624 ἐξίσχει

101 648 290 699 κεφαλὰς
312 653 465 692 δεινοῖο
486 654 723 708 βερέθρου,
746 647 904 692 Αὐτοῦ
930 647 973 692 δ’
999 647 1191 707 ἰχθυάᾳ,
1225 649 1428 695 σκόπελον
1452 649 1800 711 περιμαιμώωσα,

99 729 314 782 Δελφῖνάς
349 749 395 775 τε
434 730 566 780 κύνας
601 751 671 784 τε,
724 737 800 775 καὶ
833 735 972 776 εἴποτε
1012 731 1153 782 μεῖζον
1193 734 1338 792 ἕλῃσιν
1377 737 1553 792 Κῆτος,
1598 732 1627 778 ἆ
1667 739 1804 794 μυρία

98 812 243 867 βόσκει
277 812 513 868 α’γάστονος
541 813 822 873 ’Λμφιτρίτη.
887 817 1040 872 Capita
1071 818 1259 860 Vossms
1293 818 1434 874 Epist.
1462 818 1643 873 Mythol.
1670 821 1705 874 Ι,
1729 824 1805 876 33,

102 904 147 942 et
176 900 230 942 ad
267 902 452 945 Vincla.
484 901 637 954 Eclog.
669 900 754 953 VI,
786 902 857 942 74.
889 900 1093 955 intelligit
1123 903 1333 956 anguina,
1386 909 1559 946 secutus
1595 904 1802 947 Scnonu

101 985 155 1027 ad
188 999 226 1028 v.
245 989 327 1028 91:
366 985 622 1041 Σμερὸαλέη
652 979 839 1041 κεφαλή·
879 980 993 1026 κατᾶ
1023 986 1098 1034 μὲν
1129 982 1232 1032 τούς
1262 982 1448 1033 πολλοὺς
1479 983 1625 1038 κυνός,
1664 992 1806 1030 πιθα-

98 1063 280 1123 νώτερον
321 1067 368 1108 δὲ
409 1063 672 1124 δράκοντος·
720 1069 794 1108 καὶ
833 1063 916 1124 γιῖρ
958 1063 1085 1117 μόνος
1130 1064 1301 1126 δράκων
1347 1079 1464 1127 τρεῖς
1508 1075 1681 1124 στίχους
1723 1071 1807 1125 ἔχει

103 1147 303 1194 (ἰδόντων.
399 1151 566 1194 Tamen
617 1155 766 1193 noster
810 1157 941 1207 poeta
992 1165 1091 1195 cum
1140 1155 1356 1209 plerisque
1409 1156 1619 1199 canina
1670 1157 1805 1201 fuisse

99 1237 274 1289 statuit,
314 1249 412 1278 cum
443 1237 573 1279 etiam
602 1231 732 1283 πόδες
765 1237 989 1279 memorati
1031 1239 1220 1293 serpenti
1265 1252 1349 1281 non
1392 1214 1659 1286 conveniant.
1720 1241 1805 1285 His

99 1318 234 1371 igitur
274 1318 395 1360 collis
426 1319 574 1371 Scylla
616 1329 794 1373 serpens
837 1318 948 1360 inter
989 1317 1126 1361 undas
1157 1321 1394 1364 venationis
1428 1337 1581 1377 causa,
1625 1329 1806 1380 repente

100 1403 225 1444 elatis
265 1401 461 1444 faucibus
503 1401 690 1457 abripuit
730 1400 948 1443 sociorum
992 1405 1172 1456 partem.
1239 1404 1385 1448 Quare
1416 1406 1559 1448 omnia
1595 1407 1658 1448 sic
1689 1407 1807 1449 clara

97 1491 210 1529 sunt.
288 1485 369 1527 Alii
416 1497 514 1527 cum
554 1484 841 1526 Pusam-rto
884 1481 1071 1524 canibus
1114 1484 1301 1540 rapidas
1346 1486 1492 1528 undas
1533 1488 1717 1543 probant
1761 1492 1806 1530 et

97 1570 434 1623 interpretantur
471 1568 663 1610 insanum
706 1568 751 1610 in
788 1565 964 1610 modum
1007 1568 1198 1610 concitas
1230 1573 1274 1611 et
1305 1574 1542 1612 commotas
1582 1583 1607 1612 a
1643 1571 1806 1613 latran-

99 1651 214 1691 tibus
258 1650 484 1703 monstris,
532 1651 686 1704 quibus
727 1651 948 1693 succincta
978 1652 1150 1706 Scylla,
1191 1653 1234 1694 iu
1270 1665 1357 1707 quo
1395 1666 1450 1695 ne
1491 1654 1546 1696 de
1587 1656 1806 1697 succincta

97 1735 275 1777 canibus
305 1735 452 1789 Scylla
481 1734 620 1777 dicam
653 1735 707 1777 ab
731 1735 931 1778 Honssno
962 1736 1126 1788 aliena,
1164 1737 1220 1779 cf.
1249 1736 1303 1778 ad
1336 1736 1415 1789 111,
1440 1739 1483 1790 4,
1508 1740 1606 1790 89.,
1639 1738 1808 1780 etiamsi

98 1818 211 1860 colla
250 1818 401 1860 canina
442 1817 684 1871 intelligas,
727 1816 993 1871 ineptissima
1033 1817 1297 1871 conspicitur
1335 1817 1533 1860 iunctura
1565 1818 1806 1872 verborum,

99 1915 211 1957 quae
254 1916 440 1958 unquam
483 1902 721 1957 excogitari
764 1902 919 1958 potuit.
996 1902 1144 1946 Quare
1183 1903 1275 1943 iure
1309 1903 1476 1945 mireris
1507 1903 1807 1957 Huscnxmm,

97 1988 170 2041 qui
200 1987 414 2029 scribens:
447 1985 554 2044 quin
582 1983 768 2027 canibus
797 1983 983 2040 rapidas
1010 1983 1129 2025 inter
1150 1983 1286 2042 freta
1314 1993 1513 2027 curreret
1541 1985 1710 2039 undas,
1752 1986 1808 2029 ad

101 2070 299 2123 Ulyssem
338 2070 476 2111 relato
519 2066 601 2110 hoc
643 2079 795 2118 versu,
846 2066 975 2108 simili
1013 2077 1143 2107 sensu
1184 2063 1368 2108 canibus
1425 2065 1611 2122 rapidas
1652 2067 1808 2121 iungit,

100 2152 387 2206 intelligitque
433 2163 612 2206 rapaces
662 2161 742 2205 per
788 2160 916 2191 canes
960 2149 1149 2201 Scyllae.
1243 2149 1370 2194 Quae
1421 2150 1517 2204 quis
1564 2154 1819 2204 concoquat

97 2233 264 2278 hodie?
334 2233 530 2276 Eandem
568 2243 813 2288 perversam
854 2231 1220 2274 constructionem
1255 2231 1446 2275 Vossms
1495 2231 1717 2287 adoptavit
1760 2239 1807 2275 et

97 2318 360 2370 BAccuius,
409 2316 628 2371 explicant
672 2317 818 2356 autem
873 2313 1050 2354 marinis
1096 2313 1297 2355 monstris
1342 2315 1491 2369 plenas
1538 2315 1804 2370 infestasque

97 2401 344 2456 naviganti,
385 2413 496 2442 nova
537 2412 584 2441 re
624 2399 767 2451 illata,
820 2396 876 2439 de
911 2408 996 2450 qua
1039 2395 1267 2438 Hosmnus
1309 2397 1529 2451 ceterique
1571 2399 1806 2454 scriptores

99 2491 270 2538 tacent,
314 2483 451 2525 solam
482 2482 673 2535 Scyllam
717 2484 763 2522 et
803 2477 1076 2532 Charybdin,
1126 2491 1211 2521 non
1254 2479 1337 2521 alia
1378 2485 1604 2536 praeterea
1644 2484 1809 2525 minora

101 2572 318 2621 monstra,
362 2567 405 2609 in
436 2565 530 2608 istis
561 2564 682 2607 fretis
713 2567 1013 2606 memorantes.
1074 2562 1135 2606 Et
1166 2569 1285 2607 recte
1318 2565 1491 2619 quidem
1522 2579 1609 2609 non
1641 2580 1809 2611 memo-

100 2655 223 2704 rant3
270 2650 367 2705 quis
409 2649 520 2692 enim
562 2647 724 2690 leviora
758 2646 861 2688 talia
903 2644 1158 2687 recordetur
1197 2646 1311 2689 inter
1341 2649 1526 2691 maxima
1561 2649 1643 2692 ista
1677 2651 1810 2693 mira-

101 2733 237 2777 cula?
325 2732 396 2775 Ne
441 2731 595 2788 plura}
623 2749 625 2753 ¹
653 2730 760 2774 satis
805 2729 1073 2772 defendimus
1128 2731 1460 2786 explicationem
1506 2738 1711 2776 nostram.
1754 2753 1814 2767 -·

102 2816 236 2859 V.‘'{4
261 2816 334 2871 sq,'
355 2813 473 2858 Nec
494 2820 606 2857 ὀπο
631 2813 952 2857 consumsit
980 2823 1131 2856 more
1155 2811 1500 2867 Charybdis,
1542 2814 1582 2859 h.
1605 2829 1643 2860 e.
1668 2829 1810 2871 neque

107 2899 236 2942 etiam
279 2904 337 2942 eo
366 2897 513 2941 modo‘
536 2898 746 2951 interiit,
774 2909 862 2952 quo
904 2897 960 2939 ab
1004 2898 1142 2939 altera
1183 2902 1306 2953 parte
1347 2897 1586 2951 Charybdis
1626 2899 1813 2955 perdere

104 2983 230 3026 solet.
301 2981 436 3025 Vides
466 2990 694 3022 suo-more
725 2980 890 3036 optime
926 2979 1086 3023 dictum
1127 2986 1306 3037 propter
1337 2981 1654 3037 oppositionem
1686 2987 1812 3024 ante-

106 3065 374 3117 cedentium,
413 3067 458 3106 et
492 3061 665 3105 minime
697 3063 881 3105 otiosum
912 3067 963 3105 ut
992 3062 1220 3106 videbatur
1248 3063 1468 3117 H13Y1s103
1511 3077 1644 3118 quare
1680 3064 1811 3108 etiam

103 3148 292 3193 Vossius
328 3148 509 3201 erravit,
557 3159 582 3190 e
614 3159 746 3203 prava
777 3146 981 3191 librorum
1015 3147 1296 3203 complurium
1329 3148 1541 3203 scriptura
1579 3146 1664 3200 „in
1698 3162 1770 3188 ore
1783 3147 1812 3170 “

105 3233 179 3288 qui
210 3232 425 3276 censuerit
457 3231 535 3286 „in
565 3230 695 3274 orbe“
724 3243 820 3275 esse
851 3231 1133 3286 eliciendum,
1172 3233 1302 3289 idque
1333 3234 1536 3276 continuo
1568 3233 1610 3276 in
1641 3237 1808 3276 textum

105 3317 307 3362 intulerit.
371 3316 520 3359 Taceo
545 3315 651 3358 alias
677 3316 856 3360 aliorum
884 3317 1154 3361 coniecturas
1183 3331 1269 3359 sua
1301 3315 1432 3370 mole,
1467 3330 1552 3358 sua
1585 3323 1733 3357 morte.
1755 3337 1808 3345 -

104 3398 293 3443 fluctu
336 3403 736 3456 consurgeret
777 3399 911 3453 imo,
962 3399 1136 3444 sublato
1177 3400 1265 3443 imo
1309 3398 1457 3442 fluctu.
1534 3397 1810 3440 Constructio

1226 3478 1357 3537 26⁴¹,
