2158 3750
613 868 1378 931 SVPPLEMENTVM

369 1008 844 1074 coLLATlole
899 994 1264 1104 Emitoffls
1319 1017 1617 1072 Mmoffls

771 1169 821 1202 A.
875 1168 1200 1202 mcccnxxu.
1378 1176 1390 1199 e

232 1305 410 1400 Quod
449 1339 788 1393 amicissimus
813 1342 1090 1394 Disaenius
1127 1359 1295 1395 novae
1334 1358 1458 1393 suae
1496 1342 1697 1392 Tibulli
1733 1339 1842 1391 edi·

123 1431 259 1485 tioni
293 1435 444 1488 brevi
474 1435 847 1488 adiuncturum
882 1439 1222 1505 promiserat,
1254 1437 1561 1488 Collationis
1582 1436 1841 1487 Editionis

121 1527 337 1578 minoris
385 1547 432 1580 a.
471 1531 611 1581 1472
658 1529 1131 1598 Suppletnentum·²>
1169 1530 1224 1582 id
1270 1538 1413 1582 nunc
1461 1530 1674 1582 demum
1721 1541 1843 1595 post

117 1623 451 1675 immaturam
489 1627 743 1692 praeclari
778 1627 881 1678 viri
917 1635 1142 1676 mortem
1178 1641 1295 1675 mea
1330 1641 1483 1687 cura,
1520 1639 1647 1673 sane
1678 1639 1835 1689 quam

115 1717 379 1770 laboriose
415 1729 682 1786 paratum,
716 1721 1033 1787 publicatur.
1121 1720 1259 1771 Nam
1298 1738 1461 1788 quum
1497 1719 1671 1786 primo
1707 1718 1837 1768 ami-

116 1828 236 1863 cum
282 1813 672 1866 Londinensem
720 1817 1071 1881 rogavissem,
1135 1826 1194 1865 ut
1245 1813 1350 1864 duo
1402 1812 1645 1864 editionis
1693 1812 1834 1861 illius

113 1907 268 1971 folia,
315 1927 451 1977 quae
496 1909 553 1960 in
603 1910 886 1961 Parisiensi
935 1910 1225 1976 exemplari
1275 1908 1492 1970 desunt,
1544 1924 1611 1956 ex
1659 1906 1839 1957 Musei>

111 2002 401 2055 Britannici
451 2006 694 2072 exemplo
741 2003 1084 2056 describenda
1139 2014 1372 2068 curaret,
1424 2001 1701 2067 diligenter
1748 2001 1832 2051 in-

42 2137 46 2141 ,
112 2097 327 2164 quirens
378 2115 566 2151 verum
618 2116 734 2151 esse
792 2101 1078 2167 comperit,
1146 2097 1291 2168 quod
1350 2096 1532 2148 scribit
1587 2095 1828 2163 Heynius

107 2186 182 2257 (v.
217 2192 453 2244 Huschk.
502 2191 627 2245 edit.
674 2192 871 2246 Tibull.
908 2204 1034 2245 tom.
1077 2199 1124 2244 1.
1172 2212 1288 2260 pag.
1320 2187 1687 2258 XXXXIV.),
1752 2192 1829 2241 ibi

59 2267 63 2270 .
106 2292 333 2338 maiorem
386 2287 668 2341 editionem
715 2309 765 2342 a.
819 2292 987 2353 1472,
1039 2307 1148 2341 non
1196 2291 1486 2352 minorem,
1554 2289 1826 2353 asservari.

106 2378 190 2430 Sic
224 2383 398 2432 elusus
419 2382 619 2436 Romae
643 2381 1042 2435 casanatensem
1067 2394 1119 2433 et
1144 2381 1508 2434 Corsinianam
1540 2381 1824 2433 bibliothe-

105 2494 218 2527 cam
256 2475 387 2541 adii,
422 2479 476 2529 in
517 2495 625 2546 quo
661 2495 772 2530 non
811 2478 891 2528 fui
927 2478 1143 2528 felicior.
1241 2477 1447 2528 Certior
1481 2478 1619 2527 enim
1657 2477 1823 2526 factus

102 2588 248 2637 sum,
334 2574 388 2623 in
453 2571 788 2624 Casanatensi
862 2575 1179 2624 bibliotheca
1262 2572 1543 2623 editionem
1604 2569 1821 2631 Tibulli,

103 2684 262 2735 quam
299 2684 634 2735 quaererem,
684 2684 973 2736 numquam
1014 2668 1268 2718 exstitisse
1316 2664 1388 2736 (v.
1427 2665 1664 2715 Huschk.
1699 2665 1736 2714 l.
1775 2681 1819 2714 c.

101 2779 217 2827 pag.
260 2758 624 2829 XXXVIII.);
697 2759 1064 2812 Corsinianum
1135 2762 1403 2828 exemplar
1462 2778 1580 2811 cum
1641 2758 1816 2809 multis

100 2856 214 2907 aliis
245 2857 627 2923 pretiosissimis
648 2857 793 2908 libris
817 2858 962 2910 Sacc.
983 2860 1106 2910 XV.
1137 2859 1342 2909 excusis
1381 2877 1449 2908 ex
1477 2855 1816 2908 Illustrissimi

99 2949 356 3016 Principis
391 2950 708 3001 bibliotheca
743 2951 797 3001 in
833 2955 1151 3019 praeclaram
1195 2953 1340 3004 illam
1376 2950 1591 3003 Comitis
1627 2950 1815 3015 Angeli

98 3045 300 3095 Mariae
333 3045 538 3113 lllycini
581 3042 787 3116 (d‘Elci)
821 3048 1158 3116 immigrasse.
1242 3048 1414 3098 Huius
1461 3045 1810 3101 bibliothecae

98 3142 595 3210 praestantissimam
642 3154 843 3210 partem
881 3163 1044 3214 quum
1088 3142 1555 3196 munificentissimi
1602 3155 1809 3208 posses-

99 3236 231 3287 soris
267 3246 574 3288 testamento
614 3237 1028 3290 Laurentianae-
1047 3240 1243 3291 illatam
1289 3255 1399 3290 esse
1437 3237 1649 3298 scirem,
1700 3234 1804 3284 iam

100 3333 418 3384 Florentiam
464 3333 686 3384 reiectus
741 3332 827 3385 hic
885 3332 1094 3386 tandem
1144 3334 1371 3388 duorum
1421 3334 1666 3386 soliorum
1717 3348 1803 3381 ra-

556 3442 583 3464 ·
1283 3427 1419 3487 10*
