2158 3750
571 255 580 269 ⁴
640 235 824 286 LIBR.
858 236 951 286 III.
1006 234 1223 288 <ELEG.
1258 238 1354 290 VI.
1736 241 1838 287 379

142 377 302 422 Catulli
328 378 620 423 testimonium
650 383 887 436 provocat,
920 378 1190 426 Huscmmrs
1221 381 1474 439 Euripidem
1515 379 1684 425 confert
1713 379 1837 426 Med.

145 467 230 507 411
248 467 411 518 -446.,
453 464 530 510 ubi
569 463 638 508 bic
668 464 891 520 perfidiam
920 466 1110 509 virorum
1137 471 1182 509 et
1211 467 1438 509 mulierum
1468 467 1671 522 exponit,
1712 468 1843 519 atque

144 545 199 588 ad
251 547 432 589 aliorum
474 551 699 602 poetarum
739 547 928 590 carmina
969 553 1190 603 provocat.
1251 548 1356 592 Noli
1397 561 1501 592 vero
1542 549 1706 592 Vosslo
1747 560 1845 590 cre-

145 628 274 682 dere,
317 630 390 683 qui
431 627 544 671 hunc
584 641 757 672 sensum
786 629 960 672 statuitt
1002 630 1082 687 Vir
1123 634 1169 673 te
1200 629 1398 686 decepit,
1437 629 1515 674 sed
1547 630 1612 672 vir
1643 629 1770 672 etiam
1801 632 1846 670 te

142 711 358 763 defendit,
404 715 451 753 et
490 711 547 753 ob
589 724 684 755 eam
714 723 885 753 causam
928 723 970 752 v.
1002 712 1074 753 41.
1116 724 1182 765 pr.
1223 711 1288 752 sic
1333 712 1499 767 recepit
1531 712 1656 753 unius
1687 709 1849 753 codicis

142 796 372 838 lectionem
401 793 493 839 sed.
561 793 815 848 Lygdamus
842 791 947 834 nibil
976 792 1058 834 nisi
1089 790 1171 835 hoc
1199 793 1320 836 vult:
1361 795 1576 848 „Semper
1607 792 1688 834 fuit
1716 792 1849 847 perfi-

144 877 213 919 dia
244 877 289 920 in
318 890 479 920 amore.
550 876 694 929 Atque
723 874 810 916 alio
841 878 1036 928 tempore
1067 873 1265 917 Catullus
1293 874 1452 916 cecinit
1479 873 1691 916 Ariadnae
1719 872 1849 915 *dolo-

141 974 211 1003 res
242 973 268 1001 a
298 959 471 1002 Theseo
512 958 614 1000 olim
646 957 851 1009 relictae,
900 970 979 998 vos
1029 969 1110 1013 ego
1151 970 1271 998 nunc
1306 957 1501 1000 moneo.“
1572 957 1651 999 Vir
1694 956 1850 999 doctus

144 1044 341 1084 Ossnssxss
370 1041 415 1083 iu
446 1039 759 1087 Dissertatione
799 1051 931 1094 supra
973 1052 1001 1081 a
1036 1038 1162 1081 nobis
1202 1038 1245 1080 in
1278 1039 1380 1089 Vita
1410 1038 1575 1080 Tibulli
1615 1042 1851 1081 memorata

144 1125 275 1166 etiam
318 1135 376 1166 ex
427 1120 511 1174 hoc
552 1123 651 1165 loco
698 1120 868 1176 colligit
921 1119 1194 1175 Lygdamum
1243 1119 1442 1175 proxime
1485 1125 1586 1176 post
1634 1120 1851 1164 Catullum

144 1206 329 1258 vixisse,
370 1203 487 1259 quod
517 1203 637 1247 vides
666 1216 762 1245 non.
782 1203 931 1256 sequig
961 1202 1121 1258 potius
1152 1203 1413 1255 contrarium
1443 1203 1667 1256 sequitur,
1707 1215 1855 1246 remo—

144 1291 299 1333 ti0rem
338 1287 648 1340 aetate-fuisse
680 1286 927 1344 Catullum:
974 1288 1106 1329 talem
1137 1286 1251 1331 enim
1281 1283 1351 1328 bic
1384 1291 1558 1342 poetam
1589 1299 1854 1329 commemo-

143 1387 241 1417 rare
270 1372 433 1416 debuit.
455 1371 681 1424 *vx-‚43
711 1382 805 1423 sqq.
855 1369 979 1411 Vos.
1032 1368 1296 1411 Praesentes
1327 1368 1563 1422 alloquitur
1591 1369 1769 1412 amicos.
1794 1391 1851 1400 —

146 1458 335 1510 Felix,
376 1440 704 1510 quicumque
748 1452 947 1502 dolore
991 1455 1076 1495 etc.
1149 1451 1251 1495 Dixi
1297 1452 1341 1494 in
1384 1453 1663 1504 annotatione
1704 1453 1856 1496 critica

145 1540 280 1583 videri
326 1550 531 1582 cavere
571 1537 782 1585 veriorem
832 1536 1077 1579 lectionem.
1165 1535 1321 1589 Neque
1366 1540 1510 1578 tamen
1553 1540 1621 1578 est
1667 1541 1764 1578 tuo
1812 1537 1855 1578 in

147 1633 278 1667 tuum
307 1622 573 1667 mutandum.
643 1621 910 1665 Sententiam
949 1625 996 1665 et
1037 1620 1371 1663 constructionis
1410 1618 1624 1666 rationem
1665 1618 1857 1663 illustra-

147 1708 209 1749 bit
240 1707 376 1748 Ovm.
409 1705 502 1748 Art.
533 1705 629 1748 Am.
658 1686 739 1758 ΪΙΙ,
769 1706 884 1746 455:
941 1697 1116 1744 Discite
1149 1699 1206 1742 ab
1237 1700 1430 1743 alterius
1459 1700 1624 1743 vestris
1655 1700 1857 1742 timuisse

148 1787 355 1847 querelis.
431 1788 494 1830 Ut
546 1787 743 1830 Ovimus
784 1785 914 1827 dicite
958 1783 1112 1826 discite
1153 1783 1209 1825 ab
1253 1784 1430 1826 alterius
1471 1784 1659 1838 querelis
1699 1784 1857 1839 spretis

148 1875 327 1925 timere,
357 1884 412 1914 ne
441 1875 613 1914 vestrae
642 1882 815 1925 quoque
844 1870 1048 1923 querelae
1078 1867 1245 1923 possint
1273 1868 1444 1923 sperni,
1486 1868 1550 1910 sic
1579 1867 1858 1922 Lygdamus:

153 1956 282 2008 felix,
312 1955 386 2010 qui
417 1954 594 1998 alterius
624 1953 776 1995 dolore
804 1950 966 1994 infelici
996 1949 1138 1993 disces
1171 1962 1326 1992 cavere
1357 1962 1508 2005 posse,
1539 1961 1594 1992 ne
1623 1949 1717 2005 ipse
1748 1962 1862 2003 quo-

150 2051 236 2094 que
269 2037 417 2079 doleas
445 2035 691 2079 infeliciter.
761 2034 963 2076 Disces
1003 2044 1214 2075 cavere
1244 2040 1442 2087 posse,
1484 2032 1624 2075 disces
1654 2032 1858 2075 resistere

154 2134 281 2179 posse
322 2121 457 2164 amori
486 2123 618 2175 atque
648 2119 710 2162 ita
750 2130 905 2161 cavere
946 2121 1029 2160 etc.
1091 2115 1207 2159 Hinc
1248 2115 1416 2158 addidit
1447 2130 1593 2171 posse.
1655 2116 1861 2158 Ceterum

153 2205 299 2248 nescio
322 2218 400 2248 cur
422 2203 676 2258 Lygdamus
701 2201 953 2260 quicunque
978 2201 1198 2257 posuerit3
1231 2199 1418 2243 debebat
1433 2198 1557 2256 felix
1584 2197 1663 2258 qui
1684 2199 1784 2241 dici.
1805 2222 1863 2229 —-

154 2288 272 2332 Nec
314 2301 413 2339 vos
454 2291 555 2329 aut
594 2286 828 2341 capiant
859 2287 944 2325 etc.
1008 2284 1220 2337 Sequitur
1250 2284 1386 2335 locus,
1417 2282 1490 2336 qui
1521 2294 1578 2323 ex
1612 2280 1863 2323 melioribus

155 2369 271 2425 apud
302 2368 590 2423 Lygdamum.
650 2366 749 2408 Etsi
781 2366 895 2408 enim
925 2365 1037 2407 inest
1067 2364 1184 2418 quod
1213 2377 1301 2407 non
1334 2369 1453 2407 recte
1486 2363 1678 2417 dictum,
1709 2362 1862 2405 lauda-

159 2452 256 2494 bilis
284 2457 429 2495 tame'n
454 2451 690 2506 descriptio
720 2450 906 2506 poetica.
968 2447 1104 2491 Modo
1134 2449 1258 2503 plura
1283 2449 1386 2491 talia
1414 2445 1594 2491 baberet
1621 2451 1788 2490 auctor.
1805 2471 1863 2478 -

159 2534 476 2590 pendentia
506 2534 673 2576 collo.
735 2532 1114 2575 Constructionem
1145 2531 1332 2573 illustrat
1363 2531 1616 2574 BURMANN.
1647 2529 1703 2572 ad
1728 2529 1866 2573 Ovid.

161 2620 269 2662 Met.
300 2618 336 2672 Ι,
380 2621 483 2662 485.
531 2616 728 2660 laudatus
773 2617 828 2659 ab
875 2616 1084 2662 Harum.
1122 2638 1180 2646 —
1239 2614 1501 2667 sordida,
1556 2626 1709 2668 avara,
1755 2625 1867 2673 quae

158 2701 375 2744 blanditiis
430 2700 662 2756 deceptum
718 2703 954 2742 amatorem
1009 2698 1255 2753 exspoliare
1305 2697 1465 2740 studet.
1542 2693 1865 2750 Exspectabam

159 2785 326 2827 nonnisi
358 2784 461 2826 talia
492 2779 563 2826 hic
591 2783 746 2836 verba,
790 2795 903 2837 quae
933 2783 1060 2825 simul
1101 2782 1145 2823 in
1178 2781 1390 2824 Neaeram
1423 2779 1711 2835 quadrarent,
1753 2790 1866 2820 nunc

162 2875 305 2910 autem
341 2866 560 2921 libertinas
589 2868 769 2922 cogitat.
800 2890 862 2900 --
906 2880 1121 2922 perque
1164 2879 1298 2908 suos
1343 2866 1596 2917 ocellos,
1638 2867 1686 2906 ut
1713 2863 1866 2916 moris,

161 2951 274 2999 infra
304 2951 381 3005 lv,
410 2954 455 3005 5,
485 2954 531 2996 8.
580 2951 757 3006 Pam.
790 2949 1062 2995 Menaechm.
1092 2951 1147 3004 V,
1179 2954 1222 3004 9,
1256 2953 1297 2993 1.
1351 2949 1590 2992 Puonnn'r.
1622 2948 1658 3001 Ι,
1690 2950 1762 3000 15,
1794 2949 1867 2988 33.

162 3036 304 3079 ,Ονιιιο
338 3035 506 3078 Amorr.
536 3033 615 3087 111,
648 3036 693 3087 3,
723 3035 796 3077 10.
857 3034 991 3076 Plura
1033 3031 1164 3076 habet
1196 3032 1571 3075 Bnoucxnusms.
1602 3052 1661 3060 —
1705 3028 1869 3070 Iuno-

163 3130 283 3161 nem
326 3130 503 3171 suam,
549 3130 660 3172 quae
697 3117 951 3161 feminarum
994 3123 1180 3174 patrona
1226 3122 1321 3160 erat
1363 3121 1413 3158 ut
1455 3115 1622 3156 Genius
1664 3113 1870 3164 virorum,

165 3199 219 3242 cf.
264 3200 517 3243 Bumums'.
570 3198 626 3242 ad
676 3198 854 3244 Petrou.
898 3201 975 3242 25.
1045 3199 1266 3242 Miinmzn.
1316 3200 1358 3241 in
1410 3199 1519 3240 libro
1568 3197 1622 3239 de
1671 3195 1869 3237 Etruscis

168 3281 295 3325 Tom.
323 3282 379 3324 ll.
422 3297 464 3338 p.
494 3285 567 3325 90.
630 3282 861 3326 iuramenti
904 3296 982 3340 per
1018 3283 1226 3328 Iunonem
1259 3284 1458 3339 exempla
1489 3282 1694 3325 vurmius
1727 3278 1869 3331 babet,

172 3367 298 3420 quale
330 3373 396 3409 est
427 3365 536 3409 infra
569 3367 645 3421 lv,
682 3370 753 3420 13,
788 3370 857 3410 15.
886 3391 946 3402 --
989 3368 1225 3412 iun-avite
1269 3369 1350 3411 etsi
1394 3365 1549 3411 iuravit
1586 3362 1867 3411 sanctissime,
