<?xml version="1.0" encoding="UTF-8"?>
<!DOCTYPE html PUBLIC "-//W3C//DTD XHTML 1.0 Transitional//EN"
    "http://www.w3.org/TR/xhtml1/DTD/xhtml1-transitional.dtd">
<html xmlns="http://www.w3.org/1999/xhtml" xml:lang="en" lang="en">
 <head>
  <title>
</title>
<meta http-equiv="Content-Type" content="text/html;charset=utf-8" />
  <meta name='ocr-system' content='tesseract 3.04.00' />
  <meta name='ocr-capabilities' content='ocr_page ocr_carea ocr_par ocr_line ocrx_word'/>
</head>
<body>
  <div class='ocr_page' id='page_1' title='image "./carminaexrecensi01tibuuoft_0419.png"; bbox 0 0 2158 3750; ppageno 0'>
   <div class='ocr_carea' id='block_1_1' title="bbox 719 212 1896 266">
    <p class='ocr_par' dir='ltr' id='par_1_1' title="bbox 719 212 1896 266">
     <span class='ocr_line' id='line_1_1' title="bbox 719 212 1896 266; baseline 0.002 -2"><span class='ocrx_word' id='word_1_1' title='bbox 719 212 901 265; x_wconf 87' lang='lat' dir='ltr'><strong>LIBR.</strong></span> <span class='ocrx_word' id='word_1_2' title='bbox 938 214 980 265; x_wconf 94' lang='lat'>1.</span> <span class='ocrx_word' id='word_1_3' title='bbox 1053 213 1255 266; x_wconf 85' lang='lat' dir='ltr'><strong>ELEG.</strong></span> <span class='ocrx_word' id='word_1_4' title='bbox 1294 214 1387 266; x_wconf 90' lang='lat' dir='ltr'>IV.</span> <span class='ocrx_word' id='word_1_5' title='bbox 1833 223 1896 266; x_wconf 82' lang='grc'>87</span> 
     </span>
    </p>
   </div>
   <div class='ocr_carea' id='block_1_2' title="bbox 132 351 1897 3406">
    <p class='ocr_par' dir='ltr' id='par_1_2' title="bbox 132 351 1897 3406">
     <span class='ocr_line' id='line_1_2' title="bbox 197 351 1896 410; baseline -0.001 -14"><span class='ocrx_word' id='word_1_6' title='bbox 197 356 285 396; x_wconf 89' lang='lat' dir='ltr'>nita</span> <span class='ocrx_word' id='word_1_7' title='bbox 326 352 405 398; x_wconf 87' lang='lat' dir='ltr'>hac</span> <span class='ocrx_word' id='word_1_8' title='bbox 447 355 640 399; x_wconf 80' lang='lat' dir='ltr'>oratione</span> <span class='ocrx_word' id='word_1_9' title='bbox 681 356 725 398; x_wconf 82' lang='lat' dir='ltr'>iu</span> <span class='ocrx_word' id='word_1_10' title='bbox 768 355 930 399; x_wconf 85' lang='lat' dir='ltr'>exitu</span> <span class='ocrx_word' id='word_1_11' title='bbox 973 354 1172 399; x_wconf 85' lang='lat' dir='ltr'>carminis</span> <span class='ocrx_word' id='word_1_12' title='bbox 1214 357 1357 397; x_wconf 88' lang='lat' dir='ltr'>narrat</span> <span class='ocrx_word' id='word_1_13' title='bbox 1407 357 1537 410; x_wconf 89' lang='lat' dir='ltr'>poeta</span> <span class='ocrx_word' id='word_1_14' title='bbox 1581 365 1658 410; x_wconf 90' lang='lat' dir='ltr'>pro</span> <span class='ocrx_word' id='word_1_15' title='bbox 1692 351 1811 396; x_wconf 87' lang='lat' dir='ltr'>Titio</span> <span class='ocrx_word' id='word_1_16' title='bbox 1849 367 1896 395; x_wconf 82' lang='lat' dir='ltr'>se</span> 
     </span>
     <span class='ocr_line' id='line_1_3' title="bbox 198 436 1896 498; baseline -0.002 -16"><span class='ocrx_word' id='word_1_17' title='bbox 198 439 463 483; x_wconf 89' lang='lat' dir='ltr'>consuluisse</span> <span class='ocrx_word' id='word_1_18' title='bbox 484 440 627 494; x_wconf 91' lang='lat' dir='ltr'>deum,</span> <span class='ocrx_word' id='word_1_19' title='bbox 657 453 786 495; x_wconf 88' lang='lat' dir='ltr'>quem</span> <span class='ocrx_word' id='word_1_20' title='bbox 809 445 954 483; x_wconf 76' lang='lat' dir='ltr'>tamen</span> <span class='ocrx_word' id='word_1_21' title='bbox 983 453 1096 482; x_wconf 90' lang='lat' dir='ltr'>nunc</span> <span class='ocrx_word' id='word_1_22' title='bbox 1127 440 1287 482; x_wconf 86' lang='lat' dir='ltr'>coniux</span> <span class='ocrx_word' id='word_1_23' title='bbox 1316 451 1342 481; x_wconf 91' lang='lat' dir='ltr'>a</span> <span class='ocrx_word' id='word_1_24' title='bbox 1372 438 1521 481; x_wconf 81' lang='lat' dir='ltr'>talium</span> <span class='ocrx_word' id='word_1_25' title='bbox 1550 449 1693 498; x_wconf 88' lang='lat' dir='ltr'>rerum</span> <span class='ocrx_word' id='word_1_26' title='bbox 1725 436 1896 491; x_wconf 88' lang='lat' dir='ltr'>cogita-</span> 
     </span>
     <span class='ocr_line' id='line_1_4' title="bbox 194 517 1897 576; baseline -0.002 -13"><span class='ocrx_word' id='word_1_27' title='bbox 194 521 312 564; x_wconf 80' lang='lat' dir='ltr'><strong>tione</strong></span> <span class='ocrx_word' id='word_1_28' title='bbox 352 527 519 565; x_wconf 73' lang='lat' dir='ltr'>avocet.</span> <span class='ocrx_word' id='word_1_29' title='bbox 583 524 731 568; x_wconf 82' lang='lat' dir='ltr'><strong>Quare</strong></span> <span class='ocrx_word' id='word_1_30' title='bbox 771 522 856 564; x_wconf 90' lang='lat' dir='ltr'>iam</span> <span class='ocrx_word' id='word_1_31' title='bbox 901 521 1086 563; x_wconf 89' lang='lat' dir='ltr'>aliorum</span> <span class='ocrx_word' id='word_1_32' title='bbox 1130 521 1281 563; x_wconf 88' lang='lat' dir='ltr'>usibus</span> <span class='ocrx_word' id='word_1_33' title='bbox 1325 520 1470 563; x_wconf 83' lang='lat' dir='ltr'>divina</span> <span class='ocrx_word' id='word_1_34' title='bbox 1512 517 1619 563; x_wconf 89' lang='lat' dir='ltr'>haec</span> <span class='ocrx_word' id='word_1_35' title='bbox 1661 523 1897 576; x_wconf 88' lang='lat' dir='ltr'>praecepta</span> 
     </span>
     <span class='ocr_line' id='line_1_5' title="bbox 194 603 1897 661; baseline -0.002 -14"><span class='ocrx_word' id='word_1_36' title='bbox 194 604 337 655; x_wconf 83' lang='lat' dir='ltr'>offert,</span> <span class='ocrx_word' id='word_1_37' title='bbox 367 607 619 660; x_wconf 90' lang='lat' dir='ltr'>magistrum</span> <span class='ocrx_word' id='word_1_38' title='bbox 648 618 697 648; x_wconf 86' lang='lat' dir='ltr'>se</span> <span class='ocrx_word' id='word_1_39' title='bbox 728 605 957 661; x_wconf 85' lang='lat' dir='ltr'>profitetur</span> <span class='ocrx_word' id='word_1_40' title='bbox 981 605 1086 647; x_wconf 89' lang='lat' dir='ltr'>artis</span> <span class='ocrx_word' id='word_1_41' title='bbox 1117 604 1301 658; x_wconf 89' lang='lat' dir='ltr'>amandi,</span> <span class='ocrx_word' id='word_1_42' title='bbox 1332 609 1376 647; x_wconf 91' lang='lat' dir='ltr'>et</span> <span class='ocrx_word' id='word_1_43' title='bbox 1407 603 1462 647; x_wconf 92' lang='lat' dir='ltr'>de</span> <span class='ocrx_word' id='word_1_44' title='bbox 1493 604 1631 660; x_wconf 89' lang='lat' dir='ltr'>gloria</span> <span class='ocrx_word' id='word_1_45' title='bbox 1659 603 1897 658; x_wconf 85' lang='lat' dir='ltr'>magisterii</span> 
     </span>
     <span class='ocr_line' id='line_1_6' title="bbox 193 687 1895 749; baseline -0.001 -19"><span class='ocrx_word' id='word_1_46' title='bbox 193 687 326 730; x_wconf 86' lang='lat' dir='ltr'>futuri</span> <span class='ocrx_word' id='word_1_47' title='bbox 357 689 583 743; x_wconf 88' lang='lat' dir='ltr'>magnifice</span> <span class='ocrx_word' id='word_1_48' title='bbox 613 689 815 743; x_wconf 87' lang='lat' dir='ltr'>loquitur.</span> <span class='ocrx_word' id='word_1_49' title='bbox 875 687 966 730; x_wconf 87' lang='lat' dir='ltr'>Sed</span> <span class='ocrx_word' id='word_1_50' title='bbox 1000 701 1104 731; x_wconf 88' lang='lat' dir='ltr'>ecce</span> <span class='ocrx_word' id='word_1_51' title='bbox 1134 688 1280 731; x_wconf 91' lang='lat' dir='ltr'>subito</span> <span class='ocrx_word' id='word_1_52' title='bbox 1311 688 1468 730; x_wconf 89' lang='lat' dir='ltr'>amoris</span> <span class='ocrx_word' id='word_1_53' title='bbox 1500 687 1776 749; x_wconf 72' lang='lat' dir='ltr'>recordatur,</span> <span class='ocrx_word' id='word_1_54' title='bbox 1807 698 1895 741; x_wconf 87' lang='lat' dir='ltr'>quo</span> 
     </span>
     <span class='ocr_line' id='line_1_7' title="bbox 192 768 1894 826; baseline 0.001 -15"><span class='ocrx_word' id='word_1_55' title='bbox 192 770 332 825; x_wconf 89' lang='lat' dir='ltr'>ipsum</span> <span class='ocrx_word' id='word_1_56' title='bbox 363 768 586 812; x_wconf 83' lang='lat' dir='ltr'>Marathus</span> <span class='ocrx_word' id='word_1_57' title='bbox 627 771 713 812; x_wconf 90' lang='lat' dir='ltr'>iam</span> <span class='ocrx_word' id='word_1_58' title='bbox 755 769 830 812; x_wconf 90' lang='lat' dir='ltr'>diu</span> <span class='ocrx_word' id='word_1_59' title='bbox 874 773 1101 823; x_wconf 85' lang='lat' dir='ltr'>torqueat,</span> <span class='ocrx_word' id='word_1_60' title='bbox 1143 774 1189 812; x_wconf 90' lang='lat' dir='ltr'>et</span> <span class='ocrx_word' id='word_1_61' title='bbox 1220 769 1294 823; x_wconf 92' lang='lat' dir='ltr'>qui</span> <span class='ocrx_word' id='word_1_62' title='bbox 1333 770 1427 812; x_wconf 86' lang='lat' dir='ltr'>aliis</span> <span class='ocrx_word' id='word_1_63' title='bbox 1459 769 1589 813; x_wconf 90' lang='lat' dir='ltr'>modo</span> <span class='ocrx_word' id='word_1_64' title='bbox 1630 781 1759 826; x_wconf 89' lang='lat' dir='ltr'>opem</span> <span class='ocrx_word' id='word_1_65' title='bbox 1789 781 1894 826; x_wconf 90' lang='lat' dir='ltr'>pro-</span> 
     </span>
     <span class='ocr_line' id='line_1_8' title="bbox 192 851 1894 908; baseline 0.001 -14"><span class='ocrx_word' id='word_1_66' title='bbox 192 852 388 894; x_wconf 80' lang='lat' dir='ltr'>mittebat</span> <span class='ocrx_word' id='word_1_67' title='bbox 427 851 732 904; x_wconf 85' lang='lat' dir='ltr'>iactabundus‚</span> <span class='ocrx_word' id='word_1_68' title='bbox 778 864 876 894; x_wconf 91' lang='lat' dir='ltr'>eum</span> <span class='ocrx_word' id='word_1_69' title='bbox 922 851 1007 894; x_wconf 90' lang='lat' dir='ltr'>iam</span> <span class='ocrx_word' id='word_1_70' title='bbox 1053 851 1136 894; x_wconf 86' lang='lat' dir='ltr'>sibi</span> <span class='ocrx_word' id='word_1_71' title='bbox 1179 851 1263 906; x_wconf 91' lang='lat' dir='ltr'>ipsi</span> <span class='ocrx_word' id='word_1_72' title='bbox 1311 857 1431 907; x_wconf 89' lang='lat' dir='ltr'>patet</span> <span class='ocrx_word' id='word_1_73' title='bbox 1477 865 1606 908; x_wconf 91' lang='lat' dir='ltr'>opem</span> <span class='ocrx_word' id='word_1_74' title='bbox 1650 852 1764 896; x_wconf 83' lang='lat' dir='ltr'>ferre</span> <span class='ocrx_word' id='word_1_75' title='bbox 1809 866 1894 896; x_wconf 88' lang='lat' dir='ltr'>nou</span> 
     </span>
     <span class='ocr_line' id='line_1_9' title="bbox 190 921 1894 992; baseline 0.002 -16"><span class='ocrx_word' id='word_1_76' title='bbox 190 946 344 990; x_wconf 81' lang='lat' dir='ltr'>posse3</span> <span class='ocrx_word' id='word_1_77' title='bbox 384 932 528 975; x_wconf 90' lang='lat' dir='ltr'>irritas</span> <span class='ocrx_word' id='word_1_78' title='bbox 555 932 744 975; x_wconf 86' lang='lat' dir='ltr'>sentiens</span> <span class='ocrx_word' id='word_1_79' title='bbox 774 945 923 975; x_wconf 88' lang='lat' dir='ltr'>omnes</span> <span class='ocrx_word' id='word_1_80' title='bbox 953 938 1070 976; x_wconf 89' lang='lat' dir='ltr'>artes</span> <span class='ocrx_word' id='word_1_81' title='bbox 1101 921 1546 990; x_wconf 87' lang='lat' dir='ltr'>dolosqueprecibus</span> <span class='ocrx_word' id='word_1_82' title='bbox 1576 936 1668 977; x_wconf 89' lang='lat' dir='ltr'>adit</span> <span class='ocrx_word' id='word_1_83' title='bbox 1697 949 1894 992; x_wconf 90' lang='lat' dir='ltr'>puerum,</span> 
     </span>
     <span class='ocr_line' id='line_1_10' title="bbox 187 1001 1893 1075; baseline 0.004 -20"><span class='ocrx_word' id='word_1_84' title='bbox 187 1020 238 1056; x_wconf 92' lang='lat' dir='ltr'>ut</span> <span class='ocrx_word' id='word_1_85' title='bbox 267 1017 422 1070; x_wconf 89' lang='lat' dir='ltr'>sponte</span> <span class='ocrx_word' id='word_1_86' title='bbox 451 1018 601 1070; x_wconf 89' lang='lat' dir='ltr'>parcat</span> <span class='ocrx_word' id='word_1_87' title='bbox 631 1018 676 1056; x_wconf 94' lang='lat' dir='ltr'>et</span> <span class='ocrx_word' id='word_1_88' title='bbox 706 1014 819 1056; x_wconf 89' lang='lat' dir='ltr'>mitis</span> <span class='ocrx_word' id='word_1_89' title='bbox 849 1001 940 1068; x_wconf 74' lang='lat' dir='ltr'>fiat,</span> <span class='ocrx_word' id='word_1_90' title='bbox 971 1015 1162 1070; x_wconf 87' lang='lat' dir='ltr'>nolitque</span> <span class='ocrx_word' id='word_1_91' title='bbox 1194 1015 1298 1058; x_wconf 88' lang='lat' dir='ltr'>risui</span> <span class='ocrx_word' id='word_1_92' title='bbox 1329 1016 1504 1071; x_wconf 88' lang='lat' dir='ltr'>publico</span> <span class='ocrx_word' id='word_1_93' title='bbox 1535 1031 1755 1073; x_wconf 85' lang='lat' dir='ltr'>exponere</span> <span class='ocrx_word' id='word_1_94' title='bbox 1785 1033 1893 1075; x_wconf 89' lang='lat' dir='ltr'>poe-</span> 
     </span>
     <span class='ocr_line' id='line_1_11' title="bbox 188 1096 1893 1154; baseline 0.002 -15"><span class='ocrx_word' id='word_1_95' title='bbox 188 1102 277 1140; x_wconf 87' lang='lat' dir='ltr'>tam</span> <span class='ocrx_word' id='word_1_96' title='bbox 308 1109 404 1139; x_wconf 89' lang='lat' dir='ltr'>cum</span> <span class='ocrx_word' id='word_1_97' title='bbox 438 1097 681 1152; x_wconf 88' lang='lat' dir='ltr'>praeceptis</span> <span class='ocrx_word' id='word_1_98' title='bbox 711 1096 814 1138; x_wconf 90' lang='lat' dir='ltr'>suis.</span> <span class='ocrx_word' id='word_1_99' title='bbox 844 1117 905 1126; x_wconf 92' lang='lat'>—-</span> <span class='ocrx_word' id='word_1_100' title='bbox 959 1096 1192 1140; x_wconf 83' lang='lat' dir='ltr'>Videamus</span> <span class='ocrx_word' id='word_1_101' title='bbox 1224 1110 1337 1140; x_wconf 88' lang='lat' dir='ltr'>nunc</span> <span class='ocrx_word' id='word_1_102' title='bbox 1367 1111 1480 1152; x_wconf 87' lang='lat' dir='ltr'>quae</span> <span class='ocrx_word' id='word_1_103' title='bbox 1522 1098 1580 1141; x_wconf 88' lang='lat' dir='ltr'>sit</span> <span class='ocrx_word' id='word_1_104' title='bbox 1611 1101 1782 1154; x_wconf 87' lang='lat' dir='ltr'>poetica</span> <span class='ocrx_word' id='word_1_105' title='bbox 1815 1099 1893 1142; x_wconf 83' lang='lat' dir='ltr'>ha-</span> 
     </span>
     <span class='ocr_line' id='line_1_12' title="bbox 186 1170 1893 1235; baseline 0.002 -15"><span class='ocrx_word' id='word_1_106' title='bbox 186 1192 282 1221; x_wconf 89' lang='lat' dir='ltr'>rum</span> <span class='ocrx_word' id='word_1_107' title='bbox 314 1191 457 1221; x_wconf 90' lang='lat' dir='ltr'>rerum</span> <span class='ocrx_word' id='word_1_108' title='bbox 487 1179 614 1221; x_wconf 89' lang='lat' dir='ltr'>ratio.</span> <span class='ocrx_word' id='word_1_109' title='bbox 685 1177 862 1220; x_wconf 82' lang='lat' dir='ltr'>Etenim</span> <span class='ocrx_word' id='word_1_110' title='bbox 892 1178 930 1220; x_wconf 87' lang='lat' dir='ltr'>si</span> <span class='ocrx_word' id='word_1_111' title='bbox 962 1191 1049 1220; x_wconf 91' lang='lat' dir='ltr'>non</span> <span class='ocrx_word' id='word_1_112' title='bbox 1091 1170 1265 1222; x_wconf 81' lang='lat' dir='ltr'>adesset</span> <span class='ocrx_word' id='word_1_113' title='bbox 1296 1179 1364 1222; x_wconf 88' lang='lat' dir='ltr'>hic</span> <span class='ocrx_word' id='word_1_114' title='bbox 1396 1181 1568 1235; x_wconf 84' lang='lat' dir='ltr'>exitus,</span> <span class='ocrx_word' id='word_1_115' title='bbox 1613 1183 1780 1225; x_wconf 90' lang='lat' dir='ltr'>nonnisi</span> <span class='ocrx_word' id='word_1_116' title='bbox 1823 1182 1893 1224; x_wconf 83' lang='lat' dir='ltr'>di-</span> 
     </span>
     <span class='ocr_line' id='line_1_13' title="bbox 186 1259 1891 1322; baseline 0.004 -19"><span class='ocrx_word' id='word_1_117' title='bbox 186 1262 402 1304; x_wconf 87' lang='lat' dir='ltr'>dacticum</span> <span class='ocrx_word' id='word_1_118' title='bbox 443 1259 699 1304; x_wconf 79' lang='lat' dir='ltr'>haberemus</span> <span class='ocrx_word' id='word_1_119' title='bbox 739 1274 937 1315; x_wconf 81' lang='lat' dir='ltr'>carmen3</span> <span class='ocrx_word' id='word_1_120' title='bbox 982 1263 1070 1306; x_wconf 80' lang='lat' dir='ltr'>tale</span> <span class='ocrx_word' id='word_1_121' title='bbox 1107 1276 1210 1307; x_wconf 88' lang='lat' dir='ltr'>vero</span> <span class='ocrx_word' id='word_1_122' title='bbox 1242 1263 1442 1307; x_wconf 81' lang='lat' dir='ltr'>Tibulius</span> <span class='ocrx_word' id='word_1_123' title='bbox 1472 1265 1663 1307; x_wconf 89' lang='lat' dir='ltr'>scribere</span> <span class='ocrx_word' id='word_1_124' title='bbox 1692 1262 1776 1308; x_wconf 88' lang='lat' dir='ltr'>non</span> <span class='ocrx_word' id='word_1_125' title='bbox 1810 1279 1891 1322; x_wconf 85' lang='lat' dir='ltr'>po·</span> 
     </span>
     <span class='ocr_line' id='line_1_14' title="bbox 187 1346 1891 1405; baseline 0.002 -15"><span class='ocrx_word' id='word_1_126' title='bbox 187 1349 297 1400; x_wconf 90' lang='lat' dir='ltr'>tuit;</span> <span class='ocrx_word' id='word_1_127' title='bbox 332 1347 437 1390; x_wconf 90' lang='lat' dir='ltr'>licet</span> <span class='ocrx_word' id='word_1_128' title='bbox 466 1351 702 1403; x_wconf 89' lang='lat' dir='ltr'>praecepta</span> <span class='ocrx_word' id='word_1_129' title='bbox 740 1347 900 1390; x_wconf 88' lang='lat' dir='ltr'>amoris</span> <span class='ocrx_word' id='word_1_130' title='bbox 930 1346 1101 1400; x_wconf 90' lang='lat' dir='ltr'>dentur,</span> <span class='ocrx_word' id='word_1_131' title='bbox 1133 1347 1282 1389; x_wconf 87' lang='lat' dir='ltr'>debuit</span> <span class='ocrx_word' id='word_1_132' title='bbox 1311 1346 1582 1390; x_wconf 80' lang='lat' dir='ltr'>nihilomiuus</span> <span class='ocrx_word' id='word_1_133' title='bbox 1613 1349 1756 1403; x_wconf 90' lang='lat' dir='ltr'>elegia</span> <span class='ocrx_word' id='word_1_134' title='bbox 1785 1350 1891 1405; x_wconf 88' lang='lat' dir='ltr'>fingi</span> 
     </span>
     <span class='ocr_line' id='line_1_15' title="bbox 185 1428 1890 1486; baseline 0.002 -14"><span class='ocrx_word' id='word_1_135' title='bbox 185 1435 231 1473; x_wconf 89' lang='lat' dir='ltr'>et</span> <span class='ocrx_word' id='word_1_136' title='bbox 273 1429 493 1484; x_wconf 85' lang='lat' dir='ltr'>elegiacae</span> <span class='ocrx_word' id='word_1_137' title='bbox 536 1441 722 1485; x_wconf 87' lang='lat' dir='ltr'>poeseos</span> <span class='ocrx_word' id='word_1_138' title='bbox 767 1428 987 1472; x_wconf 82' lang='lat' dir='ltr'>observari</span> <span class='ocrx_word' id='word_1_139' title='bbox 1029 1429 1155 1471; x_wconf 90' lang='lat' dir='ltr'>ratio.</span> <span class='ocrx_word' id='word_1_140' title='bbox 1219 1428 1348 1474; x_wconf 82' lang='lat' dir='ltr'>Quod</span> <span class='ocrx_word' id='word_1_141' title='bbox 1380 1430 1597 1484; x_wconf 90' lang='lat' dir='ltr'>quomodo</span> <span class='ocrx_word' id='word_1_142' title='bbox 1628 1430 1791 1475; x_wconf 89' lang='lat' dir='ltr'>sactum</span> <span class='ocrx_word' id='word_1_143' title='bbox 1819 1433 1890 1486; x_wconf 87' lang='lat' dir='ltr'>sit,</span> 
     </span>
     <span class='ocr_line' id='line_1_16' title="bbox 183 1516 1891 1576; baseline 0 -14"><span class='ocrx_word' id='word_1_144' title='bbox 183 1521 268 1562; x_wconf 89' lang='lat' dir='ltr'>iam</span> <span class='ocrx_word' id='word_1_145' title='bbox 312 1520 489 1576; x_wconf 86' lang='lat' dir='ltr'>propius</span> <span class='ocrx_word' id='word_1_146' title='bbox 532 1516 806 1560; x_wconf 85' lang='lat' dir='ltr'>considerare</span> <span class='ocrx_word' id='word_1_147' title='bbox 846 1517 979 1560; x_wconf 86' lang='lat' dir='ltr'>iuvat.</span> <span class='ocrx_word' id='word_1_148' title='bbox 1054 1517 1248 1560; x_wconf 89' lang='lat' dir='ltr'>Primum</span> <span class='ocrx_word' id='word_1_149' title='bbox 1291 1517 1426 1572; x_wconf 86' lang='lat' dir='ltr'>igitur</span> <span class='ocrx_word' id='word_1_150' title='bbox 1469 1518 1670 1574; x_wconf 89' lang='lat' dir='ltr'>specialis</span> <span class='ocrx_word' id='word_1_151' title='bbox 1713 1520 1891 1574; x_wconf 85' lang='lat' dir='ltr'>fingitur</span> 
     </span>
     <span class='ocr_line' id='line_1_17' title="bbox 185 1602 1890 1658; baseline 0.001 -13"><span class='ocrx_word' id='word_1_152' title='bbox 185 1615 314 1645; x_wconf 89' lang='lat' dir='ltr'>causa</span> <span class='ocrx_word' id='word_1_153' title='bbox 344 1602 432 1655; x_wconf 81' lang='lat' dir='ltr'>rei3</span> <span class='ocrx_word' id='word_1_154' title='bbox 479 1614 577 1644; x_wconf 88' lang='lat' dir='ltr'>cum</span> <span class='ocrx_word' id='word_1_155' title='bbox 608 1602 724 1644; x_wconf 87' lang='lat' dir='ltr'>enim</span> <span class='ocrx_word' id='word_1_156' title='bbox 753 1614 864 1656; x_wconf 90' lang='lat' dir='ltr'>qnae</span> <span class='ocrx_word' id='word_1_157' title='bbox 898 1603 1072 1658; x_wconf 81' lang='lat' dir='ltr'>proprie</span> <span class='ocrx_word' id='word_1_158' title='bbox 1114 1602 1328 1646; x_wconf 84' lang='lat' dir='ltr'>didactica</span> <span class='ocrx_word' id='word_1_159' title='bbox 1359 1608 1459 1646; x_wconf 88' lang='lat' dir='ltr'>sunt</span> <span class='ocrx_word' id='word_1_160' title='bbox 1489 1603 1705 1656; x_wconf 87' lang='lat' dir='ltr'>carmina,</span> <span class='ocrx_word' id='word_1_161' title='bbox 1748 1604 1890 1646; x_wconf 86' lang='lat' dir='ltr'>omni-</span> 
     </span>
     <span class='ocr_line' id='line_1_18' title="bbox 183 1683 1889 1740; baseline -0.001 -12"><span class='ocrx_word' id='word_1_162' title='bbox 183 1685 266 1728; x_wconf 90' lang='lat' dir='ltr'>bus</span> <span class='ocrx_word' id='word_1_163' title='bbox 305 1685 546 1728; x_wconf 81' lang='lat' dir='ltr'>scribantur</span> <span class='ocrx_word' id='word_1_164' title='bbox 584 1697 726 1738; x_wconf 89' lang='lat' dir='ltr'>neque</span> <span class='ocrx_word' id='word_1_165' title='bbox 768 1683 896 1727; x_wconf 83' lang='lat' dir='ltr'>aliam</span> <span class='ocrx_word' id='word_1_166' title='bbox 928 1697 1114 1735; x_wconf 60' lang='lat' dir='ltr'>,causam</span> <span class='ocrx_word' id='word_1_167' title='bbox 1157 1683 1341 1728; x_wconf 88' lang='lat' dir='ltr'>habeant</span> <span class='ocrx_word' id='word_1_168' title='bbox 1381 1699 1510 1740; x_wconf 89' lang='lat' dir='ltr'>quam</span> <span class='ocrx_word' id='word_1_169' title='bbox 1553 1690 1603 1728; x_wconf 90' lang='lat' dir='ltr'>ut</span> <span class='ocrx_word' id='word_1_170' title='bbox 1645 1686 1889 1740; x_wconf 89' lang='lat' dir='ltr'>quicunque</span> 
     </span>
     <span class='ocr_line' id='line_1_19' title="bbox 189 1767 1889 1825; baseline 0.002 -14"><span class='ocrx_word' id='word_1_171' title='bbox 189 1770 339 1824; x_wconf 83' lang='lat' dir='ltr'>legere</span> <span class='ocrx_word' id='word_1_172' title='bbox 382 1769 486 1811; x_wconf 82' lang='lat' dir='ltr'>velit</span> <span class='ocrx_word' id='word_1_173' title='bbox 526 1768 762 1823; x_wconf 88' lang='lat' dir='ltr'>doceatur,</span> <span class='ocrx_word' id='word_1_174' title='bbox 803 1767 874 1811; x_wconf 86' lang='lat' dir='ltr'>hic</span> <span class='ocrx_word' id='word_1_175' title='bbox 903 1774 1054 1812; x_wconf 88' lang='lat' dir='ltr'>contra</span> <span class='ocrx_word' id='word_1_176' title='bbox 1085 1770 1229 1812; x_wconf 88' lang='lat' dir='ltr'>Titius</span> <span class='ocrx_word' id='word_1_177' title='bbox 1261 1771 1435 1825; x_wconf 90' lang='lat' dir='ltr'>quidam</span> <span class='ocrx_word' id='word_1_178' title='bbox 1466 1783 1563 1814; x_wconf 77' lang='lat' dir='ltr'>esse</span> <span class='ocrx_word' id='word_1_179' title='bbox 1593 1771 1773 1824; x_wconf 77' lang='lat' dir='ltr'>dicitur,</span> <span class='ocrx_word' id='word_1_180' title='bbox 1792 1774 1795 1777; x_wconf 64' lang='grc'><strong><em>“</em></strong></span> <span class='ocrx_word' id='word_1_181' title='bbox 1814 1773 1889 1825; x_wconf 90' lang='lat' dir='ltr'>qui</span> 
     </span>
     <span class='ocr_line' id='line_1_20' title="bbox 182 1852 1888 1910; baseline 0.001 -15"><span class='ocrx_word' id='word_1_182' title='bbox 182 1854 265 1896; x_wconf 90' lang='lat' dir='ltr'>sibi</span> <span class='ocrx_word' id='word_1_183' title='bbox 307 1854 541 1909; x_wconf 86' lang='lat' dir='ltr'>expetierit</span> <span class='ocrx_word' id='word_1_184' title='bbox 580 1853 665 1896; x_wconf 83' lang='lat' dir='ltr'>ista</span> <span class='ocrx_word' id='word_1_185' title='bbox 706 1859 942 1910; x_wconf 87' lang='lat' dir='ltr'>praecepta</span> <span class='ocrx_word' id='word_1_186' title='bbox 981 1855 1024 1897; x_wconf 91' lang='lat' dir='ltr'>in</span> <span class='ocrx_word' id='word_1_187' title='bbox 1066 1868 1191 1898; x_wconf 89' lang='lat' dir='ltr'>suum</span> <span class='ocrx_word' id='word_1_188' title='bbox 1236 1868 1390 1908; x_wconf 88' lang='lat' dir='ltr'>usum,</span> <span class='ocrx_word' id='word_1_189' title='bbox 1438 1859 1609 1897; x_wconf 90' lang='lat' dir='ltr'>etcum</span> <span class='ocrx_word' id='word_1_190' title='bbox 1643 1852 1709 1897; x_wconf 81' lang='lat' dir='ltr'>hic</span> <span class='ocrx_word' id='word_1_191' title='bbox 1743 1855 1806 1896; x_wconf 88' lang='lat' dir='ltr'>uti</span> <span class='ocrx_word' id='word_1_192' title='bbox 1835 1855 1888 1897; x_wconf 81' lang='lat' dir='ltr'>iis</span> 
     </span>
     <span class='ocr_line' id='line_1_21' title="bbox 182 1934 1887 1990; baseline 0.002 -14"><span class='ocrx_word' id='word_1_193' title='bbox 182 1947 268 1977; x_wconf 89' lang='lat' dir='ltr'>non</span> <span class='ocrx_word' id='word_1_194' title='bbox 299 1935 459 1990; x_wconf 83' lang='lat' dir='ltr'>possit,</span> <span class='ocrx_word' id='word_1_195' title='bbox 500 1935 564 1977; x_wconf 88' lang='lat' dir='ltr'>ita</span> <span class='ocrx_word' id='word_1_196' title='bbox 593 1934 767 1978; x_wconf 90' lang='lat' dir='ltr'>demum</span> <span class='ocrx_word' id='word_1_197' title='bbox 797 1935 894 1978; x_wconf 89' lang='lat' dir='ltr'>aliis</span> <span class='ocrx_word' id='word_1_198' title='bbox 923 1936 1179 1979; x_wconf 85' lang='lat' dir='ltr'>offeruntur.</span> <span class='ocrx_word' id='word_1_199' title='bbox 1241 1937 1439 1982; x_wconf 82' lang='lat' dir='ltr'>Quaeras</span> <span class='ocrx_word' id='word_1_200' title='bbox 1470 1937 1538 1979; x_wconf 87' lang='lat' dir='ltr'>vel</span> <span class='ocrx_word' id='word_1_201' title='bbox 1568 1937 1631 1978; x_wconf 84' lang='lat' dir='ltr'>sic</span> <span class='ocrx_word' id='word_1_202' title='bbox 1662 1949 1739 1979; x_wconf 90' lang='lat' dir='ltr'>cur</span> <span class='ocrx_word' id='word_1_203' title='bbox 1768 1937 1887 1979; x_wconf 88' lang='lat' dir='ltr'>Titio</span> 
     </span>
     <span class='ocr_line' id='line_1_22' title="bbox 180 2016 1887 2074; baseline 0 -14"><span class='ocrx_word' id='word_1_204' title='bbox 180 2031 292 2074; x_wconf 90' lang='lat' dir='ltr'>opus</span> <span class='ocrx_word' id='word_1_205' title='bbox 322 2017 452 2060; x_wconf 84' lang='lat' dir='ltr'>suerit</span> <span class='ocrx_word' id='word_1_206' title='bbox 479 2018 523 2060; x_wconf 87' lang='lat' dir='ltr'>in</span> <span class='ocrx_word' id='word_1_207' title='bbox 553 2016 634 2060; x_wconf 84' lang='lat' dir='ltr'>bac</span> <span class='ocrx_word' id='word_1_208' title='bbox 664 2029 740 2071; x_wconf 90' lang='lat' dir='ltr'>re,</span> <span class='ocrx_word' id='word_1_209' title='bbox 784 2029 864 2060; x_wconf 90' lang='lat' dir='ltr'>cur</span> <span class='ocrx_word' id='word_1_210' title='bbox 903 2029 988 2060; x_wconf 91' lang='lat' dir='ltr'>non</span> <span class='ocrx_word' id='word_1_211' title='bbox 1030 2016 1086 2060; x_wconf 91' lang='lat' dir='ltr'>de</span> <span class='ocrx_word' id='word_1_212' title='bbox 1116 2030 1196 2064; x_wconf 87' lang='lat' dir='ltr'>sua</span> <span class='ocrx_word' id='word_1_213' title='bbox 1230 2018 1377 2073; x_wconf 87' lang='lat' dir='ltr'>potius</span> <span class='ocrx_word' id='word_1_214' title='bbox 1408 2031 1538 2061; x_wconf 89' lang='lat' dir='ltr'>causa</span> <span class='ocrx_word' id='word_1_215' title='bbox 1569 2022 1698 2073; x_wconf 89' lang='lat' dir='ltr'>poeta</span> <span class='ocrx_word' id='word_1_216' title='bbox 1729 2031 1887 2061; x_wconf 87' lang='lat' dir='ltr'>consu-</span> 
     </span>
     <span class='ocr_line' id='line_1_23' title="bbox 132 2099 1884 2158; baseline 0.001 -16"><span class='ocrx_word' id='word_1_217' title='bbox 132 2151 137 2158; x_wconf 29' lang='lat'>.</span> <span class='ocrx_word' id='word_1_218' title='bbox 180 2099 307 2143; x_wconf 80' lang='lat' dir='ltr'>luerit</span> <span class='ocrx_word' id='word_1_219' title='bbox 337 2099 478 2153; x_wconf 90' lang='lat' dir='ltr'>deum,</span> <span class='ocrx_word' id='word_1_220' title='bbox 510 2112 607 2142; x_wconf 91' lang='lat' dir='ltr'>cum</span> <span class='ocrx_word' id='word_1_221' title='bbox 639 2100 733 2155; x_wconf 90' lang='lat' dir='ltr'>ipse</span> <span class='ocrx_word' id='word_1_222' title='bbox 764 2100 894 2142; x_wconf 88' lang='lat' dir='ltr'>etiam</span> <span class='ocrx_word' id='word_1_223' title='bbox 925 2113 1074 2142; x_wconf 84' lang='lat' dir='ltr'>amore</span> <span class='ocrx_word' id='word_1_224' title='bbox 1105 2101 1184 2143; x_wconf 89' lang='lat' dir='ltr'>tali</span> <span class='ocrx_word' id='word_1_225' title='bbox 1211 2101 1394 2144; x_wconf 87' lang='lat' dir='ltr'>laboret.</span> <span class='ocrx_word' id='word_1_226' title='bbox 1458 2100 1723 2157; x_wconf 86' lang='lat' dir='ltr'>Respondeo</span> <span class='ocrx_word' id='word_1_227' title='bbox 1754 2103 1884 2145; x_wconf 88' lang='lat' dir='ltr'>etiam</span> 
     </span>
     <span class='ocr_line' id='line_1_24' title="bbox 178 2179 1885 2238; baseline 0.002 -14"><span class='ocrx_word' id='word_1_228' title='bbox 178 2181 262 2224; x_wconf 89' lang='lat' dir='ltr'>alia</span> <span class='ocrx_word' id='word_1_229' title='bbox 302 2182 527 2224; x_wconf 87' lang='lat' dir='ltr'>commoda</span> <span class='ocrx_word' id='word_1_230' title='bbox 569 2179 729 2224; x_wconf 88' lang='lat' dir='ltr'>habere</span> <span class='ocrx_word' id='word_1_231' title='bbox 774 2183 956 2225; x_wconf 80' lang='lat' dir='ltr'>aiteram</span> <span class='ocrx_word' id='word_1_232' title='bbox 1003 2183 1246 2236; x_wconf 89' lang='lat' dir='ltr'>fictionem,</span> <span class='ocrx_word' id='word_1_233' title='bbox 1290 2196 1347 2226; x_wconf 88' lang='lat' dir='ltr'>ex</span> <span class='ocrx_word' id='word_1_234' title='bbox 1393 2197 1479 2238; x_wconf 87' lang='lat' dir='ltr'>qua</span> <span class='ocrx_word' id='word_1_235' title='bbox 1520 2197 1646 2227; x_wconf 90' lang='lat' dir='ltr'>suum</span> <span class='ocrx_word' id='word_1_236' title='bbox 1692 2197 1885 2228; x_wconf 89' lang='lat' dir='ltr'>amorem</span> 
     </span>
     <span class='ocr_line' id='line_1_25' title="bbox 178 2265 1885 2322; baseline 0.001 -14"><span class='ocrx_word' id='word_1_237' title='bbox 178 2265 346 2308; x_wconf 86' lang='lat' dir='ltr'>nonnisi</span> <span class='ocrx_word' id='word_1_238' title='bbox 376 2265 420 2308; x_wconf 89' lang='lat' dir='ltr'>in</span> <span class='ocrx_word' id='word_1_239' title='bbox 449 2267 535 2308; x_wconf 84' lang='lat' dir='ltr'>fine</span> <span class='ocrx_word' id='word_1_240' title='bbox 565 2265 818 2309; x_wconf 85' lang='lat' dir='ltr'>recordatur</span> <span class='ocrx_word' id='word_1_241' title='bbox 857 2267 1041 2322; x_wconf 88' lang='lat' dir='ltr'>aliisque</span> <span class='ocrx_word' id='word_1_242' title='bbox 1080 2267 1291 2322; x_wconf 85' lang='lat' dir='ltr'>magister</span> <span class='ocrx_word' id='word_1_243' title='bbox 1331 2280 1428 2310; x_wconf 87' lang='lat' dir='ltr'>esse</span> <span class='ocrx_word' id='word_1_244' title='bbox 1470 2268 1591 2321; x_wconf 86' lang='lat' dir='ltr'>vult,</span> <span class='ocrx_word' id='word_1_245' title='bbox 1631 2266 1770 2310; x_wconf 88' lang='lat' dir='ltr'>donec</span> <span class='ocrx_word' id='word_1_246' title='bbox 1813 2281 1885 2310; x_wconf 84' lang='lat' dir='ltr'>re-</span> 
     </span>
     <span class='ocr_line' id='line_1_26' title="bbox 179 2346 1884 2404; baseline 0 -14"><span class='ocrx_word' id='word_1_247' title='bbox 179 2351 310 2404; x_wconf 87' lang='lat' dir='ltr'>pente</span> <span class='ocrx_word' id='word_1_248' title='bbox 349 2347 394 2390; x_wconf 90' lang='lat' dir='ltr'>in</span> <span class='ocrx_word' id='word_1_249' title='bbox 433 2347 588 2391; x_wconf 89' lang='lat' dir='ltr'>eodem</span> <span class='ocrx_word' id='word_1_250' title='bbox 630 2348 787 2403; x_wconf 86' lang='lat' dir='ltr'>laqueo</span> <span class='ocrx_word' id='word_1_251' title='bbox 818 2347 1059 2391; x_wconf 89' lang='lat' dir='ltr'>meminerit</span> <span class='ocrx_word' id='word_1_252' title='bbox 1096 2361 1144 2390; x_wconf 90' lang='lat' dir='ltr'>se</span> <span class='ocrx_word' id='word_1_253' title='bbox 1174 2349 1315 2404; x_wconf 88' lang='lat' dir='ltr'>ipsum</span> <span class='ocrx_word' id='word_1_254' title='bbox 1348 2346 1542 2391; x_wconf 87' lang='lat' dir='ltr'>haerere.</span> <span class='ocrx_word' id='word_1_255' title='bbox 1603 2347 1739 2392; x_wconf 88' lang='lat' dir='ltr'>Vides</span> <span class='ocrx_word' id='word_1_256' title='bbox 1770 2349 1884 2391; x_wconf 88' lang='lat' dir='ltr'>enim</span> 
     </span>
     <span class='ocr_line' id='line_1_27' title="bbox 179 2428 1883 2495; baseline 0.002 -24"><span class='ocrx_word' id='word_1_257' title='bbox 179 2428 260 2473; x_wconf 81' lang='lat' dir='ltr'>hoc</span> <span class='ocrx_word' id='word_1_258' title='bbox 289 2429 419 2473; x_wconf 90' lang='lat' dir='ltr'>modo</span> <span class='ocrx_word' id='word_1_259' title='bbox 448 2429 744 2473; x_wconf 83' lang='lat' dir='ltr'>suavissimam</span> <span class='ocrx_word' id='word_1_260' title='bbox 775 2430 1095 2486; x_wconf 88' lang='lat' dir='ltr'>oppositionem</span> <span class='ocrx_word' id='word_1_261' title='bbox 1128 2444 1271 2474; x_wconf 86' lang='lat' dir='ltr'>rerum</span> <span class='ocrx_word' id='word_1_262' title='bbox 1304 2432 1541 2495; x_wconf 64' lang='lat' dir='ltr'>exsistere,</span> <span class='ocrx_word' id='word_1_263' title='bbox 1587 2444 1685 2474; x_wconf 92' lang='lat' dir='ltr'>cum</span> <span class='ocrx_word' id='word_1_264' title='bbox 1715 2431 1883 2475; x_wconf 89' lang='lat' dir='ltr'>iactan-</span> 
     </span>
     <span class='ocr_line' id='line_1_28' title="bbox 178 2512 1881 2568; baseline 0.002 -13"><span class='ocrx_word' id='word_1_265' title='bbox 178 2513 280 2555; x_wconf 85' lang='lat' dir='ltr'>tiam</span> <span class='ocrx_word' id='word_1_266' title='bbox 321 2513 518 2566; x_wconf 84' lang='lat' dir='ltr'>magistri</span> <span class='ocrx_word' id='word_1_267' title='bbox 557 2525 659 2555; x_wconf 84' lang='lat' dir='ltr'>mox</span> <span class='ocrx_word' id='word_1_268' title='bbox 700 2513 927 2567; x_wconf 85' lang='lat' dir='ltr'>angustiae</span> <span class='ocrx_word' id='word_1_269' title='bbox 968 2518 1205 2568; x_wconf 88' lang='lat' dir='ltr'>sequantur</span> <span class='ocrx_word' id='word_1_270' title='bbox 1249 2512 1544 2568; x_wconf 81' lang='lat' dir='ltr'>gravissimae.</span> <span class='ocrx_word' id='word_1_271' title='bbox 1606 2513 1706 2556; x_wconf 86' lang='lat' dir='ltr'>Hae</span> <span class='ocrx_word' id='word_1_272' title='bbox 1736 2519 1881 2558; x_wconf 89' lang='lat' dir='ltr'>autem</span> 
     </span>
     <span class='ocr_line' id='line_1_29' title="bbox 176 2594 1880 2651; baseline -0.001 -12"><span class='ocrx_word' id='word_1_273' title='bbox 176 2596 370 2650; x_wconf 85' lang='lat' dir='ltr'>magistri</span> <span class='ocrx_word' id='word_1_274' title='bbox 399 2594 675 2650; x_wconf 80' lang='lat' dir='ltr'>gioriabundi</span> <span class='ocrx_word' id='word_1_275' title='bbox 713 2595 940 2649; x_wconf 87' lang='lat' dir='ltr'>angustiae</span> <span class='ocrx_word' id='word_1_276' title='bbox 982 2596 1113 2638; x_wconf 89' lang='lat' dir='ltr'>etiam</span> <span class='ocrx_word' id='word_1_277' title='bbox 1145 2609 1277 2651; x_wconf 89' lang='lat' dir='ltr'>porro</span> <span class='ocrx_word' id='word_1_278' title='bbox 1319 2596 1502 2638; x_wconf 86' lang='lat' dir='ltr'>observa</span> <span class='ocrx_word' id='word_1_279' title='bbox 1543 2608 1671 2650; x_wconf 88' lang='lat' dir='ltr'>quam</span> <span class='ocrx_word' id='word_1_280' title='bbox 1717 2596 1802 2638; x_wconf 89' lang='lat' dir='ltr'>vim</span> <span class='ocrx_word' id='word_1_281' title='bbox 1840 2597 1880 2638; x_wconf 89' lang='lat' dir='ltr'>in</span> 
     </span>
     <span class='ocr_line' id='line_1_30' title="bbox 174 2677 1880 2733; baseline -0.001 -11"><span class='ocrx_word' id='word_1_282' title='bbox 174 2681 374 2723; x_wconf 83' lang='lat' dir='ltr'>universa</span> <span class='ocrx_word' id='word_1_283' title='bbox 400 2679 568 2722; x_wconf 86' lang='lat' dir='ltr'>ratione</span> <span class='ocrx_word' id='word_1_284' title='bbox 596 2678 796 2722; x_wconf 84' lang='lat' dir='ltr'>carminis</span> <span class='ocrx_word' id='word_1_285' title='bbox 826 2677 1040 2733; x_wconf 85' lang='lat' dir='ltr'>habeant,</span> <span class='ocrx_word' id='word_1_286' title='bbox 1070 2693 1169 2722; x_wconf 91' lang='lat' dir='ltr'>cum</span> <span class='ocrx_word' id='word_1_287' title='bbox 1200 2693 1313 2722; x_wconf 88' lang='lat' dir='ltr'>nunc</span> <span class='ocrx_word' id='word_1_288' title='bbox 1342 2678 1396 2722; x_wconf 89' lang='lat' dir='ltr'>ad</span> <span class='ocrx_word' id='word_1_289' title='bbox 1429 2679 1597 2721; x_wconf 85' lang='lat' dir='ltr'>irritum</span> <span class='ocrx_word' id='word_1_290' title='bbox 1629 2677 1785 2722; x_wconf 85' lang='lat' dir='ltr'>cadere</span> <span class='ocrx_word' id='word_1_291' title='bbox 1815 2679 1880 2721; x_wconf 87' lang='lat' dir='ltr'>vi-</span> 
     </span>
     <span class='ocr_line' id='line_1_31' title="bbox 173 2761 1882 2818; baseline -0.001 -12"><span class='ocrx_word' id='word_1_292' title='bbox 173 2763 326 2807; x_wconf 91' lang='lat' dir='ltr'>deatur</span> <span class='ocrx_word' id='word_1_293' title='bbox 353 2769 446 2806; x_wconf 85' lang='lat' dir='ltr'>tota</span> <span class='ocrx_word' id='word_1_294' title='bbox 475 2761 644 2806; x_wconf 85' lang='lat' dir='ltr'>theoria</span> <span class='ocrx_word' id='word_1_295' title='bbox 672 2762 948 2807; x_wconf 88' lang='lat' dir='ltr'>antecedens.</span> <span class='ocrx_word' id='word_1_296' title='bbox 1010 2762 1223 2806; x_wconf 83' lang='lat' dir='ltr'>Nimirum</span> <span class='ocrx_word' id='word_1_297' title='bbox 1256 2767 1401 2806; x_wconf 87' lang='lat' dir='ltr'>manet</span> <span class='ocrx_word' id='word_1_298' title='bbox 1432 2761 1676 2818; x_wconf 85' lang='lat' dir='ltr'>praeceptis</span> <span class='ocrx_word' id='word_1_299' title='bbox 1705 2761 1882 2818; x_wconf 80' lang='lat' dir='ltr'>aptissi-</span> 
     </span>
     <span class='ocr_line' id='line_1_32' title="bbox 174 2843 1881 2901; baseline -0.001 -13"><span class='ocrx_word' id='word_1_300' title='bbox 174 2845 255 2888; x_wconf 89' lang='lat' dir='ltr'>mis</span> <span class='ocrx_word' id='word_1_301' title='bbox 286 2843 422 2887; x_wconf 86' lang='lat' dir='ltr'>bonos</span> <span class='ocrx_word' id='word_1_302' title='bbox 450 2856 580 2899; x_wconf 85' lang='lat' dir='ltr'>quem</span> <span class='ocrx_word' id='word_1_303' title='bbox 610 2848 856 2898; x_wconf 89' lang='lat' dir='ltr'>merentur,</span> <span class='ocrx_word' id='word_1_304' title='bbox 901 2843 980 2888; x_wconf 88' lang='lat' dir='ltr'>sed</span> <span class='ocrx_word' id='word_1_305' title='bbox 1022 2845 1190 2888; x_wconf 87' lang='lat' dir='ltr'>tollitur</span> <span class='ocrx_word' id='word_1_306' title='bbox 1229 2845 1419 2888; x_wconf 86' lang='lat' dir='ltr'>suaviter</span> <span class='ocrx_word' id='word_1_307' title='bbox 1450 2845 1718 2901; x_wconf 86' lang='lat' dir='ltr'>principatus</span> <span class='ocrx_word' id='word_1_308' title='bbox 1753 2843 1881 2887; x_wconf 81' lang='lat' dir='ltr'>theo-</span> 
     </span>
     <span class='ocr_line' id='line_1_33' title="bbox 175 2927 1881 2984; baseline 0.001 -15"><span class='ocrx_word' id='word_1_309' title='bbox 175 2927 293 2979; x_wconf 89' lang='lat' dir='ltr'>riae,</span> <span class='ocrx_word' id='word_1_310' title='bbox 328 2927 496 2970; x_wconf 82' lang='lat' dir='ltr'>tollitur</span> <span class='ocrx_word' id='word_1_311' title='bbox 526 2927 716 2981; x_wconf 82' lang='lat' dir='ltr'>gravitas</span> <span class='ocrx_word' id='word_1_312' title='bbox 746 2927 947 2972; x_wconf 86' lang='lat' dir='ltr'>didactici</span> <span class='ocrx_word' id='word_1_313' title='bbox 977 2930 1204 2984; x_wconf 81' lang='lat' dir='ltr'>carminis,</span> <span class='ocrx_word' id='word_1_314' title='bbox 1246 2930 1380 2984; x_wconf 87' lang='lat' dir='ltr'>fitque</span> <span class='ocrx_word' id='word_1_315' title='bbox 1413 2929 1580 2983; x_wconf 81' lang='lat' dir='ltr'>elegia,</span> <span class='ocrx_word' id='word_1_316' title='bbox 1611 2941 1723 2983; x_wconf 89' lang='lat' dir='ltr'>quae</span> <span class='ocrx_word' id='word_1_317' title='bbox 1754 2929 1881 2971; x_wconf 89' lang='lat' dir='ltr'>aliter</span> 
     </span>
     <span class='ocr_line' id='line_1_34' title="bbox 174 3007 1880 3068; baseline 0.001 -15"><span class='ocrx_word' id='word_1_318' title='bbox 174 3009 290 3053; x_wconf 81' lang='lat' dir='ltr'>nulia</span> <span class='ocrx_word' id='word_1_319' title='bbox 319 3013 427 3052; x_wconf 78' lang='lat' dir='ltr'>erat.</span> <span class='ocrx_word' id='word_1_320' title='bbox 488 3007 602 3051; x_wconf 89' lang='lat' dir='ltr'>Nam</span> <span class='ocrx_word' id='word_1_321' title='bbox 631 3021 728 3052; x_wconf 88' lang='lat' dir='ltr'>cum</span> <span class='ocrx_word' id='word_1_322' title='bbox 759 3010 803 3053; x_wconf 88' lang='lat' dir='ltr'>in</span> <span class='ocrx_word' id='word_1_323' title='bbox 834 3010 1049 3055; x_wconf 87' lang='lat' dir='ltr'>didactica</span> <span class='ocrx_word' id='word_1_324' title='bbox 1079 3013 1202 3068; x_wconf 89' lang='lat' dir='ltr'>poesi</span> <span class='ocrx_word' id='word_1_325' title='bbox 1233 3011 1398 3055; x_wconf 83' lang='lat' dir='ltr'>theoria</span> <span class='ocrx_word' id='word_1_326' title='bbox 1431 3025 1644 3054; x_wconf 87' lang='lat' dir='ltr'>summum</span> <span class='ocrx_word' id='word_1_327' title='bbox 1676 3013 1752 3063; x_wconf 84' lang='lat' dir='ltr'>sit,</span> <span class='ocrx_word' id='word_1_328' title='bbox 1787 3013 1880 3055; x_wconf 82' lang='lat' dir='ltr'>ele-</span> 
     </span>
     <span class='ocr_line' id='line_1_35' title="bbox 172 3091 1878 3150; baseline -0.001 -14"><span class='ocrx_word' id='word_1_329' title='bbox 172 3094 271 3148; x_wconf 87' lang='lat' dir='ltr'>giae</span> <span class='ocrx_word' id='word_1_330' title='bbox 301 3095 603 3147; x_wconf 86' lang='lat' dir='ltr'>argumentum</span> <span class='ocrx_word' id='word_1_331' title='bbox 633 3096 735 3135; x_wconf 85' lang='lat' dir='ltr'>sunt</span> <span class='ocrx_word' id='word_1_332' title='bbox 763 3091 884 3148; x_wconf 84' lang='lat' dir='ltr'>ipsae</span> <span class='ocrx_word' id='word_1_333' title='bbox 913 3100 1164 3150; x_wconf 87' lang='lat' dir='ltr'>praesentes</span> <span class='ocrx_word' id='word_1_334' title='bbox 1195 3095 1466 3148; x_wconf 85' lang='lat' dir='ltr'>voluntates,</span> <span class='ocrx_word' id='word_1_335' title='bbox 1499 3107 1674 3147; x_wconf 87' lang='lat' dir='ltr'>sensus,</span> <span class='ocrx_word' id='word_1_336' title='bbox 1704 3093 1878 3149; x_wconf 83' lang='lat' dir='ltr'>gaudia,</span> 
     </span>
     <span class='ocr_line' id='line_1_36' title="bbox 174 3175 1878 3236; baseline 0.001 -18"><span class='ocrx_word' id='word_1_337' title='bbox 174 3175 371 3229; x_wconf 82' lang='lat' dir='ltr'>dolores,</span> <span class='ocrx_word' id='word_1_338' title='bbox 402 3176 637 3219; x_wconf 86' lang='lat' dir='ltr'>certamina</span> <span class='ocrx_word' id='word_1_339' title='bbox 667 3177 898 3220; x_wconf 87' lang='lat' dir='ltr'>amantium</span> <span class='ocrx_word' id='word_1_340' title='bbox 931 3183 976 3222; x_wconf 90' lang='lat' dir='ltr'>et</span> <span class='ocrx_word' id='word_1_341' title='bbox 1009 3179 1052 3222; x_wconf 88' lang='lat' dir='ltr'>in</span> <span class='ocrx_word' id='word_1_342' title='bbox 1084 3178 1148 3222; x_wconf 83' lang='lat' dir='ltr'>his</span> <span class='ocrx_word' id='word_1_343' title='bbox 1179 3179 1450 3223; x_wconf 85' lang='lat' dir='ltr'>declarandis</span> <span class='ocrx_word' id='word_1_344' title='bbox 1483 3179 1657 3236; x_wconf 85' lang='lat' dir='ltr'>propria</span> <span class='ocrx_word' id='word_1_345' title='bbox 1690 3179 1754 3221; x_wconf 83' lang='lat' dir='ltr'>vis</span> <span class='ocrx_word' id='word_1_346' title='bbox 1786 3179 1878 3220; x_wconf 78' lang='lat' dir='ltr'>eius</span> 
     </span>
     <span class='ocr_line' id='line_1_37' title="bbox 174 3258 1876 3320; baseline 0.002 -21"><span class='ocrx_word' id='word_1_347' title='bbox 174 3258 297 3301; x_wconf 87' lang='lat' dir='ltr'>inest.</span> <span class='ocrx_word' id='word_1_348' title='bbox 359 3258 520 3301; x_wconf 87' lang='lat' dir='ltr'>Debuit</span> <span class='ocrx_word' id='word_1_349' title='bbox 561 3259 694 3315; x_wconf 80' lang='lat' dir='ltr'>igitur</span> <span class='ocrx_word' id='word_1_350' title='bbox 740 3261 869 3304; x_wconf 87' lang='lat' dir='ltr'>etiam</span> <span class='ocrx_word' id='word_1_351' title='bbox 915 3264 1126 3320; x_wconf 84' lang='lat' dir='ltr'>propositi</span> <span class='ocrx_word' id='word_1_352' title='bbox 1166 3264 1365 3307; x_wconf 85' lang='lat' dir='ltr'>carminis</span> <span class='ocrx_word' id='word_1_353' title='bbox 1408 3265 1519 3306; x_wconf 86' lang='lat' dir='ltr'>ratio</span> <span class='ocrx_word' id='word_1_354' title='bbox 1553 3262 1635 3306; x_wconf 80' lang='lat' dir='ltr'>huc</span> <span class='ocrx_word' id='word_1_355' title='bbox 1669 3264 1876 3312; x_wconf 83' lang='lat' dir='ltr'>revocari,</span> 
     </span>
     <span class='ocr_line' id='line_1_38' title="bbox 175 3341 1877 3406; baseline 0.002 -23"><span class='ocrx_word' id='word_1_356' title='bbox 175 3341 303 3396; x_wconf 87' lang='lat' dir='ltr'>idque</span> <span class='ocrx_word' id='word_1_357' title='bbox 331 3341 635 3387; x_wconf 85' lang='lat' dir='ltr'>iucundissime</span> <span class='ocrx_word' id='word_1_358' title='bbox 665 3342 840 3388; x_wconf 79' lang='lat' dir='ltr'>sactum.</span> <span class='ocrx_word' id='word_1_359' title='bbox 903 3345 1014 3392; x_wconf 90' lang='lat' dir='ltr'>Cum</span> <span class='ocrx_word' id='word_1_360' title='bbox 1046 3348 1155 3392; x_wconf 89' lang='lat' dir='ltr'>enim</span> <span class='ocrx_word' id='word_1_361' title='bbox 1182 3354 1328 3406; x_wconf 86' lang='lat' dir='ltr'>poeta,</span> <span class='ocrx_word' id='word_1_362' title='bbox 1358 3349 1432 3404; x_wconf 86' lang='lat' dir='ltr'>qui</span> <span class='ocrx_word' id='word_1_363' title='bbox 1465 3348 1592 3392; x_wconf 85' lang='lat' dir='ltr'>modo</span> <span class='ocrx_word' id='word_1_364' title='bbox 1626 3347 1877 3402; x_wconf 77' lang='lat' dir='ltr'>magistrum</span> 
     </span>
    </p>
   </div>
  </div>
 </body>
</html>
