2158 3750
337 299 403 347 34
731 287 1085 344 COMMENT
1094 287 1196 339 AR.
1233 288 1307 339 IN
1346 286 1631 340 TIBULLI

334 445 428 495 pet
460 438 637 488 victa,
680 434 718 476 h.
750 447 788 476 e.
825 432 967 476 vincat
996 435 1042 475 et
1077 436 1289 487 occupet,
1330 445 1366 472 s.
1398 431 1525 485 plane
1555 429 1767 484 depr-Imat
1803 433 1847 471 et
1877 440 2034 471 conso-

335 522 438 576 piat.
502 521 705 560 Ceterum
740 515 850 558 bene
891 508 1112 557 confertur
1146 515 1382 557 Pnomm.
1415 511 1495 565 111,
1528 514 1601 564 15,
1634 514 1718 554 42:
1764 510 1921 569 Atque
1951 509 2033 552 hoc

335 602 578 645 sollicitum
607 598 731 641 vinee
762 611 916 654 sopore
944 603 1098 653 caput.
1160 597 1256 639 Su..
1290 597 1415 638 l‘rAL.
1449 594 1548 647 vn,
1578 596 1692 636 204:
1732 595 1886 635 Donec
1915 607 2033 634 com—-

329 680 483 739 posuit
526 677 757 720 lactantia
802 675 974 718 lumina
1016 690 1208 718 somnus.
1280 675 1382 717 Noli
1421 675 1554 728 igitur
1595 673 1698 714 vino
1735 671 1940 728 supplere
1978 670 2034 712 ad

332 763 480 815 victa,
509 762 582 804 ubi
615 761 792 816 propior
821 772 907 802 vox
937 773 1096 814 sopor5
1141 771 1193 801 ac
1218 757 1338 800 nihili
1370 762 1436 799 est
1462 755 1567 799 hoca
1595 761 1645 797 ut
1675 756 1859 810 primum
1891 755 2034 797 vinum

333 848 500 898 vincat,
550 843 708 887 deinde
747 855 922 885 somnus
964 846 1163 898 occupet.
1193 863 1251 874 —
1301 840 1459 882 sessi.
1523 840 1714 883 Vossms
1754 839 1922 882 ieiune:
1961 839 2035 893 qui
2072 849 2076 851 ’

333 929 406 971 diu
445 941 596 971 somno
640 926 778 968 caruit
821 924 923 979 (der
957 923 1257 978 Verwachte).
1322 923 1475 965 Potius
1506 935 1682 964 sensus:
1722 927 1772 964 ut
1813 921 1952 964 fessus
1993 922 2035 964 in

331 1024 528 1055 somnum
557 1008 756 1051 incidam.
819 1007 894 1049 Sic
924 1005 1027 1047 vino
1058 1005 1343 1061 supplendum
1377 1019 1475 1048 cum
1505 1005 1721 1058 Hunno,
1752 1017 1839 1047 non
1870 1003 2034 1046 dolori-

332 1094 414 1137 bus
445 1107 543 1137 cum
573 1093 964 1135 Wnnnmmcmo.
1033 1087 1292 1142 Conspirant
1333 1088 1447 1129 enim
1489 1087 1621 1130 verba
1657 1093 1864 1142 occupet,
1900 1085 2037 1144 fessi,

328 1177 453 1219 victa
482 1177 537 1219 ad
567 1175 748 1217 eandem
779 1174 1049 1215 sententiam.
1111 1173 1176 1214 Ac
1206 1173 1404 1213 consulto
1437 1172 1679 1213 cumuiatur
1709 1173 1848 1214 oratio
1878 1172 1922 1214 iu
1955 1171 2036 1214 hoc

330 1263 503 1304 affectu.
547 1283 606 1292 —
659 1259 712 1301 V.
743 1261 770 1298 3
804 1271 868 1311 sq.
913 1257 1084 1298 multo
1134 1254 1437 1310 perfusum
1485 1259 1745 1309 tempora
1791 1252 2034 1296 Baccho.

329 1345 519 1388 Locutio
541 1341 850 1397 metaphorica.
912 1338 1129 1393 Tempora
1155 1342 1331 1392 gravata
1356 1337 1577 1390 sentimus,
1610 1336 1683 1378 ubi
1706 1349 1882 1379 somnus
1906 1336 2034 1378 venit.

330 1427 458 1470 Nunc
487 1424 686 1482 perfusus
721 1429 916 1478 tempora
956 1421 1055 1462 vino
1086 1425 1154 1462 est
1189 1420 1261 1474 qui
1293 1420 1332 1461 vi
1369 1420 1452 1462 vini
1492 1420 1618 1476 plane
1649 1425 1777 1475 capta
1807 1424 1852 1462 et
1881 1419 2035 1462 obruta

330 1508 459 1552 habet
491 1514 715 1563 tempora,
745 1511 792 1548 ut
823 1507 1013 1561 graviter
1043 1505 1239 1548 dormiat.
1317 1507 1374 1546 At
1407 1504 1515 1546 infra
1546 1504 1580 1557 1,
1613 1508 1657 1555 7,
1690 1507 1770 1546 15:
1817 1510 1862 1544 et
1895 1502 2036 1544 multo

330 1598 529 1647 tempora
551 1589 702 1648 fimde
730 1604 845 1630 mero
879 1593 968 1631 est:
998 1590 1212 1630 incalesce
1243 1588 1342 1630 vino
1375 1593 1419 1630 et
1451 1586 1641 1629 exhilara
1675 1591 1720 1629 te
1751 1586 1958 1640 festivius,
1987 1593 2035 1631 ut

329 1676 511 1717 Horum.
548 1674 632 1716 Od.
664 1673 699 1726 Ι,
730 1678 772 1726 7,
804 1676 888 1714 22:
924 1667 1024 1712 ‘uda
1059 1675 1209 1726 Lyaeo
1243 1678 1441 1726 tempora
1475 1675 1574 1712 sunt
1605 1670 1768 1723 calida,
1799 1669 2035 1714 exhilarata

327 1759 440 1800 vino.
503 1757 614 1799 Nam
647 1761 690 1798 et
723 1754 933 1798 exhilarat
962 1755 1107 1797 vinum
1136 1762 1179 1797 et
1212 1755 1357 1810 paullo
1388 1755 1551 1808 largius
1578 1760 1796 1808 sumptum
1823 1754 2033 1811 consopit.

329 1841 534 1883 Ceterum
564 1839 808 1882 notissimas
837 1836 976 1891 quivis
1006 1837 1089 1879 scit
1121 1836 1386 1878 locutiones:
1419 1835 1521 1877 vino
1549 1835 1738 1881 madere,
1775 1835 1940 1894 tingui,
1969 1837 2036 1879 ir-

328 1922 529 1979 rigatum
559 1935 679 1973 esse,
714 1919 922 1976 proluere
955 1933 1025 1966 se,
1057 1921 1322 1976 βρέχεσθαι,
1352 1912 1702 1976 ύποβεβρέχθαι,
1735 1922 2036 1973 βεβαπτίσθαι

328 2007 448 2058 οϊνῳ,
492 2004 589 2046 vide
631 2003 799 2046 JoANN.
847 2003 1062 2044 Lrvmnsr
1104 2006 1230 2044 notas
1276 2007 1322 2043 et
1361 2002 1543 2044 Hmfflu
1587 2002 1863 2056 observant„
1904 2016 2036 2060 porro

325 2087 657 2130 Hssmswmums.
706 2085 761 2127 ad
804 2085 984 2126 Lucian.
1029 2083 1140 2125 Dial.
1188 2083 1321 2125 Deor.
1366 2083 1544 2136 XXIII,
1596 2083 1772 2139 Bipont.
1811 2084 1938 2128 Tom.
1977 2085 2034 2139 II,

324 2187 366 2227 p.
392 2174 495 2213 324.
531 2175 575 2212 et
606 2168 781 2211 laudata
811 2167 865 2209 ab
898 2166 1200 2208 Hmnnonmo
1235 2165 1291 2207 ad
1322 2165 1476 2208 Horat.
1506 2165 1601 2208 Sat.
1630 2165 1688 2218 ll,
1722 2168 1763 2219 1,
1789 2169 1830 2209 9.
1864 2181 1904 2222 p.
1927 2170 2031 2210 233.

324 2253 448 2297 Adde
483 2252 730 2307 specialiter
758 2251 812 2292 de
846 2251 1064 2292 locutione
1084 2250 1196 2292 ,vino
1227 2249 1403 2290 madere
1442 2251 1785 2293 Wunmxnmcn.
1817 2250 1872 2294 ad
1901 2251 1959 2305 11,
1994 2256 2033 2303 1,

322 2339 397 2387 29,
425 2334 522 2377 infr.
586 2335 781 2388 Denique
815 2334 869 2376 de
910 2347 1067 2386 magna
1103 2335 1314 2376 ebrietate
1355 2347 1481 2377 usum
1525 2334 1683 2377 habent
1721 2332 1851 2378 haece
1893 2334 2034 2378 ictum

323 2428 486 2476 caput,
520 2433 688 2478 quassa
719 2427 918 2476 tempora
952 2419 1077 2464 vino,
1124 2420 1398 2461 διασείεσθαι
1428 2415 1533 2466 τούς
1565 2414 1808 2476 κροτάφους
1837 2414 1921 2462 ὖπδ
1953 2422 2034 2463 τοῦ

322 2497 542 2558 α’κράτου,
574 2505 796 2543 σεσεῖσθαι
823 2504 969 2558 μέθῃ,
1002 2502 1413 2557 συγκεραυνωθῆναι
1445 2503 1543 2557 οἴνῳ
1575 2505 1756 2559 φρένας,
1786 2499 2033 2552 ἀμπελίνοις

321 2582 460 2633 τόξοις
490 2586 708 2641 δαμῆναι,
741 2586 796 2628 de
829 2586 986 2639 quibus
1017 2586 1088 2628 adi
1125 2586 1285 2629 Hm‘n.
1318 2586 1358 2627 in
1393 2586 1644 2630 Observatt.
1676 2591 1721 2628 et
1752 2585 1945 2629 Lunam„
1975 2586 2031 2629 nd

321 2667 564 2712 Archiloch.
597 2683 639 2724 p.
674 2672 774 2711 122.
818 2669 887 2711 ed.
918 2683 1005 2713 sec.
1070 2670 1194 2712 Adde
1238 2683 1316 2711 nos
1357 2669 1412 2711 ad
1455 2670 1592 2712 Pmn.
1637 2669 1809 2723 Fragm.
1852 2668 1892 2724 ρ’.
1927 2673 2028 2713 671.

319 2750 464 2793 Etiam
501 2749 581 2793 hoc
621 2752 718 2792 Ioco
759 2753 800 2793 in
833 2746 1094 2805 quibusdam*
1123 2755 1192 2792 est
1226 2764 1498 2804 percussae,
1542 2749 1620 2792 sed
1650 2750 1922 2794 incommoda
1961 2757 2030 2795 ent

317 2835 548 2878 violentiae
572 2835 708 2887 notio,
737 2834 834 2876 aliis
852 2845 1024 2887 quoque
1046 2831 1322 2884 notantibus3
1351 2845 1435 2874 non
1464 2833 1654 2888 postulat
1677 2837 1726 2874 ut
1750 2833 2042 2888 percutiatur,-

317 2925 365 2960 ut
393 2920 526 2961 ictum
556 2917 803 2960 sauciumve
834 2928 954 2958 mero
980 2919 1110 2970 caput
1141 2914 1311 2967 habeat,
1343 2916 1418 2958 sed
1445 2917 1582 2958 lenius
1605 2917 1782 2959 verbum
1811 2918 2030 2972 praeferre

317 3003 468 3046 debuit
500 3003 700 3056 idemque
732 3003 917 3043 maxime
942 3002 1314 3043 accommodatum
1350 3002 1588 3056 profundae
1618 3003 1777 3056 quietis
1807 3004 2042 3058 significa--

315 3086 436 3137 tioni‚
468 3099 553 3139 qua
582 3097 768 3127 mersum
800 3083 920 3138 cupit
951 3083 1150 3124 animum.
1177 3106 1235 3113 ——
1268 3085 1622 3138 requiescit,
1651 3085 1855 3128 cirrum.
1886 3086 1943 3140 11,
1973 3090 2025 3129 ὃς

316 3183 413 3208 cam
444 3167 600 3225 gravis
643 3166 900 3224 acquiescit*
929 3167 1086 3212 ardor,
1137 3174 1413 3223 comparante
1445 3169 1638 3210 sna-10.
1699 3169 1766 3211 De
1795 3168 2026 3211 indicativo

314 3253 578 3308 praesentis,
616 3252 688 3305 qui
720 3257 838 3293 recte
869 3251 912 3292 in
943 3252 1159 3306 plerisque
1191 3253 1388 3294 omnibus
1421 3253 1540 3294 libris
1571 3257 1639 3295 est
1667 3266 1730 3307 pr.
1762 3253 2039 3310 requiescas

311 3334 409 3375 vide
442 3334 711 3375 Hssmnomv.
744 3333 798 3374 ad
834 3333 986 3374 Horat.
1019 3334 1111 3375 Sat.
1146 3335 1177 3385 I,
1212 3338 1255 3386 5,
1289 3337 1361 3376 72.
1393 3335 1491 3376 coil.
1528 3340 1676 3378 annot.
1709 3341 1844 3377 nostr.
1879 3335 1932 3376 ad
1967 3335 2023 3387 n,

312 3419 355 3467 3,
380 3419 421 3458 8.
486 3416 688 3458 Ceterum
722 3424 904 3458 conatur
935 3418 1106 3471 quidem
1141 3425 1269 3473 poeta
1300 3420 1529 3474 consopire
1560 3419 1788 3472 affectum,
1823 3419 2020 3461 sedrsru-

2135 783 2158 961 >aits-:imm
