2158 3750
671 212 853 262 LIBR.
889 214 955 261 ll.
1029 211 1227 263 ELEG.
1267 212 1357 262 ΙΙΙ.
1756 218 1857 265 247

152 358 245 406 tor,
292 355 335 397 iu
366 356 522 410 quibus
551 368 655 399 oves
686 362 930 412 pascantur.
995 359 1137 411 Atque
1169 358 1228 399 ita
1260 356 1477 399 transtulit
1507 357 1700 401 Vossuss
1733 361 1849 400 Ger—

147 437 340 491 ωἱηίοθ,
379 439 421 482 iu
461 444 585 482 textu
623 445 767 483 autem
796 439 962 496 posuit:
1005 445 1059 479 ut
1088 437 1207 479 mille
1236 438 1468 480 innumera
1498 438 1658 497 iugera
1682 448 1851 495 pascat

148 536 248 567 ove,
289 535 401 577 quae
441 536 553 567 nunc
587 523 707 566 vides
736 525 842 566 satis
873 523 1041 566 diversa
1073 536 1182 566 esse.
1247 524 1452 565 Ceterum
1485 522 1539 565 de
1570 523 1714 565 ovium
1745 536 1852 577 gre-

145 604 274 658 gibus
305 607 347 647 in
378 605 612 647 latifundiis
634 606 843 648 Romanis
863 603 1015 653 contet
1042 605 1174 646 etiam
1199 605 1382 648 Honxr.
1403 604 1483 658 ΙΙΙ,
1511 609 1579 659 16,
1595 609 1671 650 35.
1692 608 1765 648 36.
1793 629 1852 637 —

145 688 198 730 V.
231 691 305 730 43.
335 691 407 731 44.
468 689 608 731 Simul
646 687 799 731 domos
843 699 1021 741 magnas
1064 687 1108 728 in
1150 687 1258 728 urbe
1302 691 1543 730 exstruunt.
1605 688 1850 730 Prouomen

146 772 245 814 Cui
295 785 474 815 nervose
517 772 690 827 copulat
732 769 947 820 membra,
992 774 1037 811 et
1080 770 1227 825 inepte
1271 772 1462 814 Vossms
1508 773 1693 815 coniecit
1724 773 1846 830 quin.

148 856 235 898 Ubi
266 855 380 897 enim
410 853 573 908 aliquid
606 853 738 895 simul
769 857 837 894 est
868 857 942 894 aut
973 852 1036 903 fit,
1066 853 1158 894 sive
1188 865 1401 907 personae
1433 854 1544 897 duae
1575 855 1730 908 adsint,
1760 857 1848 899 sive

142 952 215 982 res
257 939 368 981 duae
407 937 463 980 de
504 936 656 979 eadem
699 947 886 991 persona
929 933 1152 987 dicantur,
1199 935 1335 977 utitur
1375 936 1518 991 poesis
1561 939 1733 993 saepius
1771 937 1849 980 bac

141 1021 354 1073 iunctura,
385 1032 441 1062 ne
474 1019 713 1075 particulae
745 1017 895 1064 simul,
928 1026 1067 1076 atque
1097 1018 1246 1065 etiam,
1275 1020 1435 1062 similes
1465 1020 1747 1064 adhibeantur
1775 1028 1850 1064 aut

140 1118 275 1146 casus
305 1103 526 1150 absoluti,
571 1117 684 1159 quae
724 1116 886 1158 genera
921 1104 1146 1146 iuncturae
1179 1105 1220 1145 in
1255 1106 1376 1160 poesi
1410 1105 1502 1147 fere
1539 1107 1637 1149 laxa
1669 1113 1769 1150 sunt
1803 1114 1847 1150 et

138 1189 305 1241 ieiuna3
348 1201 489 1242 neque
521 1189 634 1231 enim
666 1201 814 1231 omnes
856 1188 1180 1243 copulationes,
1223 1201 1329 1243 quas
1373 1202 1500 1244 prosa
1531 1191 1669 1232 oratio
1702 1190 1845 1242 babet,

139 1274 270 1317 etiam
302 1273 345 1315 in
375 1273 500 1329 poesi
527 1277 629 1316 sunt
658 1272 824 1325 bonae,
873 1278 918 1315 et
959 1275 997 1315 si
1039 1272 1294 1327 quibusdam
1335 1273 1377 1315 in
1409 1274 1515 1315 locis
1545 1273 1712 1315 admitti
1743 1286 1844 1328 pos-

136 1365 258 1413 sunt,
294 1359 525 1416 displicent
551 1360 595 1402 in
624 1359 721 1402 aliis
752 1360 913 1401 multis.
977 1359 1034 1399 At
1065 1370 1303 1412 pronomen
1335 1359 1559 1400 relativum
1593 1363 1844 1412 usurpatum

135 1443 235 1486 vide
264 1456 397 1500 supra
426 1443 483 1496 ΙΙ,
516 1445 558 1496 1,
586 1446 660 1486 78.
720 1443 862 1486 Porro
893 1442 1084 1485 Vrec-11..
1113 1443 1223 1485 Aen.
1256 1442 1332 1494 lv,
1367 1445 1465 1483 138.
1499 1441 1600 1493 XII,
1630 1444 1701 1484 65.
1734 1453 1843 1495 quos

135 1526 256 1569 locos
286 1525 433 1567 laudat
466 1525 735 1567 Huscnxms
765 1523 820 1566 ad
850 1523 885 1578 1,
917 1527 960 1578 6,
992 1526 1064 1567 40.
1110 1529 1301 1566 ceterum
1345 1523 1511 1565 diversa
1554 1525 1750 1565 miscens.
1786 1547 1841 1554 --

134 1607 282 1663 lapis
324 1613 624 1660 externuS,
678 1619 866 1649 marmor
908 1606 1213 1662 peregrinum,
1278 1607 1405 1660 quale
1448 1606 1742 1659 Synnadicum
1787 1621 1842 1649 ex

133 1689 341 1745 Phrygia,
370 1689 644 1742 Hymettium
676 1702 732 1731 ex
764 1689 924 1742 Attica,
954 1687 1217 1732 TaenarIum
1251 1703 1275 1731 e
1306 1690 1668 1741 Lacedaemonia,
1702 1690 1842 1744 Cary-

131 1773 260 1815 atium
286 1785 342 1814 ex
363 1771 558 1824 Euboea,
588 1769 864 1813 Numidicum
886 1783 942 1814 ex
963 1771 1125 1824 Africa,
1154 1771 1252 1824 alia,
1283 1770 1338 1813 cf.
1364 1771 1474 1813 infra
1495 1771 1575 1823 111,
1600 1774 1642 1824 3,
1673 1774 1741 1813 13.
1769 1774 1838 1813 14.

130 1859 270 1902 Pmu.
299 1857 416 1901 Hist.
447 1857 504 1899 N.
535 1855 743 1909 XXXVI,
772 1859 803 1897 2
825 1869 919 1911 sqq.
951 1859 981 1898 7
1001 1868 1094 1910 sqq.
1128 1855 1309 1897 HoRA‘r.
1343 1854 1400 1907 Π,
1434 1858 1504 1907 18,
1528 1858 1570 1896 3.
1603 1858 1644 1896 4.
1707 1855 1839 1896 Plura

132 1943 187 1986 de
226 1942 510 1986 marmoribus
551 1942 724 1984 Romae
763 1941 982 1997 usurpatis
1021 1940 1119 1982 vide
1161 1941 1213 1982 in'
1235 1938 1544 1995 Descriptione
1574 1940 1838 1980 Germanica

129 2023 253 2066 urbis
282 2026 450 2065 Romae
491 2037 522 2064 a
562 2023 847 2076 Parmeno,
887 2022 1160 2074 Bmvsamo,
1206 2022 1500 2074 Genuum,
1539 2022 1838 2064 Rosss'rnnmo

129 2108 246 2153 edita
283 2108 339 2152 T.
370 2108 405 2162 Ι,
447 2123 489 2164 p.
522 2111 611 2151 335
642 2121 739 2162 sqq.
770 2131 831 2140 -
882 2107 1165 2161 urbisque
1209 2108 1504 2150 tumultus.
1569 2108 1644 2150 Sic
1687 2107 1837 2163 optimi

52 2211 56 2214 ·
127 2191 226 2234 libri
254 2203 319 2247 pr.
347 2188 547 2248 urbique.
607 2191 840 2242 Ponatur,
883 2191 968 2242 ait,
1011 2201 1198 2231 marmor
1227 2202 1304 2244 per
1332 2190 1451 2232 vicos
1483 2194 1624 2232 terror
1652 2188 1772 2231 urbis
1803 2203 1836 2231 s.

127 2279 337 2318 terrorem
372 2273 564 2316 iniiciens
593 2271 784 2325 civibus,
833 2283 888 2313 ne
919 2271 1250 2313 intrementibus
1281 2272 1384 2313 vicis
1417 2271 1549 2314 aedes
1580 2273 1661 2314 sibi
1698 2278 1834 2315 ruant.

128 2359 205 2401 Sic
234 2362 354 2400 recte
385 2356 763 2405 Foacssnmmus,
811 2365 941 2408 quem
982 2353 1177 2407 sequitur
1208 2353 1626 2396 Wuunssnmcnms.
1689 2354 1835 2408 Vulgo

127 2439 269 2482 minus
307 2438 419 2480 bene
456 2436 687 2479 tumultum
722 2434 968 2488 intelligunt
1005 2435 1235 2490 strepitum
1267 2435 1564 2479 aedificIOrum
1597 2449 1835 2480 concusso-

126 2534 223 2564 rum
245 2520 346 2563 dum
366 2520 590 2563 columnae
613 2516 1001 2560 transveherentur.
1047 2516 1184 2571 (Nam
1207 2517 1490 2572 columna,
1522 2523 1570 2562 ut
1594 2521 1687 2576 ipse
1714 2520 1833 2563 vides

126 2607 172 2646 et
201 2604 406 2647 Vumus
436 2601 626 2654 notavit,
657 2605 724 2643 est
755 2614 820 2656 pr.
853 2601 1106 2654 columna'e3
1149 2607 1266 2645 errat
1298 2616 1400 2646 vero
1433 2603 1652 2646 Hermus
1686 2603 1832 2647 dicens

123 2685 253 2727 etiam
277 2683 395 2724 mille
418 2696 515 2726 cum
546 2680 752 2724 columna
775 2695 802 2724 a
828 2683 1006 2725 Vum’ro
1034 2684 1266 2739 iunctum.)
1300 2686 1460 2728 mille
1491 2687 1669 2741 ingle,
1701 2686 1832 2745 longo

123 2766 428 2811 vehiculorum
457 2764 609 2808 ordine
651 2767 824 2809 Sanno.
856 2765 998 2822 Epist.
1035 2771 1108 2810 90.
1169 2769 1403 2812 Praeterea
1436 2769 1490 2812 de
1522 2774 1614 2812 tota
1646 2782 1694 2812 re
1727 2782 1832 2812 con-

124 2849 262 2893 fertur
291 2849 556 2892 MAB‘rlALls
587 2849 644 2902 V,
671 2850 757 2890 222
807 2846 983 2905 Vixque
1025 2847 1165 2891 datur
1205 2849 1363 2908 longas
1406 2851 1626 2892 mulorum
1660 2850 1833 2892 vincere

123 2932 351 2980 mandras,
380 2933 593 2991 Quaeque
624 2929 750 2974 trahi
781 2930 924 2972 multo
950 2946 1176 2975 marmora
1196 2933 1319 2992 fune
1346 2933 1485 2976 vides·
1520 2937 1657 2978 PmN.
1690 2934 1833 2977 Pane-

125 3030 222 3073 gyr.
252 3019 340 3060 512
387 3016 553 3074 Itaque
596 3029 685 3056 non
728 3022 782 3056 ut
821 3022 929 3057 ante
969 3015 1227 3059 immanium
1259 3017 1589 3060 transvectione
1620 3030 1831 3058 saxorum

124 3100 246 3144 urbis
277 3108 398 3143 tecta
430 3099 734 3159 quatiuntur5
777 3107 907 3142 stant
939 3115 1122 3143 securae
1155 3101 1324 3144 domus.
1402 3101 1652 3144 Memineris
1684 3104 1827 3143 autem

125 3198 401 3242 permagnam
431 3185 563 3227 fuisse
596 3182 868 3228 altitudinem
898 3184 1191 3229 aedificiorum
1222 3187 1419 3239 Romae,
1458 3185 1572 3229 unde
1604 3186 1832 3241 aliquoties

125 3267 314 3312 cohibita
353 3269 435 3312 fuit
473 3269 528 3310 ab
561 3266 920 3323 imperatoribus,
966 3273 1015 3311 ut
1046 3273 1190 3311 tamen
1224 3269 1354 3311 etiam
1385 3270 1447 3311 sic
1478 3273 1720 3311 nostrarum
1751 3267 1831 3309 do-

125 3365 270 3397 muum
303 3353 476 3397 modum
510 3351 689 3395 multum
721 3356 960 3407 superaret.
1025 3353 1168 3408 Atque
1192 3354 1412 3408 Augustus
1439 3351 1572 3407 pedes
1598 3356 1655 3394 70
1682 3351 1833 3393 tollere
