2158 3750
726 252 908 304 LIBR.
946 254 988 304 Ι.
1061 253 1263 305 ELEG.
1302 255 1368 305 ΙΙ.
1827 260 1888 304 51

109 424 114 430 .
188 407 316 448 quam
362 394 645 438 constantiam
688 398 848 440 amoris
891 396 995 439 sui?
1059 398 1202 451 Atque
1234 397 1294 439 ita
1324 397 1456 452 vulgo
1487 397 1791 441 intellexerunt
1821 399 1888 441 in·—

186 481 413 531 terpretes.
487 475 628 519 Video
658 482 801 519 tamen
833 477 1036 520 Vossrtm
1067 478 1204 520 minas
1235 479 1377 534 potius
1405 479 1589 533 inferre,
1635 480 1885 524 relicturum

185 563 357 613 poetam
388 558 556 601 Deliam
586 558 668 601 nisi
695 571 861 602 morem
899 563 1050 613 gerat3
1093 572 1222 614 posse
1253 561 1367 603 enim
1396 563 1481 605 alio
1510 566 1707 618 tempore
1737 564 1885 619 perfici

185 653 277 683 rem
306 653 333 683 a
369 647 474 696 saga
503 646 594 684 tum
624 642 853 698 inceptam.
929 642 1021 684 Sed
1053 655 1134 685 nec
1164 657 1263 686 cum
1293 646 1458 700 reliqua
1488 648 1654 689 ratione
1683 648 1884 691 carniinIs

183 722 296 766 bene
322 723 579 766 conveniunt
606 720 775 776 minae,
806 723 851 765 in
882 736 971 778 ,quo
1000 736 1089 770 non
1117 732 1348 769 accusatur
1377 729 1555 783 perfidia
1585 730 1763 785 Deliae,
1799 743 1882 775 nec

182 805 313 847 verba
354 809 403 846 ut
441 810 543 848 sunt
581 802 694 847 hunc
734 815 908 854 sensum
948 802 1135 857 habent3
1177 806 1377 850 Tibullus
1407 810 1523 852 clare
1555 811 1659 859 dicit
1687 826 1736 855 se
1764 813 1882 856 nolle

180 888 353 931 omnino
383 899 532 936 carere
561 887 863 944 posse-Delia,
888 887 1044 943 quibus
1070 888 1252 931 credere
1281 889 1502 935 debemus.
1562 894 1628 935 Ac
1653 894 1880 938 manifesto

177 977 295 1015 errat
323 973 517 1017 Vossms
544 962 793 1028 explicans&
814 980 917 1017 :nec
961 975 1087 1017 velim
1129 978 1175 1017 te
1215 988 1315 1019 meo
1355 990 1502 1019 amore
1545 991 1694 1022 carere
1734 994 1877 1036 posse,

177 1057 294 1112 quod
324 1059 451 1114 plane
481 1071 566 1102 non
595 1057 766 1103 dicitur.
791 1047 798 1052 ⁸
825 1059 1064 1115 Perspecta
1095 1061 1230 1115 igitur
1258 1075 1361 1104 vera
1387 1067 1534 1106 mente
1557 1069 1726 1119 poetae,
1758 1079 1877 1109 nunc

176 1143 309 1185 etiam
337 1143 443 1186 illud
474 1148 701 1200 praeterea
729 1144 919 1198 senties,
961 1143 1081 1188 nullo
1111 1144 1242 1188 modo
1274 1143 1342 1188 hic
1372 1146 1501 1189 finem
1535 1159 1631 1190 esse
1662 1149 1877 1194 carminis.

174 1222 331 1279 Neque
361 1227 475 1268 enim
505 1227 580 1281 qui
607 1226 746 1272 modo·
768 1239 893 1270 orsus
923 1233 991 1271 est
1021 1228 1076 1271 de
1107 1241 1256 1271 amore
1287 1228 1460 1284 dicere,
1503 1232 1649 1275 statim
1679 1232 1878 1277 desinere

174 1305 305 1350 debet
335 1312 381 1350 et
409 1313 499 1352 tam
529 1309 718 1352 breviter
745 1308 924 1364 defungi
952 1312 1206 1365 gravissima
1237 1325 1309 1366 re,
1354 1318 1402 1356 ut
1432 1313 1540 1357 vidit
1570 1316 1700 1359 etiam
1730 1317 1879 1360 Wun-

174 1403 483 1443 nnnmcmm,
530 1406 612 1436 nec
641 1395 716 1448 qui
757 1393 814 1436 ad
857 1395 1001 1437 exitus
1039 1396 1275 1438 carminum
1316 1397 1616 1452 attenderunt,
1665 1398 1878 1443 distichon

173 1475 290 1529 quod
321 1477 506 1530 legimus
533 1478 730 1522 ultimum
751 1479 1068 1534 pro-legitimo
1110 1480 1285 1535 poetico
1322 1481 1407 1522 fine
1445 1482 1612 1535 elegiae
1642 1481 1876 1526 habebunt.

174 1559 299 1604 Quae
327 1571 399 1602 res
427 1560 1049 1616 tam.aperta.·e=ts,utz·mirer
1078 1576 1267 1618 unquam
1297 1564 1424 1607 aliter
1452 1565 1605 1609 visum.
1626 1586 1687 1596 --
1719 1565 1771 1609 V.
1801 1568 1876 1608 67.

172 1642 550 1690 Ferreufflie
576 1644 689 1688 §uit
718 1659 821 1702 sqq.
873 1646 1188 1701 Constantiam,
1217 1647 1360 1701 fidem,
1391 1647 1729 1702 magnitudinem
1751 1661 1875 1691 amo-

171 1729 233 1770 ris
261 1729 328 1771 sui
356 1709 628 1784 poeta'riunc
666 1731 844 1774 uberius
871 1732 1089 1785 illustrat,
1136 1732 1318 1776 amatori
1357 1731 1531 1775 cuidam
1573 1733 1753 1787 Deliae,
1797 1733 1873 1788 qui

173 1823 269 1853 eam
297 1811 718 1868 nuper-deseruerat
745 1815 791 1856 in
821 1815 982 1858 bellum
995 1814 1261 1870 profectus,
1302 1827 1400 1857 sese
1431 1828 1656 1872 opponens
1685 1828 1876 1871 suosque

170 1905 336 1938 sensuS.
396 1894 634 1950 Postquam
659 1896 795 1950 igitur
819 1895 928 1938 dixit
958 1900 1007 1937 ut
1035 1895 1243 1938 vidimus:
1273 1896 1413 1938 restiti
1445 1897 1721 1940 exstinctioni
1749 1910 1876 1941 amo-

168 1979 229 2022 εἰς
258 1991 284 2020 a
312 1991 420 2033 saga
448 1980 711 2034 promissae,
741 1993 823 2022 nec
853 1981 979 2022 velim
1011 1985 1056 2022 te
1083 1993 1233 2023 carere
1263 1993 1417 2036 posse,
1449 1979 1674 2023 commode
1705 1980 1872 2037 pergit:

167 2076 294 2117 „nam
325 2063 400 2117 qui
430 2075 569 2119 nuper
596 2067 642 2106 te
672 2063 847 2118 reliquit
877 2063 1043 2118 gloriae
1072 2067 1115 2106 et
1146 2062 1334 2118 praedae
1365 2062 1562 2106 militaris
1593 2076 1745 2116 causa,
1781 2063 1873 2107 fer-

167 2161 268 2191 reus
312 2147 396 2190 suit
434 2161 517 2191 nec
555 2152 699 2191 tactus
739 2161 870 2190 sensu
913 2161 1018 2191 vero
1064 2147 1252 2200 amoris;
1298 2160 1383 2201 ego
1426 2151 1573 2190 autem
1617 2151 1706 2190 tam
1747 2147 1874 2191 firmo

168 2246 316 2276 amore
346 2237 390 2275 te
419 2245 533 2286 amo,
561 2236 613 2274 ut
640 2233 710 2275 vel
742 2237 1045 2289 paupertatem
1075 2233 1216 2274 laetus
1248 2233 1509 2274 toleraturus
1540 2233 1634 2285 sim,
1675 2232 1710 2274 si
1742 2232 1872 2274 modo

168 2320 312 2358 tecum
342 2315 488 2358 vivere
515 2314 695 2358 liceat.“.
748 2315 899 2363 Quare
928 2314 1069 2356 nullus
1101 2312 1168 2356 hic
1198 2312 1337 2356 hiatus
1369 2311 1715 2368 deprehenditur.
1776 2312 1873 2355 Nec

170 2397 244 2440 ubi
272 2409 344 2442 res
371 2403 461 2440 tam
494 2397 605 2440 bene
637 2395 895 2450 cohaerent,
925 2396 1161 2452 particulas
1191 2395 1398 2438 transitus
1429 2395 1590 2438 arctius
1617 2395 1873 2450 copulantes

170 2479 462 2534 desiderabis,
507 2481 664 2536 quibus
704 2480 843 2524 fracta
883 2485 1000 2524 esset
1038 2481 1104 2524 vis
1144 2480 1364 2524 orationis.
1444 2479 1701 2521 Desinamus
1738 2478 1873 2533 igitur

168 2562 375 2605 divellene
416 2574 529 2617 quae
567 2563 695 2606 unius
735 2562 938 2606 meminis
981 2567 1110 2615 sunt3
1158 2574 1315 2604 novum
1345 2574 1518 2604 carmen
1550 2561 1665 2616 quod
1696 2562 1873 2616 fingitur

167 2647 330 2688 nullum
361 2650 452 2699 est,
493 2658 575 2689 nec
603 2645 798 2702 postulat
828 2645 961 2688 talem
991 2644 1250 2687 sententiam
1279 2644 1350 2687 vel
1380 2644 1660 2699 principium,
1700 2643 1755 2686 de
1786 2656 1875 2698 quo

166 2730 502 2786 disputavimus,
543 2730 613 2772 vel
649 2732 799 2786 enter·
827 2742 940 2784 quae
971 2734 1223 2784 sequentur.
1279 2729 1389 2772 Post
1420 2726 1526 2770 haec
1557 2731 1606 2769 ut
1635 2725 1691 2769 ad
1722 2726 1873 2780 siugu-

166 2813 306 2855 lorum
336 2811 733 2868 interpretationem
763 2812 998 2864 veniamus,
1030 2812 1215 2868 primum
1255 2810 1309 2854 de
1342 2809 1514 2854 homine
1545 2808 1775 2853 dicendum
1807 2813 1876 2852 est

167 2895 241 2949 qui
267 2893 340 2938 hie
379 2895 659 2954 significatur.
733 2895 1038 2953 Maximopere
1075 2897 1234 2940 erravit
1266 2897 1456 2941 Vossms
1489 2894 1708 2937 Tibullum
1741 2892 1796 2936 de
1825 2906 1874 2936 se

166 2981 286 3036 loqui
314 2985 496 3037 putans,
522 2980 602 3035 qui
631 2977 822 3025 ferreu-
849 2994 899 3027 se
933 2981 1074 3036 dicat,
1105 2981 1222 3036 quod
1250 2981 1472 3036 reliquerit
1503 2980 1671 3022 Deliam
1701 2979 1746 3021 in
1778 2978 1875 3022 bel-

165 3064 254 3106 ium
290 3061 539 3119 profectum
582 3074 683 3106 esse
713 3062 830 3110 enin
859 3060 967 3106 haec
997 3064 1159 3120 scripta
1189 3076 1287 3108 cum
1316 3063 1542 3108 debellatis
1575 3061 1800 3116 Aquitanis
1830 3062 1873 3104 in

166 3146 394 3189 Orientem
424 3146 648 3200 navigaret
675 3157 777 3190 cum
807 3144 1013 3191 Messala.
1078 3147 1210 3192 Quod
1241 3149 1485 3191 reiecerunt
1514 3147 1599 3189 iam
1631 3146 1874 3188 Wnnnnn-

169 3243 354 3275 memus
384 3235 431 3275 et
458 3229 747 3276 Humum.
812 3230 901 3276 Qui
930 3229 1061 3274 dieite
1096 3230 1285 3288 ferreus
1315 3231 1392 3274 ille
1416 3230 1524 3290 fuit
1554 3254 1615 3263 —
1645 3228 1741 3287 ipse
1765 3243 1876 3285 pos-

168 3316 250 3358 sim
280 3320 392 3369 etc.,
439 3320 526 3358 tam
569 3314 772 3358 distincte
817 3315 1038 3370 loquitur,
1084 3327 1214 3369 quam
1246 3316 1341 3359 fieri
1371 3315 1544 3359 omnino
1577 3317 1746 3370 potest,
1796 3322 1876 3353 nec

169 3404 362 3455 tempora
403 3398 574 3443 diversa
617 3399 744 3443 anina
788 3410 1027 3454 personae,
1067 3399 1147 3445 sed
1187 3412 1397 3457 personas
1429 3399 1537 3442 duas
1569 3396 1762 3442 diversas
1792 3392 1875 3437 sibi

1319 3482 1395 3534 4*
