2158 3750
336 283 434 328 192
728 270 1195 326 COMMENTAR.
1231 269 1307 318 IN
1346 269 1633 321 TIBULLI

330 425 446 474 tant,
478 421 531 463 ad
562 419 676 473 quod
709 423 797 460 tum
829 417 1101 473 profecturus
1134 417 1264 459 fuerit
1294 422 1448 472 poeta3
1496 416 1574 458 sed
1605 414 1686 459 hoc
1713 431 1828 466 nuuc
1856 419 2024 463 refuta-

331 506 447 546 tione
479 501 682 544 uberiore
714 514 798 544 non
831 505 957 554 eget,
997 504 1225 556 postquam
1257 503 1475 553 repertum
1508 498 1624 552 quod
1656 499 1748 541 sine
1778 506 2026 544 controver-

331 590 395 629 sia
426 599 588 629 verum.
1628 582 1631 587 ’

449 667 716 710 Accedamus
762 680 874 709 nunc
918 667 1093 723 propius
1137 667 1191 709 ad
1236 680 1408 710 carmen
1449 668 1616 722 ipsum,
1659 665 1772 721 quod
1805 667 2029 721 egregium

330 754 423 803 est,
454 751 557 792 licet
587 750 641 791 ab
673 749 949 791 adolescente
980 749 1200 804 scriptum.
1263 749 1374 791 Nam
1406 751 1579 803 ingenia
1610 762 1711 791 vere
1741 748 2031 804 poeticaiam

331 834 375 875 in
418 833 712 875 adolescentia
742 832 932 888 produnt
973 832 1118 886 qualia
1160 832 1268 884 siut,
1313 845 1394 874 nec
1433 831 1582 873 dubito
1613 830 1794 874 formam
1825 836 1870 871 et
1900 831 2032 871 ratio-

333 929 432 958 nem
466 917 665 959 carminis
705 916 788 957 iam
829 920 919 957 tum
953 915 1014 957 ita
1059 915 1338 969 compositam
1382 919 1431 955 ut
1475 912 1705 966 babemus,
1747 913 1828 955 etsi
1867 917 2033 967 postea,

331 1013 429 1042 cum
470 1005 588 1042 totus
633 999 743 1041 liber
786 999 947 1053 primus
995 997 1224 1051 ederetur,
1271 998 1404 1039 dictio
1447 997 1516 1040 hic
1558 998 1646 1040 illic
1692 996 1830 1038 limari
1879 995 2033 1049 potuit.

332 1082 622 1126 Vehementer
650 1082 785 1136 igitur
812 1085 1036 1132 errarunt,
1082 1081 1156 1133 qui
1187 1081 1342 1121 librum
1370 1081 1544 1121 tertium
1575 1079 1894 1121 adolescentiae
1927 1089 2034 1132 poe-

333 1171 406 1209 tae
436 1167 704 1215 tribuerunt,
751 1165 874 1218 quasi
905 1169 1008 1205 tunc
1049 1170 1135 1205 tam
1179 1163 1435 1218 imperfecta
1466 1169 1511 1205 et
1542 1164 1609 1204 sui
1641 1163 1862 1225 dissimilia
1891 1161 2035 1204 facere

334 1249 538 1303 potuerit.
614 1246 776 1288 Confer
807 1259 917 1300 quae
949 1247 1032 1287 alio
1064 1247 1161 1287 loco
1194 1244 1406 1300 disputavi
1451 1245 1505 1286 de
1548 1229 1686 1300 primo
1726 1244 1902 1297 Hymni>
1932 1245 2036 1287 Pin-

335 1329 453 1382 dari,
498 1333 544 1371 et
585 1328 696 1370 adde
739 1341 870 1370 carm.
915 1327 1160 1380 Pytl1.X.‚
1208 1327 1323 1381 quod
1355 1327 1507 1382 viginti
1548 1331 1840 1375 annosnatus
1868 1327 2040 1382 scripsit

335 1410 569 1453 Thebanus
611 1415 767 1466 poeta3
812 1423 866 1452 ne
909 1410 992 1451 alia
1035 1422 1147 1451 nunc
1191 1409 1313 1464 plura
1348 1410 1390 1450 in
1423 1408 1530 1452 hane
1569 1423 1661 1452 rem
1702 1409 1928 1465 disputem.
1990 1409 2039 1451 ln

336 1493 446 1534 viam
480 1492 638 1544 redeo;
670 1493 892 1535 videamus
924 1498 1238 1547 argumentum.
1300 1493 1551 1535 Relicturus
1573 1493 1772 1536 Tibullus
1797 1492 1968 1535 domum
1995 1495 2042 1534 et

335 1578 540 1619 rusticam
570 1576 701 1619 vitam
733 1591 757 1619 a
789 1590 924 1632 puero
959 1576 1040 1618 sibi
1071 1589 1240 1629 caram,
1287 1576 1469 1618 effundit
1499 1576 1643 1618 statim
1674 1575 1717 1616 iu
1749 1575 2040 1630 principio

337 1660 556 1713 dolorem,
601 1674 686 1714 quo
728 1665 1051 1702 commovetur:
1099 1660 1339 1701 detestatur
1381 1673 1505 1701 enses
1538 1665 1583 1702 et
1614 1659 1727 1702 bella
1757 1665 1802 1702 et
1832 1658 2042 1701 bellorum

337 1758 508 1787 causam
539 1746 774 1798 avaritiam,
805 1745 950 1788 laudat
982 1749 1132 1788 contra
1161 1744 1480 1800 simplicitatem
1507 1750 1550 1787 et
1573 1745 1846 1788 securitatem
1877 1745 2043 1801 priscae
2123 1742 2126 1746 ’

337 1830 490 1871 aetatis
521 1841 618 1872 cum
651 1829 837 1882 nondum
869 1829 986 1872 ferro
1017 1829 1322 1882 dimicaretur,
1364 1833 1408 1871 et
1449 1829 1647 1883 queritur
1687 1821 1801 1870 nunc
1843 1827 1896 1870 ad
1929 1828 2044 1871 bella

338 1926 386 1955 se
422 1912 532 1955 trabi
563 1918 608 1956 et
638 1914 767 1956 obiici
803 1912 986 1956 hostium
1022 1915 1136 1956 telis.
1197 1913 1339 1956 Inde
1370 1925 1473 1955 vero
1504 1925 1552 1955 se
1583 1913 1794 1955 convertit
1822 1910 1878 1953 ad
1905 1907 2044 1959 Lares

338 1996 475 2036 avitos
508 1996 673 2050 praedii
706 2001 750 2037 et
782 2010 934 2051 preces
966 1997 1071 2039 facit
1103 1997 1337 2039 identidem
1365 2010 1446 2052 pro
1477 1997 1619 2039 salute
1649 2009 1755 2048 sua,
1795 1998 1845 2058 ut
1871 2006 1920 2037 se
1949 2005 2045 2036 ser-

338 2081 440 2117 vent
469 2078 511 2118 in
544 2077 669 2119 bellis
699 2079 987 2132 incolumem,
1031 2085 1246 2134 vovetque
1290 2082 1342 2123 iis
1375 2093 1552 2136 porcum
1583 2091 1662 2134 pro
1686 2064 1835 2120 -reditu
1865 2077 1918 2119 ad
1949 2089 2045 2119 mo-

339 2173 430 2202 rem
461 2161 674 2215 priscum,
705 2167 754 2203 ut
785 2164 887 2205 olim
918 2165 1112 2206 contenti
1141 2164 1301 2207 fuerint
1327 2164 1604 2219 simplicitate
1634 2173 1881 2213 sacrorum,
1915 2171 2044 2215 quam

339 2245 529 2286 suaviter
570 2244 800 2299 describit,
843 2248 1023 2290 militiae
1063 2261 1168 2291 vero
1211 2249 1395 2302 gloriam
1440 2249 1534 2289 aliis
1577 2239 1818 2301 relinquere
1846 2258 1895 2288 se
1925 2244 2046 2287 dicit.

338 2325 517 2380 Iamque
548 2340 704 2382 magno
737 2343 834 2372 cum
868 2330 1030 2373 affectu
1069 2344 1269 2374 reversus
1317 2330 1371 2374 ad
1415 2330 1744 2379 detestationem
1775 2329 1904 2383 belli,
1941 2340 2049 2384 gra-

338 2406 450 2450 viter
481 2408 698 2451 tristitiam
729 2413 880 2454 mortis
911 2412 1108 2468 depingit
1139 2417 1183 2456 et
1213 2413 1446 2455 inferorum
1480 2413 1702 2467 locorum,
1751 2425 1864 2468 quae
1902 2415 2046 2454 tamen

341 2497 616 2544 praemature
653 2499 926 2536 arcessantur
966 2495 1055 2537 fata
1095 2496 1149 2538 ab
1196 2494 1440 2538 hominibus
1479 2497 1614 2538 stulto
1651 2494 1812 2538 furore.
1874 2494 2048 2540 Quanto

340 2571 533 2626 felicior,
577 2576 747 2629 pergit,
794 2577 831 2618 is
868 2580 961 2629 est,
1009 2577 1078 2618 cui
1110 2576 1224 2618 domi
1257 2585 1570 2619 consenescere
1601 2577 1704 2619 licet
1733 2577 1846 2618 inter
1875 2588 1978 2618 suos
2005 2575 2047 2616 in

339 2655 530 2697 rusticae
572 2657 684 2699 vitae
727 2659 963 2700 securitate
1008 2663 1055 2700 et
1096 2659 1372 2714 simplicitate
1411 2660 1659 2714 praeclara3
1711 2659 1778 2702 sic·
1818 2671 1903 2713 ego
1942 2656 2048 2700 sim!

343 2735 521 2778 Transit
562 2736 660 2780 hinc
702 2739 757 2780 ad
787 2741 917 2781 Pacis
961 2740 1132 2782 laudem
1164 2741 1415 2794 egregiam,
1463 2743 1506 2783 in
1554 2755 1638 2795 qua
1680 2741 1809 2784 etiam
1853 2742 2048 2783 exitus

344 2818 543 2859 carminis
574 2820 710 2861 inest:
756 2821 979 2875 praedicat
1011 2821 1178 2862 debitas
1209 2823 1356 2877 copias
1387 2823 1551 2864 rurales
1582 2823 1686 2864 Paci
1709 2824 1765 2863 ‘et
1793 2819 1951 2876 gaudia
1981 2822 2050 2864 iu-

345 2899 509 2953 cunda,
541 2900 782 2943 detestatur
813 2902 955 2943 denuo
988 2901 1187 2944 bellicam
1218 2903 1449 2957 ferociam,
1482 2910 1526 2946 et
1558 2908 1684 2946 vocat
1715 2890 1865 2946 conti-d
1895 2904 2050 2947 almam
2116 2958 2123 2963 st

346 2981 486 3033 deam,
518 2985 566 3023 ut
601 2983 743 3023 veniat
773 2983 1060 3026 abundantiae
1090 2984 1226 3037 signis
1258 2992 1420 3028 ornata.
1482 2987 1550 3028 Ita
1581 2988 1725 3043 poeta.
1763 2985 2049 3043 ·Considere-

345 3078 440 3107 mus
470 3080 582 3109 nunc
614 3069 983 3123 compositionem.
1045 3068 1128 3111 Est
1159 3075 1302 3112 autem
1343 3069 1571 3112 manifesto
1613 3072 1838 3126 primarius
1867 3070 2049 3113 affectus
2118 3103 2119 3106 ,
2155 3080 2158 3083 ·

346 3150 544 3214 carminis
575 3150 699 3192 dolor
731 3152 787 3193 ob
820 3153 1055 3195 discessum
1088 3168 1113 3195 a
1145 3154 1324 3209 praedio
1354 3155 1500 3208 avito,
1532 3168 1558 3196 a
1588 3155 2047 3202 consuetudine·vitae
2111 3154 2126 3206 ,ἦ

347 3232 537 3274 rusticae
569 3235 819 3288 carissima,
849 3250 976 3289 quem
1004 3239 1216 3280 consolari
1248 3243 1428 3281 conatur
1457 3244 1536 3294 spe
1566 3238 1757 3290 reditus,
1789 3244 1834 3282 et
1868 3239 2051 3281 redeunt
2119 3232 2158 3289 2-ss

347 3316 490 3356 omnia
522 3328 588 3368 eo,
620 3321 668 3358 ut
697 3331 800 3372 prae
833 3310 987 3362 militia
1015 3326 1059 3363 et
1090 3323 1206 3364 bello
1239 3323 1442 3364 laudetur
1470 3322 1654 3364 felleitas
1681 3321 1834 3364 idealis
1861 3322 2048 3363 rusticae
2109 3314 2148 3366 ἥθ’.

346 3397 459 3439 vitae
488 3398 532 3440 in
564 3411 673 3453 pace
705 3404 844 3444 actae.
907 3402 1123 3446 Dividitur
1164 3417 1268 3447 vero
1310 3408 1450 3462 totum
1480 3404 1582 3456 .ita,
1629 3408 1678 3445 ut
1718 3403 1763 3445 in
1802 3402 2047 3446 exordio
2126 3395 2131 3399 ’
