2158 3750
698 254 879 305 LIBR.
920 256 959 305 I.
1032 255 1230 306 ELEG.
1267 256 1333 304 Il.
1641 298 1646 309 ,
1790 261 1854 304 29

164 393 377 447 hocloco,
408 393 647 448 asyndeton
671 397 835 440 melius.
857 417 915 426 —-
946 397 998 437 V.
1024 400 1094 438 77.
1129 396 1481 451 composito,
1513 394 1700 437 condito.
1720 418 1775 424 --
1812 395 1856 436 ln

169 477 255 518 flue
287 478 413 520 unice
442 491 570 521 verus
597 483 663 521 est
689 483 890 532 receptus
919 477 1144 519 verborum
1177 476 1308 519 ordo:
1340 476 1656 531 despiciam
1687 476 1856 527 ditm,

162 565 308 602 errant
349 566 492 605 tamen
533 561 887 604 Bnovcxnusms
930 565 976 602 et
1017 560 1285 603 Huscnxms
1328 574 1407 613 eo,
1450 560 1565 615 quod
1595 561 1742 603 nescio
1775 574 1858 613 qua

165 642 485 686 consuetudine.
507 640 825 694 'sibama-¹154,
854 643 929 684 82.
975 641 1033 694 Π,
1064 645 1108 694 2,
1138 645 1212 685 20.
1257 646 1301 696 5,
1334 647 1434 686 100.
1482 657 1580 686 eum
1610 643 1857 686 defendunt.

161 725 274 767 Nam
305 727 349 768 in
380 724 620 773 huiusmodi
643 718 780 773 *aa
810 735 896 766 non
927 725 1195 768 consuetudo
1226 727 1435 780 quaedam
1468 729 1605 780 valet,
1647 726 1726 771 sed
1755 741 1860 770 sen-

160 810 295 851 tentia
323 810 532 862 cuiusque
562 808 647 852 loci
677 807 779 862 quid
810 807 1001 863 postulet
1032 808 1275 850 videndum.
1349 813 1492 863 Atque
1535 809 1602 852 liic
1644 811 1858 853 sententia

159 897 249 933 est:
291 891 363 932 alii
394 888 564 932 divitias
594 887 804 940 habeant,
836 901 921 942 ego
953 887 1186 944 despiciam
1217 890 1351 942 dites,
1395 891 1509 934 unde
1540 893 1675 946 liquet
1705 906 1858 936 neces-

157 976 271 1017 sario
299 974 478 1026 vei-bum
509 974 691 1029 primum
723 974 865 1017 locum
895 985 1110 1029 occupare
1142 973 1318 1018 debere.
1381 977 1511 1027 Quod
1553 976 1708 1019 deinde
1749 991 1859 1020 nova

157 1059 373 1113 oppositio
404 1061 472 1100 est
497 1058 610 1100 inter
638 1057 791 1100 dites
821 1061 868 1100 et
899 1056 920 1098 f
928 1071 1128 1112 amem,
1161 1059 1317 1102 nullius
1344 1058 1412 1102 hic
1439 1064 1505 1103 est
1534 1063 1752 1114 momenti,
1787 1062 1857 1103 ubi

155 1140 429 1183 anteomnia
459 1152 597 1183 nexus
627 1152 727 1184 cum
755 1139 1036 1194 sequentibus
1067 1142 1341 1197 spectandus.
1378 1163 1432 1176 —

719 1338 1289 1366 *—

610 1512 1180 1573 ELEGIA
1311 1515 1396 1572 ΙΙ.

751 1841 826 1893 IN
829 1838 1265 1895 TRODUCTIO.

150 2026 300 2102 Gom
332 2054 490 2110 Elegia
517 2055 571 2099 V.
603 2056 768 2113 scripta
796 2057 984 2100 sit-tante
1014 2055 1141 2109 hanc,
1172 2057 1310 2099 lector
1339 2056 1521 2112 primum
1546 2053 1682 2098 adibit
1712 2055 1855 2097 Intro-

134 2141 400 2187 .ductionem
430 2141 485 2183 ad
517 2141 660 2194 illam3
689 2140 747 2183 ad
773 2153 907 2196 quem
937 2141 1082 2184 locum
1113 2141 1226 2182 enim
1258 2142 1319 2183 ibi
1351 2141 1609 2184 deduximus
1640 2140 1858 2182 narratio-

149 2237 246 2266 nem
278 2236 422 2267 rerum
451 2224 638 2278 Tibulli,
684 2225 742 2268 ab
783 2238 836 2268 eo
876 2238 990 2269 nunc
1032 2237 1128 2268 eam
1160 2225 1471 2269 continuamus,
1548 2223 1746 2269 Vidimus
1777 2236 1857 2265 au·-

150 2314 238 2351 tem
268 2309 359 2351 illic
387 2314 648 2363 postremo,
666 2308 888 2351 Tibullum
920 2309 964 2352 in
994 2310 1179 2363 gratiam
1209 2309 1353 2351 redire
1383 2308 1571 2351 voluisse
1602 2320 1699 2350 cum
1729 2307 1857 2349 Delia

150 2405 207 2435 ex
250 2391 434 2434 discidio
463 2396 566 2434 ante
599 2394 711 2434 orto.
771 2390 872 2434 Hoc
900 2402 987 2434 non
1017 2390 1164 2434 statim
1197 2391 1399 2433 effectum
1433 2389 1616 2432 videtur.
1682 2388 1855 2431 Disces-

149 2475 206 2516 sit
236 2474 409 2528 quidem
438 2481 606 2519 amator
634 2476 719 2518 iste
747 2474 893 2528 dives,
935 2474 1014 2518 sed
1057 2473 1208 2518 aderat
1250 2475 1332 2516 iam
1367 2473 1502 2526 alius,
1545 2473 1583 2515 si
1612 2484 1715 2515 vere
1746 2472 1857 2514 dixit

150 2562 279 2612 poeta
309 2557 352 2599 in
386 2558 506 2600 exitu
538 2558 740 2612 quintae;
769 2557 978 2613 quidquid
1008 2557 1117 2612 fuit,
1148 2559 1272 2600 Delia
1307 2570 1391 2600 non
1423 2556 1496 2599 diu
1531 2560 1630 2612 post
1660 2555 1856 2611 nupsisse

148 2638 319 2681 videtur
349 2639 389 2681 ei
420 2639 538 2692 viro,
582 2640 658 2695 qui
688 2638 758 2682 liic
785 2644 832 2683 et
862 2639 905 2683 in
935 2645 1061 2683 sexta
1103 2641 1246 2694 elegia
1276 2645 1554 2682 memoratur.
1625 2639 1741 2680 Fieri
1775 2637 1856 2680 lioc

150 2723 292 2777 potuit
334 2726 502 2764 aestate
542 2734 641 2765 ann.
671 2726 776 2766 ⁷25.
830 2721 1012 2767 .Verum
1044 2722 1245 2764 Tibullus
1288 2720 1559 2764 nihilominus
1603 2726 1855 2776 persecutus

150 2810 218 2848 est
249 2807 515 2862 propositum
546 2819 687 2860 sunm,
717 2812 947 2863 postquam
977 2805 1118 2850 hieme
1148 2806 1345 2861 sequenti
1378 2806 1422 2848 in
1452 2804 1603 2847 urbem
1636 2803 1853 2855 redierat3

150 2886 230 2929 suit
259 2892 360 2929 ante
390 2886 560 2930 ianuam
592 2889 778 2945 puellae,
806 2893 857 2937 ut
886 2886 954 2932 hic
985 2887 1192 2942 videmus,
1225 2893 1269 2930 et
1299 2886 1413 2930 haud
1443 2887 1574 2930 dubie
1606 2887 1743 2929 varias
1776 2899 1852 2928 oc-

151 2971 347 3013 casiones
367 2970 603 3024 invenerat,
622 2971 786 3027 ⁴quibus
814 2985 967 3028 preces
993 2985 1094 3016 suas
1118 2977 1338 3029 repeteret
1359 2972 1526 3015 Deliae.
1588 2971 1666 3014 Sic
1693 2970 1854 3014 factum

150 3059 199 3097 ut
240 3053 411 3097 tandem
456 3067 567 3097 nova
608 3056 815 3111 promissa
855 3056 910 3098 ab
948 3061 1091 3100 amata
1133 3057 1278 3099 ferret.
1353 3060 1495 3109 Atque
1527 3053 1606 3096 hac
1636 3057 1764 3096 nocto
1796 3065 1853 3094 ex

152 3136 407 3191 composito,
438 3142 487 3179 ut
517 3136 699 3190 videtur,
730 3142 905 3180 venerat
936 3139 1119 3193 primum
1150 3143 1393 3181 tentaturus
1425 3150 1533 3179 nova
1566 3136 1730 3178 limina:
1773 3135 1851 3176 sed

153 3230 256 3260 ecce
287 3222 462 3273 praeter
492 3219 861 3274 exspectationem
891 3219 1063 3262 clausae
1095 3221 1367 3276 reperiuntur
1398 3219 1538 3272 fores,
1581 3219 1853 3274 positamque

152 3300 390 3344 custodiam
422 3300 572 3344 fallere
603 3301 728 3351 Delia
760 3314 845 3344 non
885 3301 1028 3345 audet.
1098 3300 1230 3345 Errat
1271 3300 1341 3345 liic
1372 3302 1561 3345 Vossms
1594 3301 1855 3353 magnopere

152 3382 367 3436 scribens,
412 3383 631 3427 Tibullum
665 3388 771 3435 tum,
801 3395 898 3427 cum
930 3383 1115 3439 primum
1145 3398 1171 3428 e
1203 3384 1394 3437 Corcyra
1428 3382 1564 3425 redux
1596 3381 1647 3423 ad
1682 3380 1853 3423 domum
