2086 3756
847 224 1155 278 TIBULLI.
1721 240 1846 273 Lxm

146 387 311 420 unum
350 381 427 421 est
462 369 606 438 quod
639 371 1091 439 praemonendum
1134 368 1356 424 videam.
1428 366 1580 432 Scio,
1616 367 1729 420 sine
1766 369 1846 418 in-

145 469 328 531 genio,
374 470 638 520 alacritate
674 470 1005 536 phantasiae,
1055 469 1234 533 vigore
1269 482 1518 517 sensuum
1554 482 1663 516 non
1694 482 1849 531 posse

144 561 259 613 fieri
294 566 523 615 carmina
559 582 683 617 vere
715 566 939 631 poetica,
974 565 1067 616 sed
1100 566 1199 614 hae
1236 579 1321 615 res
1357 563 1614 613 maximae
1652 563 1852 614 censeri

145 656 338 708 debent
370 668 529 725 atque
569 659 724 713 etiam
761 675 792 707 a
826 674 911 707 me
949 668 1256 722 censentur3
1305 674 1490 709 verum
1536 656 1643 707 scio
1693 655 1849 707 etiam

142 753 270 815 hoc,
315 752 511 818 ingenii
555 754 727 804 forma
773 763 827 804 et
871 770 975 804 usu
1020 754 1341 804 tractationis
1378 751 1521 802 nasci
1558 750 1849 802 necessario

141 846 433 899 distinctam
465 848 728 917 quandam
761 851 989 917 speciem
1021 847 1413 915 compositionis
1441 846 1709 913 propriam
1739 863 1851 897 car-

139 945 367 996 minibus
401 942 633 995 eiusdem
667 954 855 1012 poetae
892 945 1155 996 omnibus.
1224 943 1375 993 Hanc
1410 942 1620 1007 ingenio
1657 941 1851 1008 pariter

140 1050 194 1092 et
229 1040 329 1091 arti
365 1037 593 1091 debitam
630 1057 773 1090 nunc
810 1040 1111 1107 quaerimus
1147 1038 1204 1088 in
1236 1036 1436 1087 Tibulli
1471 1034 1649 1102 poesi;
1687 1052 1850 1103 quare

139 1135 251 1185 noli
277 1134 507 1200 credere,
542 1137 618 1188 mi
646 1138 826 1201 lector,
862 1135 1123 1202 negligere
1153 1151 1252 1186 nos
1287 1134 1557 1200 ingenium
1595 1143 1646 1184 et
1679 1133 1849 1199 phan-

140 1233 320 1284 tasiam
365 1235 625 1301 poeticam
669 1246 722 1288 et
771 1235 922 1299 talia,
972 1234 1018 1284 si
1070 1234 1266 1284 formas
1316 1231 1443 1282 dum
1492 1232 1849 1298 explanamus,

140 1344 249 1378 non
276 1331 560 1395 repetimus
582 1331 642 1381 in
679 1347 892 1398 quaque
915 1330 1108 1396 pagina
1145 1329 1302 1380 etiam
1327 1326 1474 1391 illud,
1512 1325 1657 1395 quod
1691 1343 1849 1377 nemo

138 1427 328 1490 nescit,
382 1437 612 1477 ceterum
652 1444 753 1494 per
795 1436 967 1479 totum
1011 1427 1154 1477 hunc
1205 1427 1403 1476 librum
1451 1423 1629 1474 multis
1679 1423 1850 1474 modis

138 1521 478 1586 significatum
523 1519 720 1573 videas.
799 1519 1211 1588 Disquisitiones
1259 1518 1324 1569 de
1374 1516 1751 1584 compositione
1800 1527 1852 1567 et

138 1615 308 1665 sorma
346 1631 567 1682 operum
602 1625 842 1668 veterum
878 1625 939 1665 ut
973 1612 1305 1666 difficillimae
1347 1623 1471 1664 sunt
1504 1613 1578 1663 ita
1614 1628 1850 1662 necessa-

135 1710 246 1760 riae
279 1712 522 1774 maxime,
563 1721 615 1762 et
653 1720 826 1762 tamen
863 1709 958 1762 vix
987 1721 1074 1762 est
1112 1708 1255 1778 quod
1291 1710 1449 1774 vulgo
1485 1709 1721 1776 iniquius
1765 1725 1849 1758 ac-

137 1806 346 1875 cipiant.
417 1807 534 1858 Hoc
568 1808 726 1874 igitur
760 1807 932 1858 facere
967 1806 1096 1858 noli.
1170 1807 1281 1856 Iam
1317 1806 1590 1856 veniamus
1624 1802 1692 1854 ad
1719 1820 1849 1853 rem.

277 1907 500 1972 Propria
536 1915 614 1956 est
649 1905 870 1971 elegiae,
906 1915 966 1955 ut
1002 1913 1230 1967 constat,
1266 1902 1424 1953 latior
1461 1912 1511 1952 et
1547 1901 1717 1951 fusior
1756 1917 1849 1950 ex-

134 2002 354 2067 positio;
403 2018 511 2052 non
561 2002 726 2067 tangit
773 2017 976 2053 summa
1022 2011 1227 2051 tantum
1278 1998 1481 2064 fastigia
1529 2015 1737 2060 rerum,
1791 2007 1850 2046 ut

49 2124 54 2130 ‹
84 2096 86 2098 ’
138 2094 236 2147 ode
272 2098 435 2148 multa
470 2097 701 2149 breviter
737 2097 1085 2162 complectens
1122 2095 1334 2147 sublimi
1369 2096 1579 2159 volam,
1626 2091 1718 2144 sed
1756 2109 1848 2142 ex-

70 2255 74 2258 ,
135 2190 320 2258 plicate
357 2201 408 2242 et
438 2172 669 2246 verbose
696 2174 978 2259 pertractat
1006 2190 1265 2253 affectum,
1304 2206 1412 2258 quo
1449 2191 1586 2240 forte
1619 2205 1847 2240 commo-

136 2295 290 2335 vetur
351 2285 586 2348 animus,
651 2303 769 2336 cum
817 2296 1044 2337 metrum
1094 2286 1376 2350 elegiacum
1426 2286 1750 2351 simplicitate
1801 2295 1849 2334 et

137 2378 478 2447 amplitudine
513 2380 650 2431 iusta
683 2395 813 2446 prae
851 2379 963 2429 aliis
1003 2377 1069 2429 ad
1104 2379 1205 2429 hoc
1251 2378 1317 2430 sit
1367 2389 1546 2445 aptum
1597 2389 1648 2428 et
1693 2380 1848 2444 plane

136 2478 358 2538 sactum,
398 2492 495 2526 nec
530 2475 788 2525 habeatur
819 2472 962 2524 aliud
998 2475 1166 2523 ullum
1204 2474 1259 2523 in
1295 2473 1471 2540 lyricis
1508 2471 1850 2524 commodius.

89 2615 98 2623 .
136 2569 240 2621 Sed
275 2570 349 2620 ita
388 2570 446 2621 fit
492 2579 552 2619 ut
598 2569 754 2620 etiam
795 2569 1021 2622 varietas
1074 2566 1331 2636 quaedam
1379 2585 1560 2619 rerum
1609 2567 1847 2634 apprime

134 2665 410 2718 conveniat
433 2664 640 2731 elegiae,
677 2681 813 2734 quae
840 2665 991 2715 aliter
1013 2663 1163 2716 facile
1191 2663 1368 2714 ieiuna
1398 2663 1455 2714 fit
1487 2672 1539 2714 et
1575 2660 1850 2728 languida;

132 2765 244 2830 ipsa
280 2773 470 2816 natura
511 2762 672 2815 huius
719 2771 941 2830 poeseos
986 2761 1241 2815 invitante
1278 2759 1593 2813 diffunditur
1629 2760 1846 2811 affectus

133 2862 191 2912 in
237 2859 409 2913 varias
465 2869 643 2927 partes
703 2869 755 2913 et
813 2859 918 2911 huc
967 2859 1091 2910 illuc
1146 2858 1398 2924 vertitur,
1459 2856 1626 2909 donec
1671 2857 1846 2909 levato

133 2967 342 3025 pectore
389 2955 591 3008 exitum
635 2956 1053 3024 qualemcunque
1104 2974 1313 3008 carmen
1352 2956 1602 3010 inveniat.
1683 2953 1847 3006 Vide-

135 3055 306 3104 bimus
341 3053 480 3104 infra
514 3061 575 3103 ut
611 3051 767 3103 etiam
814 3052 871 3103 in
920 3051 1141 3118 simplici
1179 3029 1490 3118 argumento
1542 3051 1716 3103 suavis
1754 3068 1846 3101 va-

133 3148 288 3200 rietas
325 3150 607 3200 affectuum
643 3149 809 3216 possit
844 3165 979 3212 esse,
1015 3158 1193 3200 tamen
1229 3164 1339 3199 non
1376 3164 1532 3199 omne
1572 3129 1846 3213 argumen-

136 3254 248 3294 tum
290 3261 506 3311 magnae
549 3244 789 3297 varietati
823 3245 1144 3297 tractationis
1181 3255 1391 3311 aptum,
1441 3261 1535 3294 nec
1571 3252 1847 3309 poetarum

139 3343 371 3392 omnium
424 3344 691 3410 ingenium
738 3342 919 3395 simile.
1006 3342 1108 3397 Sed
1147 3345 1412 3396 Tibullum
1461 3341 1672 3410 quidem
1719 3341 1848 3392 levis
