2086 3756
266 221 371 254 xcu
987 207 1082 258 DE
1118 204 1321 260 POESI

266 364 460 399 nonem
515 366 616 416 pro
666 367 842 401 amore
897 347 1155 417 Sulpiciae
1209 361 1260 401 et
1314 349 1552 401 Cerinthi
1606 353 1852 419 scriptum
1905 354 1961 402 in

265 443 509 493 natalitiis
549 443 825 511 Sulpiciae.
906 444 1140 497 Exordio
1187 457 1430 513 precatur
1475 444 1625 497 deam
1670 457 1852 513 poeta,
1904 457 1962 497 ut

231 600 235 605 .
264 535 404 590 dona
435 542 639 606 puellae
671 543 894 607 benigne
924 543 1163 610 recipiat,
1193 542 1423 594 medium
1455 561 1662 594 carmen
1691 544 1828 610 ipsas
1861 561 1960 609 pro

261 635 363 685 hoc
413 651 588 684 amore
642 636 900 687 firmando
956 647 1008 687 et
1058 637 1253 690 tuendo
1308 657 1487 706 preces
1540 640 1726 701 habet,
1792 637 1960 687 exitus

261 727 489 798 denique
520 731 733 783 tertium
767 735 990 801 repetita
1023 735 1355 788 invocatione
1389 738 1678 787 obtestatur
1705 736 1962 785 Iunonem

258 841 357 890 per
391 843 537 877 sacra
573 837 631 877 ut
672 839 894 894 annuat,
944 829 1204 897 descripto
1245 831 1433 881 affectu
1477 832 1683 896 puellae
1721 827 1962 879 disertius

260 919 328 970 ad
368 908 681 974 movendam
720 923 885 976 deam.
969 926 1116 977 Nihil
1154 926 1308 976 etiam
1344 925 1428 975 hic
1465 924 1591 990 fingi
1627 934 1798 991 potest
1837 939 1962 974 con-

259 1019 482 1071 cinnius.
552 1020 701 1071 Adde
740 1040 949 1073 carmen
984 1023 1078 1081 IV,
1107 1026 1158 1074 5.
1231 1022 1461 1090 Sulpicia
1492 1024 1551 1072 in
1585 1021 1831 1073 natalitiis
1863 1019 1962 1070 Ce-

255 1115 422 1165 rinthi
467 1126 591 1168 vota
641 1118 764 1167 facit
811 1135 911 1183 pro
967 1135 1144 1168 amore
1196 1135 1310 1168 suo·
1409 1117 1584 1184 Atque
1634 1118 1692 1167 in
1742 1114 1961 1167 exordio

255 1214 464 1262 nuntiat
504 1223 740 1264 sanctum
775 1214 876 1264 sibi
919 1231 1128 1280 semper
1163 1225 1213 1264 et
1247 1215 1437 1265 festum
1477 1214 1618 1264 hunc
1659 1211 1820 1276 diem,
1870 1212 1963 1280 qui

255 1306 567 1359 Cerinthum
612 1309 829 1361 dederit.
897 1310 1078 1361 Media
1116 1328 1238 1378 pars
1282 1310 1525 1361 carminis
1565 1328 1746 1377 preces
1786 1310 1960 1374 habet,

236 1400 531 1455 'invocatur
568 1405 766 1456 Genius
806 1416 858 1457 et
893 1409 1107 1471 Venus,
1161 1416 1221 1456 ut
1254 1406 1466 1458 faveant
1503 1405 1585 1455 his
1623 1405 1817 1457 verbis.
1898 1405 1964 1453 In

256 1500 401 1549 exitu
450 1500 678 1569 denique
731 1503 989 1569 repetitur
1039 1503 1302 1555 invocatio
1357 1501 1574 1553 Natalis.
1670 1500 1756 1552 Sic
1805 1501 1962 1550 etiam

254 1595 411 1646 huius
448 1597 691 1648 carminis
726 1597 905 1649 eadem
940 1599 1262 1664 compositio.
1332 1597 1424 1647 Est
1457 1597 1514 1646 in
1549 1596 1792 1646 omnibus
1824 1595 1962 1644 clara

255 1690 514 1743 distinctio
561 1696 722 1744 trium
776 1706 1192 1760 momentorum,
1256 1711 1484 1762 quorum
1533 1703 1789 1745 concentu
1838 1709 1961 1743 con-

249 1785 451 1837 tinetur
503 1789 676 1838 unitas
732 1790 941 1854 elegiae.
1042 1788 1330 1840 Videamus
1377 1807 1519 1839 nunc
1567 1805 1775 1839 carmen
1816 1788 1868 1850 Ι,
1912 1794 1962 1837 7.

254 1880 400 1948 quod
451 1893 500 1932 et
543 1883 715 1949 ipsum
762 1885 1077 1949 natalitium,
1128 1884 1219 1936 sed
1263 1886 1418 1949 longe
1454 1883 1640 1932 maius.
1714 1880 1960 1932 Celebra-

252 1985 341 2024 tur
375 1978 490 2027 laus
526 1977 800 2027 Messalae.
870 1979 980 2029 Iam
1023 1995 1248 2047 quaero:
1295 1979 1404 2030 Ubi
1441 1976 1508 2027 ad
1543 1976 1752 2027 laudem
1787 1977 1962 2041 magni

250 2071 356 2123 viri
392 2071 754 2122 celebrandam
798 2073 1018 2123 natalitii
1047 2073 1165 2123 festi
1201 2071 1527 2124 solemnitate
1559 2072 1749 2133 utaris,
1802 2086 1960 2137 quem

251 2167 409 2230 vulgo
454 2177 704 2233 sequetur
748 2183 957 2217 cursum
999 2164 1202 2233 elegia?
1285 2165 1537 2220 Ordietur
1577 2185 1608 2217 a
1649 2167 1960 2216 salutatione

252 2257 385 2324 diei,
438 2263 530 2329 qui
572 2263 732 2313 vitam
780 2261 923 2312 dedit
967 2264 1058 2313 tali
1104 2265 1249 2328 viro,
1302 2275 1415 2314 tum
1459 2263 1614 2314 latius
1658 2260 1960 2313 diffusaad

252 2356 637 2421 expositionem
677 2356 921 2408 disertam
954 2357 1171 2408 laudum
1207 2368 1416 2426 perget3
1456 2358 1515 2408 in
1553 2359 1699 2409 exitu
1733 2357 1959 2424 denique

252 2451 529 2502 contractis
574 2454 703 2504 velis
749 2463 898 2526 vota*
923 2454 1077 2504 faciet
1119 2466 1216 2519 pro
1259 2453 1439 2503 futura
1464 2452 1736 2504 felicitate.
1823 2449 1959 2501 Vide

251 2563 393 2595 nunc
439 2547 728 2599 Tibullum.
823 2547 957 2598 Cum
1004 2549 1243 2598 Messala.
1275 2564 1448 2613 nuper
1494 2547 1612 2612 ipso
1667 2544 1751 2596 die
1800 2545 1960 2595 natali

248 2641 469 2693 fudisset
503 2644 795 2712 Aquitanos
830 2663 1018 2711 magno
1053 2644 1286 2711 proelio,
1323 2654 1480 2710 poeta
1513 2644 1571 2693 in
1604 2641 1822 2693 exordio
1855 2659 1956 2709 pro

250 2740 564 2803 generaliori
594 2739 750 2791 laude
781 2739 887 2790 diei
919 2741 1089 2791 statim
1122 2741 1256 2791 hanc
1286 2739 1558 2791 victoriam
1592 2738 1759 2805 ipsam
1789 2738 1955 2805 ponit,

249 2841 310 2881 ut
368 2835 592 2884 maxime
654 2835 929 2901 proprium
990 2836 1248 2885 honorem
1306 2845 1358 2885 et
1418 2835 1783 2886 salutationem
1838 2833 1958 2886 diei.
2041 2836 2044 2838 ’

250 2923 399 2988 Quae
431 2930 650 2994 pulchra
681 2930 915 2980 inventio
955 2941 1059 2995 est3
1101 2931 1342 2996 specialia
1378 2931 1714 2991 substituere,
1751 2929 1843 2979 ubi
1871 2946 1956 2980 res

249 3020 374 3084 fert,
408 3023 723 3086 generaliori
758 3025 956 3074 formae
996 3034 1134 3074 amat
1167 3024 1358 3089 poesis.
1431 3023 1536 3074 Sed
1569 3022 1694 3091 quid
1724 3021 1954 3073 medium

250 3133 458 3166 carmen
496 3119 654 3168 habet
668 3116 694 3168 Ξ)
768 3118 981 3170 Ceteras
1019 3137 1102 3169 res
1137 3131 1302 3185 gestas
1335 3121 1460 3186 viri,
1501 3119 1608 3172 sive
1645 3121 1953 3173 remotiores

247 3210 430 3263 laudes
466 3216 650 3265 natalis
688 3213 810 3278 diei,
848 3217 1086 3266 oratione
1118 3235 1256 3267 nunc
1289 3218 1342 3266 in
1380 3215 1684 3282 ampliorem
1713 3231 1953 3280 campum

246 3317 568 3361 transeunte.
643 3310 775 3362 Cum
809 3321 982 3363 autem
1019 3314 1074 3364 in
1109 3314 1391 3365 maioribus
1426 3313 1599 3378 elegiis
1635 3310 1790 3375 vulgo
1823 3310 1951 3361 duas
