2086 3756
238 237 419 270 cnxxu
911 218 1006 268 DE
1045 215 1247 271 POESI

233 361 491 412 TibulluS.
590 359 726 412 Nam
775 358 979 410 diversa
1028 359 1152 409 talia
1197 358 1248 421 Ι,
1290 365 1318 409 7
1338 395 1352 421 ,
1402 362 1484 407 18.
1575 342 1745 423 Atque
1797 355 1926 405 haec

231 457 498 507 hactenus.

339 552 624 616 Postquam
659 546 724 598 de
760 546 814 596 vi
851 562 908 594 ac
942 545 1120 611 vigore
1157 543 1407 596 orationis
1437 542 1768 595 Tibullianae
1805 541 1931 606 dixi,

230 660 371 692 nunc
413 642 568 692 etiam
611 639 674 690 de
719 642 1008 708 simplicitate
1050 637 1242 703 dicam,
1294 656 1429 707 quae
1480 648 1556 690 est
1604 640 1765 687 altera
1810 652 1934 703 pars

228 734 388 785 huius
426 732 490 785 de
530 733 822 786 elocutione
869 744 1055 802 poetae
1106 732 1487 801 disputationi&
1568 731 1692 783 Fuit
1730 728 1794 781 de
1835 731 1961 784 hac.

227 829 422 883 virtute
471 830 577 881 iam
623 847 783 898 supra
818 829 903 881 hic
941 830 1048 882 illic
1094 829 1231 880 inter
1271 829 1371 878 alia
1410 843 1610 890 serm0‚
1660 824 1753 876 sed
1789 843 1932 875 nunc

229 921 470 975 disertius
522 922 586 975 de
636 942 697 975 ea
747 924 970 990 agemus.
1026 925 1137 975 -Ac
1193 926 1398 990 primum
1453 919 1668 989 quidem
1719 927 1934 970 ornatae

230 1019 540 1069 elocutionis
591 1017 776 1070 modos
829 1019 1118 1069 rhetoricos
1169 1017 1483 1079 nonnullos,
1545 1024 1800 1083 quantum
1848 1011 1933 1060 hic

226 1128 312 1161 res
350 1114 597 1180 postulat,
636 1112 927 1176 videamuS‚
960 1123 1019 1163 ut
1051 1128 1422 1176 cognoscamus
1455 1109 1582 1178 quid
1614 1107 1934 1176 probaverit,

229 1206 360 1273 quid
394 1208 651 1273 spreverit
687 1223 755 1256 ex
789 1207 890 1255 hoc
926 1223 1113 1270 genere
1143 1204 1414 1267 Tibullus,
1464 1205 1630 1253 deinde
1670 1203 1824 1253 etiam
1868 1200 1932 1250 de

224 1301 568 1367 grammaticis
605 1299 1082 1352 constructionibus
1121 1308 1418 1365 exponetur
1453 1296 1776 1362 singulatim:
1812 1312 1933 1347 nam

226 1398 307 1448 his
343 1398 504 1448 rebus
546 1406 786 1448 censetur
822 1394 1120 1462 simplicitas
1159 1393 1428 1445 orationis.

330 1491 566 1541 Primum
627 1491 789 1557 igitur
852 1492 1086 1541 rhetorica
1143 1487 1530 1540 consideramus
1549 1507 1579 1552 3⁴
1629 1495 1706 1536 est
1761 1494 1934 1535 autem

226 1568 384 1637 huius
424 1587 527 1637 loci
565 1596 782 1636 ornatus
823 1602 851 1635 e
896 1584 1064 1652 tropis
1111 1594 1162 1635 et
1209 1583 1404 1650 figuris.
1490 1581 1707 1633 Constat
1749 1591 1932 1647 tropos

227 1690 279 1731 et
312 1679 504 1746 figuras
540 1698 682 1731 nunc
719 1680 929 1730 affectui
967 1679 1220 1732 inservire
1259 1696 1400 1730 nunc
1437 1677 1676 1740 ornatui,
1728 1686 1776 1726 et
1815 1693 1933 1726 cum

224 1775 454 1842 plurima
492 1776 649 1825 huius
686 1775 890 1840 generis
927 1791 1011 1824 res
1046 1773 1161 1840 ipsa
1197 1783 1247 1823 et
1292 1783 1483 1823 natura
1515 1789 1695 1843 rerum
1733 1770 1933 1833 offerat,

226 1870 329 1920 alia
379 1886 507 1921 usus
562 1878 614 1919 et
663 1885 746 1920 ars
802 1866 979 1918 docuit
1030 1867 1358 1936 exquisitior.
1463 1847 1573 1932 Ego
1626 1866 1932 1917 memorabo

227 1982 363 2033 quae
410 1965 513 2015 huc
561 1963 843 2030 pertinent.
914 1962 1086 2030 Atque
1129 1972 1187 2013 ut
1231 1980 1263 2011 a
1281 1961 1461 2030 figur-125
1505 1959 1709 2023 ordiar,
1763 1960 1934 2027 expli-

226 2057 427 2108 cuimus
477 2075 638 2124 supra
682 2056 996 2123 patheticas‚
1062 2055 1254 2123 quibus
1304 2055 1546 2106 Tibullus
1596 2055 1790 2116 utitur,
1848 2054 1934 2105 hic

223 2149 518 2202 videbimus
548 2151 673 2202 alias
703 2148 984 2218 quasdam,
1023 2166 1156 2217 quae
1190 2159 1239 2200 et
1267 2148 1410 2216 ipsae
1439 2147 1650 2200 affectui
1678 2148 1934 2199 inservire

224 2256 474 2312 possunt,
545 2244 670 2295 alias
723 2261 851 2297 vero
907 2242 973 2294 ad
1030 2253 1276 2295 ornatum
1330 2243 1596 2310 poeticum
1650 2242 1932 2310 pertinent.

222 2338 359 2391 Dico
397 2349 571 2389 autem
609 2340 1058 2389 circumlocutionem
1100 2348 1152 2388 et
1191 2339 1548 2388 cumulationem
1593 2339 1749 2404 vulgo
1785 2338 1932 2404 pleo-

222 2450 464 2484 nasmum
493 2432 709 2500 dictam3
744 2434 845 2484 hae
874 2432 1015 2484 enim
1046 2416 1227 2484 ceteris
1255 2434 1498 2484 omnibus
1529 2433 1585 2484 in
1614 2433 1715 2485 hoc
1742 2448 1933 2498 genere

221 2527 454 2593 potiores
495 2537 634 2578 sunt.

328 2620 422 2671 Est
452 2620 614 2685 igitur
647 2620 856 2672 schema
893 2604 1109 2670 ornatus
1146 2617 1501 2680 notissimum,
1546 2635 1663 2669 cum
1703 2634 1800 2685 per
1835 2623 1930 2669 cir-

222 2715 604 2764 cumlocutionem
649 2731 732 2779 pr.
767 2713 932 2764 verbo
975 2710 1302 2763 substantivo
1340 2729 1435 2761 esse
1472 2712 1572 2762 alia
1618 2712 1932 2780 exquisitior

221 2808 427 2875 phrasis
463 2807 707 2874 ponitur,
752 2825 803 2857 v.
830 2824 871 2857 c.
905 2805 1006 2857 sic:
1056 2805 1294 2872 Propert.
1316 2806 1408 2870 IV,
1441 2811 1487 2869 6,
1519 2810 1602 2857 16.
1657 2808 1770 2876 Qua
1804 2811 1930 2858 sinus

221 2904 385 2952 Ioniae
420 2919 668 2953 murmura
712 2901 868 2951 condit
909 2917 1094 2968 aquae,
1145 2900 1195 2948 h.
1222 2917 1268 2949 e.
1306 2900 1399 2950 ubi
1436 2900 1582 2951 sinus
1618 2901 1930 2953 Ambracius

222 3005 328 3061 est,
379 3006 470 3047 aut
511 2996 605 3060 IV,
645 3002 693 3058 7,
733 3000 817 3045 60.
873 2996 1053 3045 Mulcet
1099 2995 1181 3043 ubi
1215 2994 1391 3062 Elysios
1426 3012 1555 3045 aura
1599 2996 1741 3045 beata
1777 3012 1929 3059 rosas,

221 3091 274 3140 h.
303 3108 346 3140 e.
376 3090 470 3140 ubi
505 3089 770 3157 Elysium,
819 3098 909 3138 aut
938 3088 1125 3138 Horat.
1152 3085 1321 3155 Epod.
1344 3088 1467 3153 XV,
1495 3092 1544 3138 9.
1581 3089 1695 3140 dum
1729 3093 1927 3140 intonsos

221 3188 426 3247 agitaret
474 3184 694 3250 Apollinis
745 3200 872 3232 aura
922 3184 1138 3248 capillos,
1201 3200 1282 3248 pr.
1331 3181 1458 3233 dum
1511 3193 1681 3233 essent
1729 3183 1927 3234 intonsi

219 3278 477 3346 Apollinis
525 3276 710 3344 capilli.
798 3274 900 3326 Sed
947 3277 1079 3326 nihil
1121 3274 1421 3327 huiusmodi
1463 3275 1614 3328 video
1655 3275 1790 3343 apud
1829 3277 1918 3328 Ti-
