2086 3756
217 276 369 308 eLx1v
882 250 978 299 DE
1017 248 1218 303 POESI

214 395 305 462 qui
347 395 492 446 locus
537 393 779 445 notabilis
823 399 1040 458 propter
1083 388 1484 441 concinnitatem
1523 405 1663 438 nunc
1699 386 1910 457 quidem

215 491 386 541 minus
425 507 582 558 quam
628 489 759 539 solet
801 488 1129 539 observatam
1173 505 1203 536 a
1243 495 1427 552 poeta3
1480 502 1603 535 nam
1650 483 1811 535 doceo
1854 485 1911 533 in

213 584 602 637 Commentario
649 582 722 632 sic
759 579 1033 647 iungenda·
1071 580 1304 646 singula:
1354 597 1463 631 non
1506 579 1638 630 acies
1682 595 1791 628 non
1833 578 1914 626 ira

211 680 333 743 fuit,
372 695 483 728 non
512 677 658 728 bella'
687 694 784 727 nec
821 675 974 727 ensis.
1043 675 1185 726 Haec
1221 675 1487 726 hactenus.
1562 671 1724 723 Vides
1753 687 1911 739 quam

210 773 433 839 simplex
485 772 552 822 sit
602 770 845 822 Tibullus
897 770 954 820 in
1006 770 1296 822 variatione
1347 779 1398 819 et
1450 786 1557 837 quo
1604 766 1800 818 iudicio
1850 782 1912 815 ea

209 877 404 918 utatur.
486 867 662 916 Placet
697 882 824 917 vero
866 864 1085 917 variatio
1102 903 1116 928 ‚
1166 874 1225 914 ut
1261 862 1398 926 dixi,
1451 863 1576 931 quia
1610 861 1760 928 vigor
1794 879 1912 913 ora-

208 960 367 1012 tionis
410 960 467 1011 in
510 976 791 1028 progressu
845 959 998 1009 etiam
1043 958 1118 1008 sic
1163 957 1320 1008 alitur
1372 957 1572 1023 egregie
1588 994 1604 1020 ,
1650 955 1912 1025 siquidem

210 1074 349 1108 nunc
378 1056 482 1108 hoc.
510 1066 652 1107 nunc
680 1055 772 1105 illo
798 1051 971 1104 modo?
989 1062 1136 1104 curat
1169 1052 1325 1104 scitus
1352 1062 1537 1120 poeta,
1569 1062 1632 1104 ut
1663 1049 1913 1121 quodque

208 1151 504 1201 membrum
558 1148 666 1199 vim
720 1145 965 1197 idoneam
1009 1147 1203 1196 habeat
1258 1163 1354 1195 nec
1400 1148 1644 1210 langueat
1691 1153 1913 1214 usquam

210 1242 510 1294 continuata
542 1240 727 1291 oratio.
795 1239 857 1288 In
888 1255 1047 1306 quam
1075 1255 1188 1288 rem
1217 1255 1358 1287 nunc
1386 1239 1541 1289 etiam
1570 1238 1672 1290 alia
1699 1240 1914 1303 notab0,

209 1336 401 1404 quibus
438 1344 660 1385 utuntur
700 1330 765 1383 ad
802 1329 1091 1398 augendam
1127 1330 1236 1383 vim
1277 1331 1608 1398 pentametri.
1677 1333 1915 1383 Primum

209 1431 303 1481 ubi
336 1426 600 1497 praecedit
632 1429 689 1479 in
725 1429 1031 1478 hexametro
1070 1426 1313 1490 causalis,
1350 1425 1742 1492 conditionalia,
1778 1428 1915 1480 rela-

206 1524 314 1577 tiva
364 1523 648 1585 sententia,
716 1521 918 1572 illatum
966 1520 1025 1571 in
1073 1519 1333 1587 apodosin
1379 1539 1674 1588 pronomen
1721 1527 1790 1585 ιζς,
1843 1525 1918 1574 ille

207 1618 462 1685 egregiam
498 1618 604 1669 vim
638 1617 821 1679 habet,
856 1615 1020 1667 veluti
1053 1615 1109 1665 in
1145 1617 1288 1682 gravi
1325 1615 1698 1682 affirmatione,
1733 1618 1914 1669 horta-

206 1715 375 1778 tione,
427 1712 668 1779 querela,
719 1709 1106 1772 exsecratione,
1155 1719 1213 1759 ut
1250 1711 1303 1773 Ι,
1340 1714 1391 1774 2,
1431 1714 1532 1761 39:

349 1819 524 1887 Siquis
564 1828 613 1869 et
647 1816 954 1884 imprudens
991 1816 1317 1884 adspexerit,
1361 1817 1560 1870 occulat
1594 1816 1684 1868 ille

417 1915 624 1981 Perque
662 1911 786 1965 deos
826 1928 1007 1964 omnes
1045 1927 1100 1963 se
1135 1912 1431 1964 meminisse
1471 1923 1639 1979 neget.

202 2023 256 2087 1,
295 2023 358 2083 4,
392 2026 491 2074 68:

348 2117 419 2167 At
456 2115 548 2184 qui
583 2133 691 2166 non
730 2113 876 2166 audit
909 2113 1116 2178 Musae,
1167 2115 1261 2182 qui
1296 2110 1479 2167 vendit
1514 2130 1768 2179 amorem,

419 2208 605 2260 Idaeae
644 2226 826 2259 currus
863 2208 951 2259 ille
993 2218 1242 2275 sequatur
1278 2203 1437 2275 Opis,

206 2317 301 2368 ubi
349 2318 489 2368 conf.
533 2316 788 2383 Explicat.
835 2327 885 2366 et
933 2314 1068 2366 dicta
1118 2313 1185 2365 ad
1232 2315 1309 2378 ΙΙ,
1358 2320 1420 2380 3,
1465 2319 1554 2366 26.
1631 2316 1804 2386 Atque
1845 2317 1911 2368 ‚in

203 2412 350 2463 finali
397 2411 680 2475 sententia,
740 2410 835 2461 ubi
883 2410 1174 2474 subiectum
1219 2411 1497 2480 utriusque
1536 2427 1720 2464 versus
1759 2410 1914 2474 idem,

202 2507 397 2576 passim
439 2507 499 2557 in
548 2516 875 2574 pentametro
926 2503 1138 2556 demum
1187 2504 1405 2572 ponitur
1451 2522 1647 2558 nomen
1687 2525 1804 2559 cum
1844 2508 1915 2559 vi.

203 2605 258 2667 I,
298 2607 354 2665 1,
395 2605 493 2651 17:

348 2691 692 2761 Pomosisque
729 2692 893 2742 ruber
930 2700 1100 2741 custos
1137 2701 1368 2758 ponatur
1402 2692 1460 2742 in
1494 2692 1688 2760 hortiS,

417 2788 636 2838 Terreat
674 2795 734 2836 ut
773 2802 927 2837 saeva
969 2785 1100 2835 falce
1134 2787 1346 2855 Priapus
1380 2805 1528 2853 aveS,

203 2905 295 2948 aut
338 2911 437 2964 pro
484 2912 548 2946 eo
591 2894 816 2946 infertur
859 2909 1184 2961 pronomen,
1236 2896 1398 2950 veluti
1436 2895 1743 2965 Propertius
1790 2898 1912 2950 facit

202 2993 229 3043 I
242 3029 256 3055 ‚
296 2996 326 3042 9
344 3028 359 3055 ,
394 2990 496 3041 24:

341 3096 533 3149 Nullus
568 3096 734 3146 Amor
773 3093 1017 3163 cuiquam
1053 3094 1230 3146 faciles
1265 3095 1338 3146 ita
1373 3097 1620 3163 praebuit
1656 3100 1788 3163 alae,

412 3189 486 3242 Ut
522 3207 631 3242 non
671 3189 870 3240 alterna
906 3187 1154 3257 presserit
1187 3173 1260 3239 ille
1292 3207 1471 3242 manu.

201 3304 308 3353 Aut
344 3298 654 3355 adiectivum
690 3297 926 3366 additur,
973 3310 1033 3353 ut
1067 3300 1186 3354 Tib.
1221 3301 1299 3364 II,
1342 3306 1400 3367 1,
1439 3304 1541 3352 50:
