2086 3756
756 162 1061 223 TlBULLI
1120 164 1258 225 LIB.
1296 166 1336 224 Ι.
1370 176 1410 222 2.
1903 176 1938 230 5

309 317 472 375 Ferte
519 331 571 377 et
615 342 781 402 opes:
843 343 950 400 ego
996 320 1309 404 composito
1354 343 1586 381 securus
1631 346 1829 382 acervo

395 424 720 507 Despiciam
754 425 897 485 dites
939 426 1360 512 despiciamque
1396 426 1617 490 famem.

794 722 1227 776 ELEGIA
1307 729 1374 779 ΙΙ.

287 848 510 954 Adde
551 917 770 955 merum
812 896 1057 978 vinoque
1095 920 1274 956 novos
1315 919 1610 980 compesce
1649 899 1903 972 dolorm,

377 1000 637 1084 Occupet
676 1017 740 1062 ut
781 1003 917 1063 fessi
960 1001 1176 1064 lumina
1221 1004 1365 1066 victa
1409 1029 1611 1088 sopor:

293 1110 418 1168 Neu
459 1110 763 1194 quisquam
806 1110 985 1171 multo
1030 1111 1326 1194 perfusum
1372 1128 1629 1197 tempora
1672 1115 1901 1176 Baccho

370 1216 618 1292 Excitet,
667 1218 864 1279 infelix
907 1219 1045 1279 dum
1092 1220 1396 1303 requiescit
1436 1245 1611 1282 amor.

248 1326 438 1385 5Nam
480 1326 666 1408 posita
703 1342 787 1387 est
827 1341 1056 1387 nostrae
1096 1328 1354 1388 custodia
1398 1352 1563 1389 saeva
1607 1329 1844 1412 puellae,

374 1432 673 1493 Clauditur
715 1449 770 1494 et
813 1434 959 1494 dura
1002 1434 1175 1494 ianua
1214 1434 1380 1494 firma
1422 1459 1565 1495 sera.

282 1543 459 1601 Ianua
503 1540 753 1601 difficilis
795 1541 1091 1615 dominae,
1144 1556 1196 1601 te
1232 1541 1489 1603 verberet
1514 1542 1738 1615 imber,

361 1651 443 1710 Te
486 1650 635 1710 Iovis
674 1650 915 1734 imperio
956 1649 1197 1711 fulmina
1235 1651 1410 1712 missa
1454 1666 1662 1734 petant.

280 1762 490 1831 Ianua,
547 1759 661 1818 iam
706 1774 900 1842 pateas
945 1759 1047 1819 uni
1090 1758 1262 1833 mihi,
1317 1758 1460 1819 victa
1501 1757 1776 1841 quereliS‚

213 1879 271 1925 10
367 1867 493 1927 Neu
536 1866 733 1927 furtim
777 1889 939 1927 verso
986 1866 1219 1927 cardine
1266 1880 1460 1948 aperta
1508 1889 1690 1925 sones.

278 1974 351 2034 Et
393 1973 543 2035 mala
586 1975 751 2059 siqua
794 1975 899 2035 tibi
945 1974 1087 2034 dixit
1130 1973 1415 2034 dementia
1451 1987 1675 2045 nostra,

358 2085 660 2164 Ignoscas:
719 2083 891 2166 capiti
935 2083 1050 2143 sint
1091 2105 1298 2165 precor
1339 2081 1436 2143 illa
1478 2105 1606 2142 meo

273 2193 355 2251 Te
398 2191 722 2251 meminisse
766 2190 982 2264 decet‚.
1011 2213 1156 2273 quae
1202 2190 1450 2272 plurima
1487 2214 1621 2250 voce
1667 2190 1862 2272 peregi

355 2297 657 2380 Supplice‚
714 2316 843 2358 cum
886 2297 1039 2380 posti
1085 2296 1290 2356 florida
1335 2312 1483 2357 serta
1530 2297 1741 2359 darem.

208 2421 264 2464 15
282 2406 372 2465 Tu
418 2428 646 2488 quoque
689 2429 761 2465 ne
806 2405 1002 2465 timide
1039 2405 1334 2477 custodeS‚
1393 2403 1586 2477 Delia,
1644 2402 1790 2464 falle.

354 2512 703 2572 Audendum
748 2526 861 2572 est:
921 2513 1095 2571 fortes
1141 2511 1372 2571 adiuvat
1413 2513 1539 2594 ipsa
1578 2515 1786 2573 Venus.

268 2621 370 2682 Illa
412 2621 587 2694 favet,
642 2643 743 2682 seu
789 2621 917 2704 quis
961 2620 1180 2680 iuvenis
1228 2644 1374 2680 nova
1418 2619 1616 2681 limina
1660 2634 1864 2693 tentat,

349 2729 463 2790 Seu
507 2743 719 2790 reserat
760 2727 872 2790 fixo
918 2729 1086 2791 dente
1126 2728 1316 2813 puella
1355 2729 1541 2790 fores:

318 2932 371 2974 V.
391 2934 433 2974 6.
473 2929 662 2985 firma,
704 2932 835 2975 lectio
864 2932 1096 2986 librorum,
1137 2932 1232 2976 iure
1262 2933 1424 2976 moveri
1460 2934 1558 2976 loco
1590 2932 1760 2987 nequit,
1803 2934 1905 2974 licet

198 3014 330 3068 vulgo
370 3014 509 3068 magis
543 3014 753 3069 placuerit
785 3013 925 3072 fulta
955 3016 1145 3069 Paeon,
1189 3016 1313 3058 cuius
1353 3016 1783 3071 interpretamentum
1807 3013 1901 3069 fir-

194 3111 292 3137 mus
323 3108 418 3138 esse
443 3096 555 3138 solet
581 3096 624 3137 in
652 3096 797 3150 libris,
826 3096 881 3139 cf.
902 3097 1147 3140 Observatt.
1175 3097 1368 3140 Hermu.
1390 3120 1447 3128 —
1509 3097 1560 3139 V.
1582 3099 1651 3140 14.
1685 3095 1900 3138 florida

196 3176 316 3229 libri,
349 3177 465 3231 quod
495 3181 640 3219 tamen
666 3177 736 3219 vix
767 3178 940 3234 scripsit
962 3179 1176 3222 Tibullus.
1241 3179 1325 3221 Hic
1356 3182 1561 3234 posuerat
1582 3178 1754 3233 storea,
1785 3175 1899 3230 quod

195 3259 327 3312 vulgo
359 3265 579 3314 receptum
613 3258 667 3301 ‹le
697 3259 944 3303 coniectura
977 3261 1287 3305 Bnouxuuffl.
1351 3261 1537 3304 Mutatio
1570 3260 1784 3314 frequens.
