2158 3750
298 218 379 276 72
758 214 1065 273 TIBULLI
1120 213 1258 271 LIB.
1297 213 1391 271 III.
1427 224 1470 271 5.
1503 228 1546 273 6.

357 368 613 429 Natalem
655 367 841 449 primo
886 381 1145 427 nostrum
1187 367 1379 427 videre
1423 383 1713 449 parenteS,

454 476 593 534 Cum
643 474 846 533 cecidit
889 474 1006 534 fato
1053 474 1252 535 consul
1295 489 1531 557 uterque
1574 476 1717 557 pari.

362 581 521 659 Quid
565 580 832 640 fraudare
877 582 1031 641 iuvat
1075 582 1240 642 vitem
1286 583 1668 642 crescentibus
1702 581 1826 642 uvis

292 702 353 745 20
453 688 523 747 Et
562 687 736 747 modo
774 703 907 749 nata
950 689 1099 750 mala
1142 689 1344 750 vellere
1390 713 1562 772 poma
1604 690 1819 749 manu?

358 796 613 869 Parcite,
667 795 941 878 pallentes
987 797 1173 857 undas
1213 781 1539 880 quicunque
1585 796 1784 857 tenetis

446 903 719 986 Duraque
765 905 947 964 sortiti
984 906 1147 966 tertia
1188 929 1365 986 regna
1411 905 1517 964 dei.

357 1008 583 1094 Elysios
628 1009 762 1071 olim
804 1011 969 1072 liceat
1013 1037 1355 1094 cognoscere
1393 1037 1624 1096 campos

445 1117 864 1201 Lethaeamque
909 1135 1086 1179 ratem
1133 1121 1579 1202 Cimmeriosque
1620 1119 1809 1195 130113,

293 1237 354 1281 25
375 1225 516 1285 Cum
556 1248 680 1284 mea
726 1249 938 1306 rugosa
979 1225 1276 1308 pallebunt
1320 1250 1421 1287 ora
1465 1241 1689 1287 senecta

442 1333 515 1392 Et
553 1334 796 1394 referam
840 1335 1032 1417 pueris
1077 1350 1336 1418 tempora
1377 1336 1567 1418 prisca
1612 1358 1797 1396 senex.

357 1440 545 1524 Atque
590 1442 808 1502 utinam
854 1467 1000 1503 vano
1045 1444 1428 1527 nequicquam
1472 1459 1686 1505 terrear
1727 1446 1914 1506 aestu!

441 1550 746 1629 Languent
787 1565 872 1610 ter
916 1551 1123 1633 quinos
1168 1551 1271 1612 sed
1308 1575 1434 1612 mea
1474 1552 1731 1612 membra
1775 1553 1912 1613 dies.

354 1655 431 1714 At
473 1656 636 1716 vobis
681 1659 901 1718 Tuscae
943 1658 1302 1719 celebrantur
1338 1660 1576 1720 numina
1617 1660 1885 1747 lymphae

290 1775 351 1818 30
452 1761 526 1822 Et
567 1762 749 1824 facilis
794 1764 944 1825 lenta
988 1765 1218 1848 pellitur
1260 1767 1417 1826 unda
1461 1791 1651 1828 11131111.

355 1870 537 1932 Vivite
584 1870 802 1947 feliceS,
861 1897 1139 1934 memores
1187 1889 1239 1934 et
1281 1875 1445 1935 vivite
1490 1875 1704 1950 nostri,

443 1978 572 2038 Sive
617 1980 826 2040 erimus
873 2005 974 2041 seu
1015 2006 1122 2043 nos
1159 1982 1275 2042 fata
1319 1983 1494 2043 fuisse
1539 1983 1726 2046 velint.

355 2086 577 2145 Interea
619 2087 816 2168 nigras
861 2089 1110 2171 pecudes
1155 2091 1463 2173 promittite
1507 2092 1628 2151 Diti

441 2192 514 2253 Et
555 2194 704 2254 nivei
747 2194 907 2258 lactis
952 2196 1159 2282 pocula
1202 2198 1375 2260 mixta
1416 2221 1589 2260 mero,

842 2518 1274 2571 ELEGIA
1356 2522 1449 2572 VI.

352 2613 641 2731 Candide
681 2672 883 2745 Liber,
939 2673 1073 2732 ades
1119 2674 1225 2752 (sic
1272 2674 1343 2733 sit
1390 2675 1488 2734 tibi
1527 2675 1764 2761 mystica
1801 2678 1926 2738 vitis

448 2780 712 2862 Semper,
768 2780 848 2840 sic
892 2779 1103 2840 hedera
1148 2795 1405 2863 tempora
1443 2783 1626 2843 vincta
1668 2787 1891 2865 geras),

409 2998 556 3042 V.17.
600 3002 778 3054 primo
822 3006 1093 3048 nostrum.
1166 3006 1252 3048 ΑΙίἰ
1295 3005 1453 3051 nostri.
1529 3008 1676 3063 Vulgo
1718 3006 1862 3050 nostri
1897 3008 1995 3065 pri-

291 3093 407 3120 mum
440 3093 495 3121 ex
528 3080 647 3123 libris
679 3084 827 3137 paucis
858 3097 937 3126 nec
970 3085 1115 3138 bonis,
1158 3088 1218 3129 ait
1252 3088 1587 3132 Lacmumws,

407 3181 458 3222 V.
481 3183 551 3223 32.
594 3180 742 3222 volent
777 3183 908 3238 vulgo
944 3197 999 3226 ex
1033 3198 1132 3229 uno.

408 3280 459 3320 V.
478 3282 520 3319 2.
564 3292 731 3334 geras
773 3281 905 3324 Imm
945 3290 1076 3328 recte.
1155 3286 1475 3330 Lammina-us
1517 3301 1614 3332 cum
1658 3288 1778 3332 libris
1809 3289 1960 3348 feras.
