2158 3750
331 272 431 318 346
725 264 1193 321 COMMENTAR.
1231 265 1306 318 IN
1343 266 1630 320 TIBULLI

330 416 375 456 et
405 409 622 454 Hermo:
665 410 806 466 Saepe
835 407 920 450 illa
950 408 1198 452 immeritae
1228 416 1424 452 causata
1453 416 1523 452 est
1555 407 1721 452 omina*
1732 408 1893 458 lunae,
1923 412 1963 456 h.
1991 425 2032 457 e·

331 494 495 537 somnia
537 505 563 534 a
606 492 707 534 luna
746 492 906 545 missa,
951 492 1026 535 ubi
1070 492 1170 536 vide
1211 493 1555 536 PAssmwrmnr.
1619 491 1860 535 Conferant
1899 495 2028 539 etiam

328 579 504 621 Pmu'r.
534 576 720 619 Mercat.
745 574 804 630 Π,
830 578 872 630 1,
903 578 956 618 2:
987 574 1112 619 miris
1143 575 1283 623 modis
1315 575 1361 617 (Ιὶ
1391 575 1523 618 ludos
1543 573 1738 633 faciunt
1769 574 2031 624 hominibus,

330 657 552 718 Miri-sque
583 657 795 716 exemplis
825 657 974 702 omina
1003 656 1051 700 in
1080 657 1245 701 somnis
1275 657 1470 701 danunt.
1499 681 1556 690 --
1589 658 1700 701 Mox
1731 658 1767 700 F
1779 670 1911 700 atre
1939 657 2032 714 pio

328 741 559 796 placant
601 746 657 784 et
698 741 954 785 saliente
985 741 1134 795 sale,
1175 739 1216 783 h.
1250 753 1289 783 e.
1319 741 1462 794 mola,
1505 745 1555 784 ut
1587 740 1698 784 dixit
1727 740 1890 784 Tibun.
1921 740 1959 794 Ι,
1987 745 2032 794 5,

326 825 416 877 14„
445 823 521 866 ubi
551 822 665 867 vide.
738 823 822 867 Est
849 828 995 867 autem
1016 823 1108 882 far
1130 822 1261 880 pium
1290 823 1408 879 quod
1435 824 1649 879 religioso
1678 824 1822 867 animo
1852 822 2034 866 offertur

325 909 370 949 et
411 905 486 948 sal
524 906 692 949 saliens
733 911 803 950 est
842 908 1005 950 micans
1046 907 1092 950 in
1132 907 1259 962 igne,
1301 920 1413 962 quae
1451 920 1521 950 res
1550 907 1654 950 boni
1685 907 1852 951 ominis·
1911 906 2033 950 Lau-

326 990 431 1034 dant
461 991 646 1035 HoRAT.
677 991 757 1046 111,
785 995 860 1046 23,
889 993 988 1036 fin.:
1038 990 1257 1033 Immanis
1299 1005 1430 1032 aram
1470 989 1512 1033 si
1553 989 1707 1049 tetigit
1739 1005 1899 1033 manus
1930 990 2033 1033 Non

328 1081 594 1130 sumptuosa
626 1073 832 1118 blandior
862 1074 1014 1117 hostia
1037 1075 1238 1118 Mollivit
1269 1089 1450 1118 aversos
1477 1077 1674 1118 Penates
1705 1077 1849 1117 Farre
1874 1078 1955 1132 pio
1985 1081 2031 1116 et

321 1155 514 1198 saliente
556 1157 699 1204 mica,
743 1161 788 1200 et
829 1157 1021 1201 Vmen„
1066 1158 1173 1200 Aen.
1203 1157 1260 1210 V,
1291 1159 1396 1200 745.
1456 1156 1582 1200 Haec
1624 1155 1848 1201 hacteuus.
1910 1156 2032 1200 Cou-

323 1240 475 1282 temnit
504 1240 640 1294 igitur
669 1240 835 1283 somnia
864 1239 1148 1294 Lygdamus,
1180 1237 1298 1293 quod
1322 1251 1409 1280 non
1438 1237 1544 1281 facit
1574 1238 1800 1292 Tibullus,
1834 1238 1893 1282 cf.
1921 1237 1959 1293 Ι,
1986 1241 2031 1292 5,

325 1323 397 1365 13.
429 1345 489 1354 --
520 1324 576 1367 V.
610 1325 665 1366 11
699 1337 795 1379 sqq.
856 1322 927 1366 Et
957 1328 1159 1366 tamen.
1215 1322 1478 1378 Legendum
1505 1335 1620 1366 nunc
1648 1321 1822 1366 videtur
1850 1321 1922 1365 At
1952 1328 2031 1364 ta-

320 1421 419 1449 men
461 1409 531 1452 vel
571 1407 662 1450 Sed
699 1416 874 1457 tamen,
919 1408 1205 1466 oppositionis
1246 1408 1415 1451 ratione
1457 1407 1707 1462 flagitante;
1749 1412 1796 1448 et
1826 1406 1892 1449 bis
1929 1410 2031 1450 ante

322 1491 484 1535 lectum
515 1492 646 1535 etiam
685 1493 824 1536 malus
855 1496 988 1548 poeta
1019 1492 1205 1534 senserit
1243 1503 1359 1534 nunc
1401 1491 1588 1534 alienum
1623 1501 1734 1534 esse.
1795 1489 1906 1533 Mox
1949 1492 2029 1531 u-t-

321 1589 542 1632 cunque
574 1582 662 1621 est
690 1569 850 1621 noflem
887 1578 1124 1634 placuisset
1156 1581 1339 1634 poetae3
1386 1589 1481 1619 nam
1515 1588 1673 1632 prosae
1704 1575 1891 1619 orationi
1924 1586 2028 1616 con-

320 1661 562 1703 venientior
605 1659 712 1703 haec
759 1661 945 1704 formula
991 1666 1037 1704 et
1081 1660 1164 1705 hoc
1207 1674 1347 1717 genus
1391 1661 1598 1704 transitus
1641 1672 1771 1714 quam
1814 1659 2027 1715 poeticae.

319 1743 508 1786 Omnino
539 1747 632 1786 tota
664 1746 879 1788 sententia
910 1745 1082 1790 distichi
1122 1759 1208 1790 non
1252 1746 1424 1803 poetica
1465 1750 1558 1798 est,
1603 1754 1667 1787 ac·
1694 1757 1750 1787 ne
1780 1748 1902 1787 recte
1931 1743 2029 1798 quiq

316 1824 416 1868 dem
458 1826 740 1872 conformata.
818 1827 931 1870 Nam
977 1828 1120 1883 logica
1162 1828 1274 1872 ratio
1320 1826 1445 1871 huius
1490 1832 1538 1870 et
1581 1827 1810 1882 sequentis
1854 1823 2029 1869 distichi
2071 1830 2079 1838 ⁶

324 1906 432 1952 haec
464 1914 555 1964 est,
586 1915 636 1953 ut
665 1923 753 1953 non
784 1911 888 1966 quid
919 1912 1100 1956 credant
1126 1911 1323 1956 homines
1353 1925 1566 1968 quaerere
1593 1911 1782 1965 debeas3
1813 1909 1893 1954 sed
1922 1909 2027 1966 quid

315 1990 387 2033 sit.
449 1991 610 2035 Dicere
639 1993 775 2046 igitur
805 1993 1016 2038 debebat=
1061 1996 1154 2038 sive
1185 2008 1289 2038 vera
1329 2000 1430 2038 sunt
1459 1996 1626 2038 somnia
1654 1996 1746 2038 sive
1774 1993 1910 2048 salsa,
1941 2006 2027 2037 non

323 2077 502 2126 autem,
540 2078 590 2115 ut
618 2075 810 2128 videbis,
840 2076 895 2118 de
925 2074 1145 2119 hominum
1175 2077 1293 2131 loqui
1323 2077 1484 2120 iudicio
1514 2076 1598 2120 hoc
1625 2077 1774 2120 iilove·
1803 2099 1865 2108 --
1905 2076 2027 2120 sive
2112 2069 2149 2142 ἶ·

317 2154 416 2197 illi
446 2169 578 2198 vera
610 2157 839 2201 moneri.
900 2158 1093 2214 Elegans
1125 2163 1193 2202 est
1222 2159 1378 2203 lectio:
1410 2174 1519 2202 vera
1546 2159 1724 2205 moneri,
1755 2163 1805 2203 ut
1835 2158 2027 2204 Vossms

312 2251 487 2293 quoque
516 2240 637 2284 vidit.
698 2241 780 2282 Illi
820 2247 973 2286 autem'
1007 2243 1111 2286 ferri
1151 2245 1326 2298 nequit,
1366 2243 1484 2299 quod
1516 2243 1572 2286 ad
1602 2241 1809 2285 homines
1838 2243 2025 2286 relatum

312 2320 577 2375 superfluum
622 2326 705 2364 est·
763 2323 918 2366 Scribe
955 2323 1078 2372 illis,
1121 2322 1164 2368 h.
1197 2337 1236 2368 e.
1279 2324 1422 2368 verbis
1464 2325 1619 2369 divinis
1658 2330 1705 2369 et
1743 2326 1870 2368 extis.
1935 2325 2023 2372 Qui

311 2403 498 2457 probant
526 2403 599 2446 illi
628 2419 738 2448 vera
766 2407 989 2455 monenti,
1030 2409 1281 2464 intelligunt
1318 2422 1399 2453 seu
1442 2410 1573 2453 deum
1599 2423 1696 2454 >seu
1738 2409 2024 2466 haruspicem,

313 2485 588 2531 Huscnxms
619 2493 741 2533 vates
770 2491 999 2537 veridicos.
1062 2494 1122 2537 At
1156 2495 1270 2538 male
1301 2498 1403 2551 post
1434 2495 1624 2551 plurales
1654 2507 1696 2539 v.
1728 2497 1774 2537 5.
1808 2497 1852 2538 6.
1886 2494 2025 2538 lectos
2086 2518 2103 2532 -

311 2567 425 2612 hunc
454 2571 718 2626 singularem
751 2572 927 2628 inferri,
968 2575 1175 2620 miramur
1215 2589 1304 2619 non
1336 2577 1476 2632 primo
1507 2576 1720 2633 adspectu
1749 2576 2025 2620 animadverm

311 2663 408 2694 sum
438 2652 494 2694 ab
526 2655 738 2699 omnibus.
769 2679 830 2689 ·--
859 2657 1000 2700 Porro
1032 2657 1300 2700 Mendaci
1330 2671 1524 2702 somno
1555 2657 1595 2702 h.
1627 2671 1666 2702 e.
1698 2658 1894 2712 somnio,
1925 2659 2022 2701 vel·
2115 2662 2148 2678 ’Χ

310 2733 374 2775 uti
407 2735 546 2776 Ovn).
587 2736 775 2782 Remed.
817 2739 915 2782 Am.
949 2742 1053 2785 555.
1115 2740 1249 2782 Plura
1280 2741 1474 2783 Vossms
1504 2741 1633 2784 affert
1663 2741 1719 2784 ad
1749 2754 1791 2784 v.
1823 2744 1868 2786 3.
1929 2741 2021 2785 Ce-
2103 2725 2107 2783 J
2144 2767 2147 2770 -

311 2820 453 2860 terum
493 2819 614 2862 vides
654 2825 829 2876 poetam
871 2834 958 2864 non
998 2826 1168 2865 mutare
1199 2823 1458 2866 sententiam
1487 2836 1625 2867 suam.
1687 2823 1856 2870 Quodsi
1886 2823 2026 2879 igitur
2104 2820 2109 2822 ’

310 2903 412 2942 sunt
454 2906 716 2956 manentque
755 2904 1098 2957 vana'somnia,
1142 2916 1221 2946 cur
1261 2907 1407 2947 tamen
1450 2905 1658 2950 describit
1686 2905 1814 2951 nobis
1853 2907 2021 2952 suum?

312 2982 464 3025 Monui
509 2984 565 3026 de
607 2982 688 3028 hac
730 2987 1018 3040 repugnantia
1059 2987 1104 3030 in
1144 2986 1486 3035 Introductione.
1517 3012 1576 3022 ——
1621 2991 1843 3036 Lucina
1885 2994 2020 3048 vulgo

308 3064 418 3107 Iuno
450 3066 608 3110 dicitur
631 3071 681 3110 ut
707 3074 891 3124 constat,
919 3058 1033 3114 nuuc
1057 3071 1242 3126 Hecate,
1274 3086 1354 3116 seu
1383 3075 1524 3117 Diana
1555 3075 1777 3130 triformis,
1809 3076 2015 3121 Cunna.

310 3146 517 3203 XXXIV,
548 3154 619 3194 14.
662 3152 843 3197 Horum.
874 3153 954 3209 ΙΙΙ,
979 3159 1068 3210 22.,
1100 3171 1213 3212 quae
1243 3162 1449 3213 tanquam
1479 3158 1652 3202 Hecate
1682 3160 1848 3203 somnia
1882 3161 2019 3204 mittit
2133 3206 2141 3224 ι

309 3235 354 3273 et
384 3239 652 3280 averruncet.
714 3235 827 3280 Nam
869 3236 975 3282 haec
1018 3240 1190 3285 videtur
1231 3242 1272 3286 ei
1314 3243 1483 3286 misisse
1524 3242 1648 3285 triste
1687 3243 1926 3298 somnium,
1970 3244 2015 3286 in
2100 3259 2141 3289 ς

310 3325 437 3366 quam
469 3327 557 3358 rem
589 3315 738 3360 confer
766 3318 1007 3364 Paopnm.
1038 3323 1115 3376 IV,
1147 3325 1191 3377 4,
1222 3326 1298 3368 23.
1328 3324 1427 3367 loco
1457 3335 1590 3381 supra
1620 3323 1824 3380 laudato,
1856 3329 1902 3368 et
1931 3324 2012 3369 Ti-

309 3397 414 3440 bull.
450 3397 483 3452 1,
514 3402 558 3453 5,
590 3402 661 3445 16.
690 3425 746 3434 —-
791 3404 988 3448 noctis
1032 3406 1295 3460 timores,
1336 3406 1453 3450 visus
1493 3406 1567 3463 qui
1609 3407 1807 3452 timorem
1848 3407 2009 3452 iniece-
2089 3399 2093 3401 ’
2139 3396 2141 3405 ⁴
