2086 3756
245 212 310 246 xc
916 186 1011 241 DE
1050 184 1250 241 POESI

244 343 295 386 et
334 333 479 386 exitu
515 342 640 386 sunt
681 332 991 400 plerumque
1035 331 1222 383 breves
1264 328 1576 392 sententiae,
1629 317 1822 396 eaeque
1864 327 1935 378 sic

243 428 629 480 consarcinatae
681 444 798 478 cum
847 424 1058 490 ceteris,
1125 434 1185 475 ut
1235 424 1327 477 ubi
1382 424 1594 477 finiatur
1643 413 1935 486 exordium,

245 523 480 576 ordiatur
529 525 730 584 exituS,
796 539 950 589 saepe
998 521 1092 573 vix
1139 539 1198 571 ac
1244 539 1311 573 ne
1363 521 1457 574 vix
1505 519 1718 590 quidem
1766 518 1936 570 dicere

232 602 437 687 possis,
489 630 540 670 et
583 637 700 669 cum
745 619 901 669 etiam
943 619 997 669 in
1041 617 1214 670 medio
1255 619 1482 670 carmine
1528 635 1638 668 non
1679 617 1936 666 habeatur

239 716 540 766 Tibulliana
567 715 790 768 varietas
821 733 918 766 nec
948 716 1047 767 ista
1078 718 1367 767 accuratior
1397 713 1656 765 distinctio
1689 713 1936 780 partium,

237 812 295 863 fit
339 822 400 862 ut
439 812 716 864 uniformis
756 812 1013 882 quaedam
1053 815 1372 881 perpetuitas
1415 829 1593 862 rerum
1636 827 1735 878 per
1772 818 1938 860 totam

236 908 451 973 elegiam
488 907 744 966 decurrat.
815 911 895 962 Ita
929 911 1196 977 vulgarior
1226 910 1362 960 ratio
1394 906 1535 975 apud
1565 909 1682 959 hos.
1752 903 1938 956 Tibul-

231 1001 403 1052 lianae
439 1020 567 1056 vero
606 1004 796 1069 elegiae
831 1006 1077 1072 propriae
1114 1015 1242 1056 sunt
1273 1003 1617 1054 distinctiores
1655 1002 1856 1051 formae
1887 1007 1939 1049 et

235 1097 590 1163 oppositiones
634 1115 919 1150 nervosae:
973 1097 1248 1149 exordium
1295 1108 1346 1148 et
1389 1099 1559 1147 exitus
1608 1093 1939 1163 perspicuam

229 1189 609 1254 longitudinem
661 1193 858 1242 habent
912 1200 964 1241 et
1013 1192 1164 1241 facile
1216 1190 1586 1242 discernuntur
1637 1209 1679 1241 a
1721 1190 1936 1253 ceteris;

230 1287 464 1351 postulat
514 1303 598 1337 ars
650 1287 952 1339 Tibulliana
1004 1288 1203 1339 exitum
1254 1286 1491 1339 distincte
1543 1293 1839 1353 separatum
1887 1292 1939 1334 et

232 1379 515 1446 directum,
565 1400 676 1434 non
721 1384 1158 1450 comprehensum
1203 1384 1306 1433 alia
1349 1393 1526 1449 parte,
1577 1381 1698 1432 licet
1739 1395 1837 1446 per
1882 1393 1937 1428 se

230 1475 332 1524 hoc
368 1475 483 1526 fieri
516 1478 682 1543 possit
713 1488 852 1529 recte
883 1488 932 1529 et
963 1479 1160 1528 factum
1194 1479 1260 1528 sit
1294 1495 1478 1545 saepe3
1517 1477 1754 1528 similiter
1782 1490 1937 1538 exor-

233 1567 377 1620 dium
415 1569 715 1623 distinctum
760 1582 921 1637 amat,
978 1570 1122 1640 quod
1165 1573 1323 1624 semel
1360 1572 1418 1622 in
1462 1571 1680 1637 elegidio
1719 1571 1812 1634 IV,
1852 1573 1938 1621 13.

233 1682 351 1715 cum
394 1668 732 1734 sequentibus
776 1670 1054 1720 confusum
1099 1667 1308 1732 videaS,
1358 1669 1515 1734 vulgo
1563 1677 1736 1718 autem
1784 1683 1937 1731 argu-

229 1772 407 1813 mento
447 1779 544 1814 suo
582 1766 718 1815 clare
757 1763 1037 1817 discretum
1073 1765 1338 1833 reperitur
1373 1783 1404 1814 a
1443 1761 1657 1828 ceteris3
1709 1760 1935 1828 (lenique

229 1855 286 1906 in
337 1856 511 1909 medio
560 1859 787 1910 carmine
838 1879 997 1929 quam
1044 1862 1150 1911 sint
1195 1860 1372 1913 omnia
1421 1860 1571 1910 claris
1611 1858 1795 1913 formis
1843 1873 1935 1906 ex-

227 1967 436 2016 pressa,
494 1952 652 2004 modo
701 1964 753 2005 te
804 1954 981 2006 docuit
1019 1957 1176 2022 longa
1225 1953 1536 2021 disputatio:
1593 1951 1733 2005 unde
1780 1951 1839 2003 fit
1885 1961 1936 2002 ut

227 2049 365 2095 totius
403 2048 576 2110 elegiae
614 2049 902 2099 D'bullianae
942 2053 1084 2117 quasi
1126 2050 1369 2117 quaedam
1405 2050 1769 2099 architectonica
1809 2056 1936 2097 stru-

229 2151 370 2191 ctura
405 2161 502 2194 esse
534 2145 634 2194 dici
659 2150 816 2212 possit.
889 2143 1059 2207 Quam
1091 2162 1207 2196 rem
1241 2163 1383 2195 nunc
1419 2144 1574 2195 etiam
1610 2143 1935 2209 singulorum

231 2240 520 2288 carminum
560 2256 806 2292 recensus
843 2240 1066 2293 docebit.
1148 2242 1241 2293 Est
1281 2241 1479 2292 classici
1516 2240 1783 2307 scriptoris
1826 2255 1936 2290 non

228 2332 399 2382 solum
444 2343 611 2385 totum
651 2353 851 2403 ponere
898 2340 1190 2404 poeticum,
1243 2335 1336 2387 sed
1373 2336 1528 2386 etiam
1569 2345 1742 2404 partes
1776 2335 1936 2386 totius

226 2429 454 2479 maxime
485 2430 806 2496 commodas,
844 2449 978 2501 quae
1007 2429 1230 2482 reddant
1257 2440 1396 2482 recte
1425 2440 1477 2480 et
1505 2430 1722 2498 pulchre
1750 2438 1935 2493 totum,

229 2539 327 2572 nec
373 2534 543 2590 potest
590 2527 809 2591 intelligi
856 2537 1118 2577 structura
1168 2526 1436 2589 carminis,
1497 2525 1600 2575 nisi
1649 2534 1934 2593 utrumque

227 2621 576 2684 perspexeris.
660 2619 892 2682 Quaeras
930 2622 1089 2686 igitur
1136 2601 1260 2670 sane
1300 2617 1445 2687 quod
1491 2618 1558 2670 sit
1599 2618 1801 2682 thema,
1851 2617 1936 2670 cui

227 2711 308 2761 rei
342 2711 655 2766 destinatum
686 2716 753 2766 sit
789 2734 1022 2780 carmen,
1059 2726 1119 2767 ut
1150 2732 1427 2782 cognoscas
1466 2713 1592 2782 quid
1623 2716 1749 2767 velit
1777 2724 1935 2782 poeta

231 2814 281 2855 et
316 2806 373 2855 in
411 2824 517 2875 quo
553 2809 725 2860 unitas
761 2828 940 2861 rerum
978 2809 1129 2870 insit,
1180 2808 1272 2861 sed
1308 2827 1417 2861 non
1459 2810 1632 2861 minus
1667 2809 1722 2861 id
1769 2827 1934 2874 curce,

229 2910 291 2951 ut
326 2899 525 2955 dividas
560 2918 698 2958 recte
735 2906 1001 2958 unitatem.
1088 2905 1244 2969 Quod
1281 2923 1443 2973 genus
1485 2906 1805 2975 quaestionis
1842 2905 1935 2975 qui

229 2997 382 3064 parvi
417 2998 614 3051 ducunt
650 3001 708 3051 in
757 3005 1102 3071 explicatione
1139 3015 1404 3067 veterum,
1457 3002 1607 3072 quasi
1644 3002 1772 3054 levis
1817 3018 1934 3054 mo-

230 3095 391 3144 menti
428 3095 513 3158 sit,
559 3096 814 3147 falluntur
849 3099 1077 3165 egregie3
1129 3098 1220 3149 sed
1255 3116 1366 3150 non
1401 3097 1565 3150 facilis
1601 3096 1798 3164 ubique
1833 3113 1932 3160 ree,

219 3205 368 3255 -quae
407 3189 561 3240 etiam
597 3207 751 3242 usum
786 3194 1024 3261 requirit.
1109 3193 1294 3261 Neque
1339 3192 1477 3242 enim
1523 3193 1691 3243 solum
1735 3191 1930 3257 logicae

230 3283 430 3347 legibus
464 3284 782 3352 respondere
820 3284 975 3338 debet
1009 3287 1208 3352 divisio,
1242 3285 1333 3338 sed
1371 3285 1524 3337 etiam
1560 3301 1796 3352 poeseos.
1868 3285 1927 3334 In
