2158 3750
451 785 1074 851 COMMENTARIUS
1127 785 1209 847 IN
1252 785 1565 846 TIBULLI

677 956 960 1010 LIBRUM
994 957 1339 1010 TERTIUM.

741 1335 1260 1391 PRAEFATIO.

149 1501 451 1577 Accedimus
490 1533 547 1576 ad
591 1535 702 1578 alius
746 1540 904 1592 poetae
946 1537 1162 1591 carmina3
1207 1549 1306 1579 nam
1348 1538 1481 1579 alium
1514 1548 1612 1579 esse
1644 1539 1690 1578 et
1719 1547 1852 1590 supra

154 1618 376 1658 ostensum
407 1620 474 1658 est
511 1615 555 1658 in
587 1616 974 1667 Dissertatiouibus
1003 1617 1182 1662 Tibullo
1223 1619 1497 1676 praemissis,
1543 1622 1589 1661 et
1619 1630 1731 1660 nunc
1760 1617 1855 1672 ipsa

151 1699 285 1741 lectio
317 1703 361 1742 te
391 1698 580 1743 docebit.
643 1700 823 1745 Certum
854 1707 944 1756 est,
993 1701 1107 1746 bunc
1137 1708 1312 1760 poetam
1359 1703 1536 1757 ingenio
1569 1706 1615 1744 et
1645 1704 1738 1743 arte
1774 1699 1855 1742 Ti-

152 1784 272 1827 bullo
302 1784 439 1827 multo
466 1785 715 1830 inferiorem
745 1786 988 1842 dicendum,
1019 1801 1114 1842 nec,
1157 1788 1226 1831 vel
1258 1789 1295 1830 si
1332 1787 1491 1844 cupide
1522 1797 1705 1842 quaeras
1739 1782 1854 1838 quod

154 1866 306 1910 laudes
348 1871 426 1910 aut
465 1867 699 1923 defendas,
740 1871 877 1914 multa
919 1876 965 1914 te
998 1868 1243 1914 huiusmodi
1272 1871 1549 1914 inventurum
1579 1865 1857 1924 spondemus.

154 1951 241 1994 Ubi
283 1956 428 1995 tamen
467 1952 651 1996 vidimus
691 1953 810 2008 quod
850 1966 939 1997 non
980 1953 1256 2012 displiceret,
1301 1954 1575 2006 notavimus,
1621 1964 1678 1994 ne
1708 1949 1859 1994 iniusti

81 2043 87 2048 ·
153 2033 421 2080 haberemur.
482 2035 583 2079 Nou
612 2035 810 2081 fecerunt
838 2035 923 2081 hoc
954 2038 1147 2081 Vossms
1182 2041 1228 2080 et
1256 2035 1593 2079 E1cnsmn111s.

270 2120 456 2164 Amabat
486 2125 618 2177 poeta
647 2120 860 2165 Neaeram
894 2122 951 2165 ab
983 2134 1037 2165 eo
1069 2121 1254 2175 dictam,
1302 2133 1415 2175 quae
1459 2117 1710 2175 coniugium
1751 2130 1859 2174 pro-

66 2247 70 2250 ,
155 2202 357 2258 miserat,
399 2202 557 2247 deinde
595 2216 699 2248 vero
731 2204 861 2247 alium
895 2203 1094 2247 iuvenem
1142 2201 1364 2259 praeferre
1399 2201 1575 2258 coepit,
1627 2202 1698 2244 cui
1731 2201 1862 2244 etiam

158 2285 325 2330 nubere
369 2287 600 2342 cogitavit=
652 2285 752 2331 hinc
799 2291 948 2330 natum
1001 2291 1306 2343 argumentum
1361 2285 1508 2328 flebile
1564 2283 1691 2327 huius
1748 2282 1863 2325 libri.

157 2370 268 2413 Cum
308 2375 454 2413 autem
486 2370 530 2412 in
573 2370 710 2425 primo
753 2373 943 2415 carmine
975 2372 1114 2415 virum
1145 2384 1195 2414 se
1230 2368 1448 2424 quondam
1482 2366 1707 2417 Neaerae,
1749 2377 1865 2406 nunc

156 2450 334 2494 fratrem
365 2451 508 2504 dicat,
557 2452 826 2495 Huscmrms
864 2466 1004 2508 nuper
1038 2452 1235 2495 Munss'rr
1267 2451 1517 2506 opinionem
1548 2448 1703 2491 miram
1733 2458 1864 2488 revo-

160 2533 274 2575 cavit
304 2538 427 2576 natos
459 2533 732 2589 Lygdamum
764 2539 810 2577 et
841 2534 1056 2578 Neaeram
1089 2533 1292 2576 fratribus
1323 2537 1400 2575 aut
1437 2530 1690 2583 sororibus,
1738 2541 1862 2572 cum-

160 2627 246 2669 que
277 2615 499 2670 legitimae
532 2616 708 2671 nuptiae
739 2618 826 2659 sint
856 2618 966 2659 inter
999 2617 1109 2658 filios
1142 2615 1322 2657 fratrum
1355 2619 1399 2656 et
1429 2625 1654 2664 sororum,
1689 2615 1863 2667 poetam

160 2695 271 2740 hanc
300 2711 421 2741 suam
452 2711 647 2742 sororem
678 2699 838 2743 dictam
870 2700 1102 2755 aliquando
1139 2699 1182 2741 in
1214 2698 1486 2742 matrimonio
1516 2696 1741 2748 habuisse,
1787 2694 1868 2737 de-

160 2778 260 2822 inde
291 2793 395 2822 casu
437 2779 662 2823 discidium
704 2781 1017 2834 intervenisse,
1058 2793 1260 2835 sperasse
1301 2792 1406 2822 vero
1447 2778 1651 2821 maritum
1691 2775 1866 2831 nuptias

161 2861 305 2903 denuo
334 2862 677 2916 conglutinatum
708 2862 776 2907 iri.
838 2862 929 2905 Sed
960 2862 1115 2905 futiles
1145 2865 1246 2904 sunt
1282 2860 1362 2904 liae
1392 2861 1683 2911 coniecturae,
1715 2869 1869 2911 quem-

163 2942 397 2987 admodum
428 2945 512 2987 iam
541 2943 858 2989 Ercnsmmus
896 2945 1088 2989 ostendit
1129 2946 1174 2987 in
1206 2945 1583 2987 Commentatione
1618 2940 1869 2984 academica

165 3026 235 3065 De
265 3023 492 3083 Lygdami
520 3024 790 3069 carminibus
820 3040 917 3070 ann.
952 3030 1085 3070 1819.
1157 3026 1271 3069 Nam
1317 3026 1390 3080 qui
1433 3025 1610 3067 maritus
1652 3022 1867 3078 quondam

164 3106 331 3160 suerat,
377 3106 533 3150 eodem
563 3112 759 3164 tempore
802 3110 935 3152 etiam
977 3108 1111 3151 frater
1143 3107 1226 3150 fuit
1268 3107 1530 3162 cognatione
1572 3106 1655 3147 ista
1698 3105 1868 3159 posita3

166 3188 384 3242 quomodo
415 3189 550 3243 igitur
593 3187 665 3230 vir
703 3189 954 3247 quondam,
1000 3204 1118 3231 nunc
1139 3188 1302 3248 frater
1333 3189 1418 3231 dici
1451 3191 1598 3243 potest
1628 3190 1676 3229 ut
1706 3187 1754 3228 fit
1785 3185 1868 3239 hic,

166 3270 447 3324 similiterque
477 3269 650 3313 Neaera
682 3268 775 3311 sive
803 3269 996 3311 coniunx
1027 3268 1120 3312 sive
1151 3284 1277 3312 soror
1297 3269 1505 3326 jutura,
1554 3280 1666 3323 quae
1701 3271 1870 3310 utrum-

171 3364 256 3404 que
293 3351 432 3395 suerat
474 3353 639 3396 simul?
702 3354 849 3399 Quare
882 3354 1023 3409 potius
1054 3354 1108 3397 ad
1140 3353 1370 3397 amicitiam
1402 3352 1618 3409 pertinent
1649 3365 1687 3394 v.
1712 3350 1872 3407 frater
