2086 3756
236 227 327 262 xxv
937 205 1033 260 DE
1071 205 1240 259 VITA

238 367 360 402 ann.
401 355 520 401 689.
556 356 705 401 natue
743 346 1009 399 Tibullum
1047 341 1327 397 candidum
1373 342 1594 398 iudicem
1643 362 1940 399 sermonum

173 417 178 427 Ι
236 462 451 497 suorum
499 445 723 512 appellat
766 441 930 508 Epist.
967 439 1018 502 1,
1057 440 1138 503 4.,
1187 455 1297 492 non
1350 440 1579 492 facturus
1631 441 1763 493 tanti
1806 439 1941 492 iudi-

236 541 372 594 cium
407 540 632 591 hominis
669 537 831 588 multo
869 554 923 588 se
961 536 1209 599 iunioris,
1260 553 1576 605 quamquam
1615 535 1816 605 aliquot
1851 551 1942 585 an·

236 635 316 686 nis
364 634 542 686 iunior
587 649 696 686 esse
749 633 922 699 potuit
969 632 1224 685 Tibullus.
1311 629 1513 696 Quodsi
1561 631 1679 685 circ.
1715 632 1781 682 ab
1819 648 1942 681 ann.

237 734 357 780 695.
394 726 459 779 ad
498 730 782 785 ann.,736.
816 725 974 788 vixit,
1015 727 1335 777 conveniunt·
1370 727 1546 778 omnia
1583 726 1806 795 optime:
1844 722 1945 776 dici

233 823 407 890 potuit
450 823 654 875 iuvenis
712 819 984 874 decessisse
1038 830 1165 873 noto
1219 839 1316 873 usu
1365 822 1538 885 verbi,
1585 819 1943 888 imprimisque

234 919 414 971 favent
447 917 569 969 huic
606 901 801 970 calculo
840 933 974 986 quae
1013 913 1077 968 de
1116 917 1250 969 vitae
1303 934 1426 970 suae
1477 933 1632 969 cursu
1683 924 1944 983 comperta

233 1014 484 1065 habemus
523 1023 614 1064 aut
650 1013 902 1065 coniicere
939 1014 1086 1076 licet,
1124 1030 1220 1080 per
1256 1029 1423 1064 annos
1460 1010 1669 1080 digesta.
1740 1004 1823 1064 Ins
1843 1011 1944 1063 hoe

231 1111 390 1175 igitur
417 1107 866 1177 acquiescendum.
888 1166 905 1182 0
938 1108 1216 1160 Paldamus
1251 1127 1368 1175 pag.
1399 1109 1487 1160 49.
1524 1104 1791 1160 contendit
1822 1123 1944 1158 ann.

237 1209 359 1254 700.
393 1211 604 1269 poetam
639 1212 836 1253 natum.
905 1198 1011 1252 Sed
1046 1203 1308 1252 nutriculae
1343 1203 1541 1254 mentio
1590 1211 1644 1253 et
1688 1202 1837 1252 dulcis
1885 1218 1944 1251 a·

231 1301 379 1349 Iumni
405 1298 463 1349 in
497 1299 614 1349 loco
650 1296 858 1348 Horatii
892 1297 1058 1364 Epist.
1093 1297 1146 1359 1,
1183 1298 1237 1348 4.
1290 1297 1462 1349 statim
1508 1293 1780 1350 afferendo
1834 1313 1945 1348 non

230 1393 426 1448 indicat
460 1393 750 1445 necessario
785 1393 950 1443 multo
985 1391 1249 1442 iuniorem
1283 1402 1511 1458 poetam.
1579 1387 1739 1443 Ridet
1770 1391 1944 1444 iocose

232 1489 482 1543 Horatius
518 1490 756 1557 mollem,
793 1505 905 1538 non
940 1487 1060 1539 satis
1085 1488 1373 1539 masculum
1403 1487 1635 1538 animum
1658 1488 1816 1558 Albii,
1852 1489 1947 1557 qui

232 1582 392 1637 modo
428 1584 746 1636 miserabiles
783 1586 954 1651 elegos
993 1582 1358 1636 decantaverat
1397 1594 1614 1652 propter
1651 1583 1942 1652 Glyceram.

232 1677 306 1730 Ut
340 1680 420 1730 his
452 1678 626 1729 verbis
652 1678 863 1728 minime
893 1695 1239 1730 commovear.
1312 1679 1395 1728 De
1421 1679 1634 1730 fortuna
1659 1696 1787 1731 vero
1814 1696 1942 1746 poe-

232 1786 315 1826 tae
351 1776 674 1826 luculentum
713 1785 788 1826 est
824 1774 1178 1825 testimouium
1213 1776 1299 1824 ille
1336 1775 1507 1841 locus3
1545 1790 1668 1823 nam
1699 1774 1942 1825 omnibus

233 1874 386 1924 bonis
438 1880 680 1924 ornatum
747 1869 1039 1940 praedicat,
1100 1872 1289 1941 quibus
1347 1887 1477 1938 opus
1539 1869 1606 1923 ad
1661 1867 1943 1923 iucundam

232 1969 422 2023 vitam:

377 2064 505 2118 Non
543 2075 598 2118 tu
638 2083 825 2134 corpus
865 2085 978 2120 eras
1016 2069 1126 2122 sine
1165 2081 1403 2137 pectorc;
1447 2066 1500 2120 di
1538 2069 1632 2120 tibi
1666 2068 1905 2130 formam,
1968 2056 1978 2063 d

374 2160 449 2211 Di
484 2162 579 2212 tibi
616 2161 818 2214 divitias
857 2161 1114 2214 dederunt
1150 2175 1417 2232 artemque
1455 2160 1684 2214 fruendi.

375 2250 519 2316 Quid
553 2266 742 2308 voveat
777 2256 916 2309 dulci
955 2259 1214 2309 nutricula
1248 2259 1414 2309 maius
1451 2260 1690 2321 alumnO,

374 2345 482 2409 Qui
515 2366 697 2416 sapere
734 2360 788 2401 et
822 2351 923 2403 fari
957 2353 1121 2418 possit
1155 2369 1290 2420 quae
1327 2350 1540 2416 sentiat,
1580 2363 1631 2403 et
1666 2354 1752 2404 cui

375 2443 583 2504 Gratia,
620 2445 786 2509 sama,
824 2443 1067 2497 valetudo
1106 2447 1368 2512 contingat
1403 2443 1640 2510 abunde,

371 2538 440 2591 Et
461 2537 702 2591 mundus
738 2542 1052 2605 victus-non
1088 2539 1356 2594 deficiente
1393 2536 1678 2594 crumena?

230 2638 306 2688 Ac
354 2635 555 2688 formae
602 2636 1010 2704 pulcritudinem
1059 2638 1214 2689 etiam
1260 2639 1386 2690 Vita
1433 2640 1650 2706 antiqua
1697 2645 1940 2703 testatur3

227 2728 582 2782 valetudinem
614 2742 831 2798 poetae,
883 2732 976 2801 qui
1012 2750 1122 2783 non
1155 2735 1379 2784 multum
1425 2735 1564 2784 ultra
1600 2727 1940 2800 quadraginta

229 2844 396 2879 annos
444 2828 602 2892 vixit,
649 2829 901 2896 imprimis
949 2827 1185 2880 Nemesis
1235 2846 1382 2880 amor
1432 2828 1691 2880 infaustus
1726 2826 1938 2894 fregisse

227 2921 454 2976 videtur.
543 2925 766 2976 Divitias
801 2925 1052 2976 Horatius
1088 2927 1265 2993 paullo
1301 2936 1422 2993 post
1453 2922 1711 2977 mundum
1745 2927 1940 2977 victum

227 3019 377 3084 dicit,
427 3022 522 3090 qui
571 3031 650 3073 est
697 3040 870 3092 neque
919 3020 1162 3074 sordidus
1209 3039 1383 3090 neque
1433 3022 1586 3073 nimis
1635 3023 1837 3090 amplus
1888 3032 1940 3072 et

228 3116 493 3184 opiparuS,
530 3126 686 3185 atque
721 3117 794 3167 ita
829 3118 1072 3169 Tibullus
1107 3120 1218 3185 ipse
1255 3119 1296 3183 Ι,
1328 3125 1373 3182 1,
1410 3117 1501 3170 fin.
1537 3118 1742 3170 scribit:
1792 3118 1937 3182 „De-

228 3213 439 3280 spiciam
462 3211 608 3278 dites,
645 3211 1026 3283 despiciamque
1051 3216 1286 3268 famem.''
1357 3214 1599 3268 Habebat
1617 3216 1758 3266 enim
1782 3229 1937 3282 prae-

230 3308 372 3363 dium
398 3310 592 3364 avitum
627 3309 683 3362 in
719 3310 930 3378 regione
969 3311 1207 3377 Pedana,
1258 3325 1315 3364 ut
1353 3324 1427 3364 est
1466 3309 1604 3382 apud
1641 3313 1934 3378 Horatium,
