2158 3750
308 262 330 306 1
342 259 408 304 84
702 256 740 304 C
748 253 1171 306 OM‘MENTAR.
1205 253 1279 304 IN
1316 255 1605 307 TIBUL-Ll

304 397 506 441 Pisum.
538 397 591 438 T.
625 395 680 437 11.
723 409 764 449 p.
799 397 901 438 192.
931 397 1037 436 292.
1069 398 1171 438 636.
1237 393 1488 437 Videbimus
1518 401 1611 437 rem
1644 397 1774 443 etiam
1796 395 1914 451 >infra
1943 395 2002 449 Π,
2063 367 2066 370 ⁴
2092 370 2102 378 “

304 484 347 531 3,,
385 483 451 521 14.
484 483 528 519 et
557 477 636 529 111,
665 478 711 528 4,
739 478 812 517 49.
846 479 889 528 6,
919 479 964 517 3.
997 481 1041 516 et
1071 478 1143 517 26.
1205 475 1557 530 Satis.freqnens
1588 475 1670 518 boc
1698 489 1843 533 genus
1865 473 2004 521 int'er-

306 560 542 618 positionis.
605 561 748 612 Atque
788 556 894 600 haec
934 556 1152 599 hactenus.
1182 581 1240 590 -
1293 559 1468 600 multo
1517 571 1692 611 mero,
1733 563 2003 612 sexto,..‚‹:asu

306 658 474 686 eausam
506 644 798 697 significante,
830 647 876 684 ut
907 642 1042 684 Ovu).
1076 642 1210 684 Trist.
1239 641 1317 694 ΙΙΙ,
1346 645 1389 694 5,
1421 644 1506 683 48:
1548 640 1766 699 lapsaque
1794 648 1910 685 sunt
1933 642 2009 685 ni·-

305 729 390 767 mio
417 724 547 767 rerba
571 723 774 782 profana
805 738 934 770 meno,
966 729 1141 766 notante
1173 725 1568 766 Wunnunnlcmo.
1627 723 1739 766 Add.
1765 724 2008 767 Pnoemvr.

304 808 360 861 ΙΙ,
400 810 474 860 34,
512 811 588 853 22.
618 829 676 837 —-
738 807 794 850 V.
825 809 899 849 29.
933 809 1008 848 30.
1070 805 1227 848 Dicere
1270 810 1464 861 poterat:
1515 805 1640 846 Haec
1681 817 1766 859 ego
1811 803 2008 858 dice-bam

303 890 410 932 flens
441 893 486 932 et
515 888 569 931 ad
600 901 754 942 genua·
772 888 896 944 pueri
925 887 1181 941 advolutus3
1228 872 1401 942 poetica
1431 892 1524 930 arte
1554 888 1742 930 invertit.
1803 886 2007 929 Ceterum

304 973 467 1016 claudit
496 971 578 1016 hoc
609 971 792 1018 disticho
821 973 1148 1016 antecedentem
1179 973 1347 1027 locum,
1381 978 1430 1016 ut
1460 973 1595 1018 vides,
1657 973 1864 1028 Sequitur
1893 985 2006 1016 nunc

306 1070 416 1102 nova
447 1070 546 1112 pars
577 1056 902 1110 obiurgatiouis.
933 1079 993 1088 —
1040 1057 1096 1099 V.
1127 1060 1183 1098 31
1218 1071 1312 1111 sqq.
1352 1057 1557 1100 divitis
1588 1057 1709 1099 auri
1745 1055 2007 1111 pondere,

306 1145 354 1182 ut
377 1140 457 1193 111,
478 1142 522 1192 3,
544 1143 612 1182 ll.
645 1140 885 1182 Paolum-r.
909 1138 990 1191 111,
1015 1141 1059 1192 5,
1087 1141 1141 1181 4:
1167 1151 1340 1195 gemma
1361 1137 1509 1187 dives..
1541 1137 1789 1189 Add.·infra
1810 1137 1847 1189 1,
1875 1141 1945 1190 10,
1967 1141 2009 1179 7.

305 1223 515 1266 Similiter
545 1238 670 1279 opas,
701 1237 864 1264 munus
892 1222 1019 1266 dives
1052 1222 1221 1265 dicitur.
1281 1221 1365 1265 Est
1391 1221 1509 1276 quod
1535 1221 1707 1269 divitias
1729 1221 1933 1281 continet,
1963 1225 2013 1263 ut

305 1310 450 1361 patet,
486 1318 563 1347 seu
595 1305 844 1361 pretiosum.
908 1302 1093 1348 Pondus
1131 1303 1236 1346 auri
1275 1317 1379 1346 vero
1421 1302 1699 1349 usitatissima
1739 1301 1868 1366 etiam
1907 1312 2011 1357 pre·-

305 1368 438 1432 saicis
463 1390 642 1442 locutio,
682 1393 731 1442 ut
766 1389 915 1442 lem,
950 1388 1197 1441 CIcuRom,
1223 1388 1430 1432 lusruvo.
1492 1387 1697 1431 Ceterum
1729 1387 1886 1429 Annus
1907 1397 2018 1430 nnn..

310 1474 440 1513 1502.
473 1472 634 1529 primus
665 1471 824 1514 edidit:
855 1469 980 1512 nullo
1012 1477 1056 1511 te
1088 1468 1244 1511 divitis
1275 1469 1382 1512 auri
1403 1468 1614 1526 pondere,
1637 1468 1686 1519 ⁴h.
1717 1481 1755 1512 e.
1788 1480 1843 1511 ne
1873 1468 2015 1512 maxi-

306 1567 376 1597 mo
408 1555 595 1614 quidem.
657 1555 978 1598 LAcmnNNus
1021 1556 1212 1599 restituit
1241 1553 1414 1596 nullius
1455 1567 1481 1597 e
1522 1551 1619 1596 cod.
1661 1553 1740 1605 A..
1775 1551 1896 1618 ‚quod
1926 1561 2014 1595 non

307 1636 612 1680 damnaverim.
674 1638 761 1680 Ut:
803 1639 920 1681 nullo
951 1651 1056 1680 auro
1088 1643 1179 1681 est:
1224 1651 1278 1680 ne
1309 1637 1494 1693 plurimo
1525 1636 1723 1691 quidem,
1750 1635 1814 1679 sic
1842 1632 2015 1678 nullius

309 1717 415 1761 auri
439 1718 632 1773 pondere
662 1719 770 1762 erit:
802 1733 856 1762 ne
883 1721 1166 1776 copiosissimi
1196 1719 1369 1775 quidem
1398 1721 1491 1762 auri
1520 1718 1724 1775 pondere.
1785 1717 1880 1760 Nec
1907 1729 2018 1773 opus

307 1802 558 1854 pronomine
588 1809 658 1846 te,
690 1801 745 1844 cf.
776 1801 830 1844 ad
862 1802 898 1855 Ι,
928 1806 971 1855 3,
1005 1805 1077 1844 27.
1113 1824 1168 1833 ·-
1212 1802 1473 1856 gemmis,
1506 1801 1661 1856 quibus
1692 1801 1854 1855 digitos
1884 1812 2014 1842 orna-

307 1885 423 1928 bant.
454 1909 514 1916 -—
562 1886 867 1942 Campania
908 1892 1084 1941 terra,
1135 1892 1184 1930 ut
1216 1892 1332 1930 terra
1372 1887 1554 1940 Arabia,
1596 1885 1820 1942 Hispania,
1871 1883 2012 1928 Italia.

309 1967 479 2019 Africa,
521 1968 619 2010 vide
651 1969 786 2010 multa
817 1970 1015 2024 exempla
1046 1969 1162 2024 apud
1195 1971 1431 2014 Vum’um.
1495 1969 1698 2012 Tibullus
1727 1967 2010 2024 oppositionis

307 2062 436 2091 causa
468 2049 649 2102 adiecit,
698 2062 796 2092 cum
827 2054 927 2091 ante
959 2050 1014 2091 de
1045 2063 1153 2092 auro
1183 2056 1229 2091 et
1259 2052 1444 2104 gemmis
1474 2051 1679 2103 dixisset,
1727 2050 2012 2107 oppositioni-

306 2130 387 2174 bus
431 2136 575 2174 autem
619 2131 844 2174 nervosior
882 2132 932 2173 fit
977 2131 1131 2173 oratio.
1205 2131 1406 2174 Ceterum
1446 2132 1711 2176 fertilitatem
1752 2130 2014 2187 Campaniae

305 2214 401 2268 quis
433 2215 604 2256 nescit?
636 2237 695 2245 —-
742 2215 1026 2257 Falernus
1070 2228 1238 2269 ager,
1282 2216 1362 2259 sub
1405 2221 1552 2258 monte
1583 2216 1771 2259 Massico
1801 2217 1845 2258 in
1884 2215 2014 2258 Cam-

306 2298 456 2352 pania,
489 2303 537 2339 ut
567 2302 762 2351 constat,
795 2298 868 2339 ubi
900 2298 1042 2340 vinum
1072 2303 1171 2354 post
1201 2299 1448 2341 Caecubum
1479 2298 1834 2355 pretiosissimum
1862 2297 2016 2340 ltaliae

306 2380 545 2423 crescebat.
609 2379 721 2423 Vide
754 2381 958 2423 Vosst
993 2381 1047 2423 ad
1081 2382 1204 2436 Virg.
1238 2383 1406 2436 Georg.
1438 2382 1496 2436 ΙΙ,
1527 2397 1569 2438 p.
1597 2385 1702 2426 299.
1761 2380 2014 2438 Appositioz

307 2462 522 2505 Bacchi
555 2476 714 2516 cura,
763 2464 893 2505 etiam
928 2464 1213 2520 oppositionis
1246 2477 1374 2506 causa
1407 2465 1569 2519 placuit
1598 2468 1780 2520 poetae,
1809 2476 1908 2507 cum
1936 2475 2017 2506 an-

303 2547 510 2590 tecedens
538 2560 690 2589 versus
721 2546 775 2588 de
817 2546 1036 2591 frumento
1070 2548 1332 2603 Campaniae
1364 2553 1479 2601 agat.
1501 2569 1557 2580 —
1590 2548 1642 2590 V.
1663 2551 1721 2590 35
1738 2559 1832 2601 sqq.
1882 2545 2016 2588 Illis

303 2629 568 2685 eriperes
598 2629 788 2672 verbis
819 2628 959 2671 mihi
984 2635 1069 2671 etc.
1130 2629 1311 2670 Talibus
1348 2629 1522 2671 iurabas
1552 2630 1722 2683 verbis,
1760 2628 1914 2684 quibus
1944 2629 2012 2670 vel

303 2712 341 2754 si
371 2712 473 2766 quid
505 2717 652 2754 contra
685 2713 907 2755 oculorum
939 2724 1109 2754 sensum
1142 2710 1451 2763 contenderes.
1497 2712 1680 2754 credere
1711 2723 1782 2754 me
1815 2723 2011 2766 cogeres.

304 2794 448 2836 Verba
480 2794 670 2849 eriperes
699 2793 845 2836 lucere
880 2808 965 2837 non
998 2795 1108 2837 bene
1136 2795 1172 2836 F
1175 2808 1483 2838 oncssnmmus
1516 2796 1732 2851 explicat:
1776 2799 2013 2849 extorque-

304 2892 373 2921 res
404 2876 503 2919 mihi
533 2882 582 2920 ut
612 2890 831 2931 negarem.
892 2876 1056 2918 Sensus
1090 2875 1346 2918 manifesto:
1399 2878 1590 2932 eriperes
1621 2875 1723 2919 mihi
1753 2875 2015 2932 opinionem,

304 2962 448 3003 lucere
479 2962 641 3013 solem,
683 2964 731 3002 ut
762 2960 965 3002 Vum’ms
996 2958 1115 3003 vidit.
1153 2981 1211 2992 --
1260 2960 1524 3004 fulminis
1566 2961 1717 3014 vias,
1762 2965 1813 3003 ut
1841 2961 2016 3004 Sunuc.

303 3042 483 3096 Thyest.
515 3046 627 3086 358:
677 3043 815 3099 Quem
857 3058 944 3083 non
987 3044 1210 3086 conculiet
1254 3044 1416 3086 cadens
1461 3044 1631 3102 obliqui
1673 3043 1750 3086 via
1785 3041 2017 3101 fulminis,

303 3124 576 3167 laudantibus
607 3123 932 3180 interpretibus.
965 3147 1025 3155 -
1067 3140 1093 3181 p
1112 3138 1272 3179 uras,
1308 3127 1500 3181 lucidas,
1532 3127 1690 3169 usitato
1723 3123 1916 3182 epitheto
1946 3124 2014 3166 lu-

304 3207 428 3252 minis
461 3214 505 3252 et
536 3210 661 3262 ignis.
723 3210 881 3251 Graeci
914 3210 974 3251 ita
1005 3205 1221 3266 καθαρόν,
1253 3215 1303 3254 ut
1334 3213 1536 3255 Pmmn.
1568 3208 1695 3264 Pyth.
1728 3209 1806 3262 VJ,
1837 3210 1906 3251 14.
1938 3208 2014 3251 ubi

300 3290 422 3335 conf.¹
439 3292 757 3334 annotationem
791 3297 1005 3345 nostram,
1038 3298 1083 3335 et
1114 3288 1263 3345 ἁγνόν,
1300 3299 1344 3336 nt
1379 3294 1480 3335 ibid.
1516 3291 1642 3346 Pytli.
1674 3291 1710 3346 l,
1740 3294 1828 3333 21:
1871 3287 2012 3334 ἀπλά-

300 3388 377 3413 του
412 3369 548 3430 πυρὸς
579 3368 815 3426 ἁγνόταται
845 3377 995 3427 παγαί.
1027 3399 1086 3408 --
1132 3388 1236 3419 non
1273 3389 1377 3431 ego
1410 3377 1623 3420 fallere
1670 3374 1904 3427 doctus,
1941 3375 2014 3430 qui

2139 3518 2158 3556 'a

2136 3565 2158 3580 W
