2158 3750
719 227 1027 287 TIBULLI
1087 227 1227 287 LlB.
1265 228 1306 287 1.
1338 241 1381 286 2.
1865 234 1901 290 7

268 384 384 443 Nec
411 396 599 442 tamen
633 382 767 443 huic
793 383 985 443 credet
1013 383 1261 444 coniunx
1288 397 1437 457 tuuS‚
1478 397 1539 442 ut
1566 383 1706 442 mihi
1733 407 1900 444 verax

340 488 600 551 Pollicita
638 503 722 550 est
758 490 982 570 magico
1025 514 1165 571 saga
1207 490 1536 551 ministerio,

192 611 251 656 45
268 598 429 658 Hanc
473 620 579 677 ego
625 596 696 655 de
741 594 896 655 caelo
941 596 1241 658 ducentem
1286 598 1476 659 sidera
1518 597 1665 670 vidi,

344 702 623 762 Fluminis
667 702 807 763 haec
842 702 1032 785 rapidi
1078 705 1327 764 carmine
1371 705 1536 766 vertit
1575 706 1708 778 iter,

253 811 407 870 Haec
449 823 619 869 cantu
661 808 942 893 finditque
985 809 1170 870 solum
1215 813 1530 894 Manesque
1567 811 1843 895 sepulcris

339 915 507 976 Elicit
549 930 604 977 et
645 916 840 1000 tepido
883 916 1119 977 devocat
1159 940 1289 977 ossa
1328 941 1487 998 rogo,

248 1025 366 1083 Iam
408 1039 560 1085 tenet
600 1024 854 1085 infernas
897 1025 1121 1106 magico
1166 1025 1410 1085 stridore
1456 1039 1704 1085 catervas
1724 1072 1738 1097 ‚

182 1147 243 1191 50
339 1133 459 1193 Iam
501 1133 660 1194 iubet
703 1157 965 1217 aspersas
1005 1131 1149 1194 lacte
1193 1133 1404 1193 referre
1449 1132 1681 1215 pedem:

253 1242 396 1300 Cum
438 1240 606 1316 libet,
655 1241 796 1303 haec
831 1241 978 1302 tristi
1023 1240 1256 1325 depellit
1297 1240 1497 1302 nubila
1542 1240 1728 1313 caelo,

330 1351 474 1411 Cum
514 1349 680 1425 libet,
733 1349 943 1411 aestivo
987 1364 1261 1411 convocat
1300 1349 1438 1410 orbe
1477 1349 1649 1409 nives.

249 1457 385 1519 Sola
427 1473 621 1519 tenere
662 1457 842 1519 malas
886 1457 1126 1519 Medeae
1171 1458 1383 1518 dicitur
1418 1456 1657 1528 herbas,

306 1567 441 1628 Sola
483 1567 636 1628 feros
680 1569 927 1629 Hecatae
962 1567 1361 1651 perdomuisse
1408 1590 1590 1626 canes.

172 1678 395 1737 55Haec
431 1676 573 1736 mihi
615 1675 937 1760 composuit
978 1690 1209 1750 cantus,
1254 1675 1382 1761 quis
1421 1673 1617 1734 fallere
1657 1695 1884 1756 posses:

329 1787 445 1846 Ter
485 1809 656 1859 cane,
706 1799 793 1845 ter
835 1784 1002 1845 dictis
1049 1783 1267 1867 despue
1311 1782 1676 1844 carminibus.

238 1894 336 1955 Ille
377 1893 522 1955 nihil
558 1894 773 1978 poterit
809 1893 880 1954 de
922 1893 1092 1954 nobis
1138 1892 1368 1954 credere
1414 1891 1710 1974 cuiquam,

321 2005 453 2064 Non
495 2002 633 2078 sibi,
691 2003 742 2063 si
786 2002 848 2063 in
893 1999 1052 2077 molli
1093 2001 1298 2062 viderit
1334 2000 1457 2083 ipse
1502 2012 1644 2059 torn.

239 2112 330 2170 Tu
374 2126 563 2172 tamen
607 2109 893 2171 abstineas
939 2108 1096 2170 aliis:
1158 2131 1294 2168 nam
1339 2122 1523 2168 cetera
1566 2120 1758 2167 cernet

168 2235 229 2278 60
326 2218 566 2279 Omnia:
627 2218 699 2278 de
744 2241 834 2278 me
866 2241 984 2277 uno
1029 2217 1233 2276 sentiet
1271 2215 1364 2276 ille
1407 2215 1567 2276 nihil.

241 2325 403 2405 Quid
429 2324 697 2385 credam?
738 2347 943 2407 nempe
974 2323 1115 2382 haec
1151 2322 1348 2382 eadem
1380 2346 1439 2381 se
1479 2322 1619 2380 dixit
1656 2342 1877 2380 amores

322 2432 597 2492 Cantibus
643 2446 741 2492 aut
781 2431 976 2515 herbis
1021 2429 1235 2490 solvere
1280 2452 1448 2512 posse
1493 2451 1678 2500 meOS‚

234 2540 306 2599 Et
348 2563 437 2600 me
476 2539 735 2600 lustravit
777 2538 987 2612 taediS‚
1049 2552 1102 2597 et
1145 2551 1309 2597 nocte
1352 2559 1555 2596 serena

319 2648 584 2708 Concidit
626 2647 702 2707 ad
739 2647 992 2728 magicos
1034 2645 1221 2704 hostia
1259 2643 1417 2727 pulla
1463 2643 1618 2704 deos.

162 2755 365 2816 65Non
410 2779 516 2837 ego
558 2769 709 2817 totus
752 2755 974 2816 abesset
1018 2775 1207 2828 amor,
1265 2752 1367 2813 sed
1409 2766 1639 2813 mutuus
1684 2766 1854 2825 esset,

317 2864 605 2940 Orabam,
664 2887 770 2926 nec
815 2879 868 2925 te
909 2886 1077 2948 posse
1122 2883 1312 2923 carere
1356 2859 1538 2921 velim.

278 3069 330 3110 V.
349 3069 421 3111 46.
455 3066 735 3110 Fluminis
765 3090 819 3098 —
854 3068 1062 3122 vertit,
1107 3071 1242 3112 recte.
1305 3066 1391 3109 Alii
1421 3066 1532 3108 male
1561 3062 1782 3106 Fulminis
1813 3086 1868 3094 —-

156 3148 298 3192 sistit.

279 3232 332 3275 V.
352 3235 425 3274 60.
455 3231 676 3274 Revocavi
709 3232 816 3274 ine
847 3245 912 3287 pr.
943 3231 1059 3287 ipse,
1103 3230 1219 3287 quod
1253 3230 1573 3272 LAcuMANNus
1607 3227 1749 3270 habet.
1807 3228 1869 3269 Ac

159 3315 419 3371 permutatio
454 3313 682 3370 frequens,
726 3312 780 3356 cf.
813 3313 867 3356 ad
902 3315 934 3363 1,
966 3318 1009 3366 8,
1048 3317 1112 3356 15.
1159 3314 1217 3366 11,
1246 3317 1290 3366 3,
1325 3315 1397 3354 59.
1440 3314 1483 3363 4,
1514 3314 1584 3354 36.
