2158 3750
647 268 824 321 LIBR.
869 271 959 322 111.
1032 269 1230 323 EL‘EG.
1273 271 1339 323 V.
1738 279 1836 323 363

148 413 338 466 priorum
380 411 609 456 iniucunda
638 413 683 456 in
725 413 801 456 tali
834 424 949 456 nexu
983 413 1165 456 alterum
1200 412 1402 468 proprie,
1450 412 1632 455 alterum
1677 412 1836 468 impro-

147 499 237 552 prie
279 496 452 553 accipi?
524 497 667 540 Obiici
713 511 845 554 porro
887 496 985 541 huie
1023 498 1303 554 explicationi
1347 497 1504 552 debet,
1548 496 1666 554 quod
1710 497 1839 540 etiam

148 578 362 621 Humum
392 584 568 632 monet,
615 592 700 622 non
733 579 866 622 fuisse
893 580 937 623 iu
966 580 1143 624 Etruria
1174 593 1308 635 aquas
1339 581 1513 624 Baianis
1551 580 1839 638 praestantio—

147 672 226 712 res,
259 674 367 714 quas
396 666 567 704 constat
595 661 756 704 ceteris
785 661 984 705 omnibus
1014 662 1244 717 praelataS,
1275 660 1332 704 cf.
1363 662 1551 708 S'rmao
1582 663 1681 706 loeo
1710 675 1842 719 supra

144 743 345 797 apposito
376 747 422 786 et
451 743 695 787 Man-ur..
726 742 801 796 vl,
831 744 907 796 42,
935 746 979 785 7.
1033 754 1088 785 ne
1129 741 1360 784 afferamus
1401 743 1540 798 plura.
1599 743 1683 787 His
1711 743 1843 799 igitur

145 824 380 867 rationibus
410 825 591 879 duetus,
631 824 789 880 quibus
819 823 1005 869 fortasse
1035 823 1167 866 etiam
1197 823 1282 866 alia
1312 823 1473 866 addere
1503 838 1701 880 possem,
1742 838 1842 868 cor-

146 911 314 962 ruptam
343 907 475 950 eredo
516 907 748 950 lectionem
787 902 1010 951 maxima,
1053 908 1100 947 et
1128 905 1369 960 amplector
1399 907 1689 950 coniecturam
1719 905 1842 951 sacil-

146 990 285 1032 limam
332 995 378 1034 et
419 991 626 1046 optimam
660 987 898 1046 proxima,
952 1002 980 1032 a
1017 989 1234 1032 Solormo
1273 990 1316 1032 in
1360 989 1599 1033 Paradoxis
1643 988 1843 1040 literariis

144 1071 408 1126 propositam
439 1076 486 1115 et
530 1072 755 1128 probatam
785 1071 988 1117 Hssmslo
1018 1072 1062 1115 in
1094 1072 1365 1116 Adversariis
1397 1087 1478 1116 nee
1508 1087 1593 1117 non
1623 1075 1843 1117 Bnoucx-

146 1166 280 1198 uusro
313 1159 360 1198 et
388 1155 593 1210 Vum’lo,
621 1156 696 1211 qui
725 1157 919 1213 recepit,
949 1157 1149 1212 aliisque.
1210 1158 1357 1213 Saepe
1386 1158 1622 1213 permutari
1650 1158 1694 1200 in
1724 1156 1844 1199 libris

144 1236 367 1280 maximus
397 1243 443 1281 et
475 1237 711 1294 proximus
753 1242 949 1282 notatum
992 1242 1086 1292 est,
1133 1238 1406 1294 laudavitque
1434 1240 1520 1282 iam
1552 1238 1770 1282 HssYNms
1800 1237 1843 1280 iu

145 1319 533 1378 observationibus
549 1321 815 1386 Qunam«.
846 1319 903 1364 ad
934 1321 1100 1366 Lucan.
1128 1320 1188 1376 X,
1218 1324 1348 1375 408„
1395 1321 1452 1364 ad
1493 1321 1620 1365 ovid.
1650 1321 1762 1366 Met.
1787 1319 1845 1375 ΙΙ,

145 1406 266 1457 323.,
299 1404 355 1447 ad
388 1386 755 1483 Patetffiglsffi·
786 1408 889 1449 127.
917 1405 1092 1450 Ius-rm.
1114 1405 1237 1459 XIV,
1260 1408 1302 1449 4.
1362 1404 1446 1448 Est
1472 1411 1616 1449 autem
1636 1403 1846 1461 proxima

146 1493 196 1530 ut
235 1502 368 1546 saepe
403 1485 817 1543 alingeffidltione,
866 1489 1078 1545 dignitate
1120 1494 1167 1532 et
1207 1490 1498 1546 praestantia,
1543 1488 1676 1532 veluti
1707 1489 1844 1531 Ovm,

149 1572 255 1615 Met.
285 1571 386 1626 ΧΠ,
425 1576 542 1616 3982
587 1580 864 1632 pectoraque
911 1572 1146 1630 artificum
1189 1570 1398 1615 laudatis
1434 1569 1642 1628 proxima
1690 1568 1847 1627 signis,

144 1653 308 1709 Crem.
330 1653 393 1701 {tl
422 1654 515 1698 Att.
543 1654 602 1708 Π,
632 1658 688 1699 δε
724 1654 935 1712 proxima
973 1662 1045 1706 est
1072 1653 1144 1697 illi
1173 1653 1410 1711 municipio
1442 1653 1553 1694 haec
1582 1651 1847 1695 Antiatium

145 1733 324 1787 cia-itm
383 1735 497 1780 Vide
537 1737 664 1792 plura
701 1737 820 1794 apud
856 1737 1096 1782 fluum
1140 1741 1189 1780 et
1228 1738 1461 1780 vamum.
1523 1735 1619 1778 Nee
1659 1733 1846 1791 denique

146 1813 511 1877 comparationem
541 1835 748 1878 aquarum
779 1822 1017 1867 salubrium
1045 1835 1146 1866 eum
1188 1822 1307 1864 Baiis
1338 1820 1571 1877 Campanis
1600 1819 1849 1875 infrequen-

148 1908 235 1946 tem
267 1918 363 1948 esse
395 1911 580 1961 constat,
610 1906 666 1950 cf.
698 1906 919 1952 Fanum..
949 1905 1003 1950 ad
1038 1905 1220 1948 Ausonii
1250 1904 1481 1947 Mosellam
1510 1905 1615 1944 212.
1646 1901 1850 1945 laudante

148 1986 301 2039 eodem
341 1988 548 2033 Hermo.
609 1989 693 2032 Sie-
730 1989 866 2043 igitur
905 2000 1056 2031 omnes
1100 1987 1378 2030 difficultates
1421 1990 1683 2028 evanescunt
1725 1985 1849 2028 facil-

146 2068 263 2111 lime.
324 2069 446 2112 Alias
474 2069 746 2113 coniecturas
777 2074 827 2112 ut
858 2069 1038 2115 Vossu:
1075 2082 1195 2111 nunc
1225 2082 1428 2127 aequans
1461 2066 1603 2109 sacris
1629 2065 1851 2108 Baiarum

145 2149 299 2192 munia
330 2149 539 2208 lymphis,
569 2156 646 2195 aut
677 2151 938 2195 Huscnxuz
969 2165 1086 2194 nunc
1121 2164 1294 2208 augens
1326 2148 1470 2194 sacris
1499 2148 1722 2191 Baiarum
1753 2164 1852 2192 mu-

146 2247 259 2274 nera
288 2233 509 2291 lymphis,
541 2236 670 2279 animi
702 2249 833 2280 causa
862 2236 919 2278 ab
954 2249 1008 2279 eo
1039 2236 1334 2294 propositam,
1365 2239 1619 2291 praetere03
1650 2234 1850 2278 nolumus

147 2315 261 2358 euim
292 2314 490 2359 hariolari
521 2322 567 2360 et
594 2317 639 2360 iu
669 2318 754 2360 alia
785 2318 928 2361 omnia
954 2318 1103 2372 abire,
1147 2317 1226 2361 sed
1256 2317 1363 2361 illud
1392 2322 1542 2360 tenere
1571 2317 1688 2372 quod
1721 2330 1848 2372 quam

149 2400 344 2455 proxime
381 2399 496 2443 absit
535 2412 563 2443 a
600 2401 816 2456 scriptura
848 2401 1073 2444 librorum.
1133 2400 1342 2442 Bacmus
1384 2398 1584 2442 coniicit=
1632 2405 1741 2440 ante
1774 2412 1852 2440 sa-

149 2496 250 2524 cras
280 2481 564 2539 -lymphas,
593 2483 672 2527 sed
701 2484 771 2527 vel
802 2483 1014 2528 sententia
1043 2483 1270 2540 displicet3
1301 2496 1443 2540 neque
1474 2483 1587 2526 enim
1614 2482 1850 2539 quidquam

150 2565 269 2607 Baiis
300 2564 382 2607 suit
411 2564 613 2609 nobilius.
685 2566 830 2609 Unum
877 2571 1013 2611 restat
1054 2566 1170 2621 quod
1212 2567 1551 2610 consideremus.
1629 2565 1851 2611 Harmus

149 2651 263 2693 enim
318 2649 555 2694 secundum
603 2655 650 2695 et
695 2651 874 2704 tertium
920 2664 1093 2696 versum
1139 2652 1314 2695 omnino
1362 2652 1574 2695 insertum
1622 2656 1749 2708 putat
1795 2651 1850 2696 ab

148 2732 290 2776 aliena
331 2745 487 2788 manu,
532 2737 580 2777 et
611 2733 842 2777 absurdam
874 2738 1004 2790 atque
1035 2735 1226 2793 iqeptam
1257 2737 1539 2779 senteutiam:
1595 2734 1729 2777 Unda
1767 2735 1852 2779 sul»

150 2815 372 2858 aestivum
407 2831 497 2859 non
525 2815 738 2860 adeunda
777 2821 963 2866 Canem,
1007 2819 1048 2862 in
1092 2832 1179 2874 quo
1211 2824 1355 2862 tamen
1386 2819 1544 2862 iudicio
1585 2831 1670 2862 nou
1709 2819 1853 2862 omnia

151 2898 388 2943 laudamus·
445 2900 587 2944 Poeta
626 2914 725 2946 eum
767 2904 905 2947 nollet
946 2903 1060 2948 nude
1109 2904 1284 2948 dicere:
1334 2905 1425 2948 Vos
1470 2908 1619 2947 tenent
1648 2903 1851 2947 Etruriae

150 2996 290 3038 aquae
327 2982 551 3039 salubres,
595 2987 869 3042 oppositione
914 2989 1173 3032 sententiam
1220 2989 1517 3032 illustrandam
1564 2988 1757 3042 censuit,
1805 2994 1852 3032 ut

150 3081 282 3124 saepe
322 3067 434 3111 bene
474 3069 525 3111 fit
564 3068 608 3112 in
648 3069 782 3113 initiis
821 3071 1060 3115 carminum
1102 3076 1148 3114 et
1186 3072 1310 3116 alias.
1369 3071 1656 3114 Nihilominus
1703 3083 1851 3115 verum

151 3148 259 3194 hane
293 3150 467 3206 quidem
509 3153 832 3209 oppositionem
873 3153 1036 3210 frigere
1078 3156 1280 3201 maxime.
1343 3155 1573 3199 Sententia
1611 3168 1714 3199 vera
1755 3168 1851 3199 cum

153 3230 258 3275 haee
282 3233 364 3277 sit:
398 3235 488 3278 Vos
521 3239 672 3278 tenent
701 3235 841 3280 undae
872 3237 1197 3293 saluberrimae,
1229 3252 1313 3294 ego
1349 3239 1501 3282 morbo
1531 3239 1655 3293 gravi
1686 3238 1850 3286 laboro,

153 3316 272 3360 vides
303 3317 387 3360 iam
420 3318 674 3374 simpliciter
706 3319 766 3362 ita
798 3318 1026 3364 (licendum
1061 3322 1218 3364 fnisse:
1260 3322 1348 3364 Vos
1381 3325 1501 3364 tenet
1534 3320 1730 3364 Etruscis
1763 3333 1851 3362 nna--

158 3406 225 3441 nat
261 3413 372 3455 quae
403 3400 592 3444 sontibus
636 3401 748 3446 unda
792 3403 930 3447 sacris
973 3403 1171 3448 Baiarum
1217 3405 1410 3460 proxima
1452 3403 1662 3460 lymphis,
1708 3407 1851 3446 cetera
