2158 3750
288 207 388 250 310
680 199 1034 253 COMMENT
1037 203 1147 252 AR.
1184 203 1260 253 IN
1298 204 1582 255 TIBULLI

289 346 333 384 et
374 342 799 395 Wmvnnnmcmns,
849 343 942 386 nec'
971 343 1182 386 invenisse
1223 357 1270 386 se
1313 348 1557 387 structurae
1598 347 1696 389 talis
1742 350 1984 405 exemplum

288 426 573 468 Pffluzomus
616 424 670 465 ad
714 423 880 466 Sanctii
925 424 1119 467 Minerv..
1152 440 1195 481 p.
1239 429 1341 468 813.
1389 426 1639 470 tradiderat.
1715 427 1798 471 Est
1840 436 1986 472 autem

288 507 444 548 lenta
476 518 538 560 pr.
570 504 700 558 dura,
734 506 912 548 immota
943 507 1169 562 precibus,
1201 511 1250 548 ut
1281 511 1445 553 notum.
1475 531 1534 539 -
1580 509 1819 552 mittant
1848 513 1989 559 mala

288 589 500 631 somnia
543 587 740 630 Manes
781 601 874 642 sqq.
940 588 1063 630 Cous.
1114 590 1406 631 Mioescussnn.
1447 589 1501 631 ad
1546 590 1702 633 Horat.
1751 590 1895 646 Epod.
1935 593 1989 645 V,

289 675 348 713 92
377 684 500 725 sqq.,
542 675 588 713 et
629 670 727 713 vide
777 671 832 712 de
883 671 1056 720 δείμασι
1097 683 1357 729 νυκτερινοῐς
1396 679 1663 716 mortuorum
1705 675 1992 730 explicantem

289 754 566 796 Lonsscmtm
596 755 640 796 in
672 752 956 810 Aglaopham·
986 755 1113 799 Tom.
1144 757 1178 798 Ι.
1213 771 1253 812 p.
1287 759 1389 799 302.
1421 780 1482 789 -
1528 761 1659 799 ante
1691 761 1901 810 torum,
1942 762 1994 800 ut

291 835 425 878 Ovm.
468 836 587 878 Fast.
629 835 708 890 III,
749 840 854 879 639.
925 837 1053 898 Apud
1100 838 1339 880 Homerum
1386 852 1521 894 super
1565 844 1695 895 caput
1741 839 1995 883 dormientia

289 920 405 958 stant
434 917 626 962 Somnia.
654 941 713 949 —
744 915 797 961 V.
828 921 886 960 39
917 931 982 972 sq·
1043 919 1272 973 Qualis,
1305 933 1360 963 eo
1392 919 1566 975 habitu,
1600 935 1686 976 quo
1719 922 1806 964 vita
1837 935 1994 965 exces-

290 1000 370 1051 sit,
402 999 458 1042 cf.
488 1000 523 1052 Ι,
559 1004 628 1053 10,
659 1004 731 1043 37.
795 1001 1026 1043 Ceciderat
1060 1009 1204 1045 autem
1238 1017 1448 1059 praeceps
1483 1018 1508 1047 e
1544 1004 1735 1047 fenestra
1764 1006 1866 1048 alta.
1927 1004 1994 1047 De

290 1081 516 1124 altitudine
562 1083 854 1126 aedificiorum
901 1084 1198 1128 Romanorum
1244 1087 1453 1130 monitum
1497 1088 1552 1129 ad
1594 1087 1652 1140 11,
1694 1091 1737 1140 3,
1781 1091 1854 1130 43.
1932 1089 1997 1130 Ac

296 1163 484 1207 Vossms
527 1166 699 1220 quidem
742 1168 960 1223 propriam
1007 1168 1182 1211 domum
1225 1169 1425 1212 Nemesis
1471 1170 1603 1212 fuisse
1647 1175 1820 1224 censet,
1868 1184 1998 1225 quam

294 1246 423 1288 etiam
455 1246 513 1300 ΙΙ,
542 1250 585 1300 4,
615 1250 687 1291 41.
731 1249 958 1303 intelligit3
1002 1248 1223 1292 habitabat
1266 1249 1381 1293 haud
1426 1251 1557 1294 dubie
1597 1252 1708 1294 bene
1740 1265 1867 1294 avara
1899 1257 1943 1295 et
1971 1266 2000 1295 a

294 1329 497 1372 divitibus
537 1332 801 1374 amatoribus
844 1334 1036 1388 quaesita
1080 1335 1250 1390 puella,
1306 1333 1383 1378 sed
1430 1339 1478 1376 ut
1520 1335 1718 1377 solebant
1757 1334 2000 1388 libertinae,

295 1412 509 1454 conducta
549 1411 824 1456 habitatione.
887 1415 1043 1469 Neque
1085 1430 1189 1458 vero
1229 1430 1474 1472 supremam
1516 1418 1688 1460 aedium
1719 1422 1885 1473 partem
1917 1417 1998 1460 sub

296 1494 423 1536 tectis
467 1506 566 1537 cum
612 1497 792 1539 Vunmo
844 1497 1083 1551 cogitabis,
1139 1498 1212 1539 ubi
1258 1498 1351 1541 fere
1396 1501 1677 1555 pauperiores
1725 1498 2004 1554 habitabant3

297 1578 424 1620 etiam
469 1579 637 1622 mediae
683 1581 833 1623 talium
876 1582 1168 1624 aedificiorum
1216 1586 1360 1637 partes
1408 1584 1512 1625 satis
1552 1584 1667 1626 altae
1712 1587 1850 1626 erant.
1926 1584 2002 1626 Sic

297 1668 387 1706 tum
423 1659 643 1704 habitabat
674 1676 771 1704 cum
806 1664 969 1718 periret
998 1676 1134 1705 soror.

416 1745 470 1789 V.
503 1744 663 1787 4l-ad
693 1746 836 1787 finem.
897 1745 1120 1789 Exitus.
1181 1747 1446 1790 Puellam
1488 1747 1690 1791 bonam
1732 1747 1904 1802 dicit,
1947 1750 2006 1789 at

296 1828 648 1872 malitiosam
681 1829 864 1872 lenam
898 1827 947 1870 ei
992 1827 1376 1884 servientem,
1416 1831 1507 1874 cui
1543 1830 1762 1887 culpam
1792 1835 2006 1873 oninem

298 1912 527 1956 tribuit.

416 1996 472 2039 V.
502 1998 558 2038 41
591 2010 684 2051 sqq.
747 1997 1047 2041 Delectabitur
1089 1999 1229 2041 lector
1273 1998 1537 2042 mollissimis
1579 1997 1736 2041 verbis.
1798 1996 2004 2039 Ceterum

299 2079 702 2123 thnnamcnms
747 2081 916 2123 confert
957 2082 1096 2124 Ovm·
1136 2081 1317 2124 Heroid.
1363 2081 1462 2133 Vll,
1503 2083 1585 2123 45:
1642 2079 1746 2121 Non
1786 2093 1866 2136 ego
1907 2093 2006 2119 sum

299 2163 450 2212 tanti,
491 2165 695 2223 quamvis
736 2165 974 2210 merearis,
1022 2165 1174 2222 inique
1224 2168 1287 2207 Ut
1325 2180 1484 2221 pereas
1527 2164 1633 2205 dum
1673 2178 1738 2204 me
1763 2177 1845 2219 per
1870 2162 2005 2220 freta

298 2244 436 2305 longa
465 2247 620 2304 sugis.
683 2247 806 2290 Adde
837 2248 970 2290 Trist.
1002 2249 1058 2301 Il,
1088 2252 1206 2292 209:
1257 2250 1360 2290 Non
1390 2263 1489 2288 sum
1519 2245 1670 2292 tanti,
1717 2254 1771 2287 ut
1805 2261 2005 2288 renovem

300 2334 387 2368 tua
425 2326 630 2371 vulnera.
663 2351 720 2359 —
768 2329 877 2371 Mox
920 2328 1098 2383 digna
1142 2333 1248 2372 est.
1310 2329 1504 2372 Alteram
1550 2341 1722 2372 causam
1765 2328 1917 2381 affert,
1960 2333 2012 2371 ut

299 2414 419 2454 recte
449 2410 651 2454 observat
679 2412 1115 2466 Wunnnnmcmtss,
1147 2425 1226 2456 cur
1257 2411 1455 2455 dolorem
1486 2412 1699 2468 praebere
1729 2411 1902 2467 puellae
1931 2423 2013 2452 no-

300 2493 377 2545 lit3
418 2505 503 2536 non
547 2495 758 2536 meruisse
802 2507 896 2536 eam
942 2492 1038 2536 hoc.
1101 2493 1272 2549 Copula
1303 2494 1502 2536 similiter
1532 2495 1676 2550 posita
1704 2493 1741 2546 Ι,
1772 2497 1815 2546 9,
1845 2495 1920 2536 23.
1950 2513 2011 2523 -

302 2576 503 2618 oculos
543 2577 847 2630 loquaces,
890 2577 1026 2619 veluti
1072 2577 1342 2619 MELEAGER
1385 2576 1538 2632 Epigr.
1571 2579 1646 2620 44.
1689 2575 1794 2618 dicit
1835 2588 2013 2631 compa·-

303 2663 426 2702 rante
462 2659 670 2703 VULPIO:
731 2660 828 2700 Καὶ
868 2655 953 2715 γάρ
992 2656 1050 2715 δή
1089 2655 1146 2700 w*
1184 2655 1262 2709 στὶ,
1305 2659 1455 2715 κοῦρε,
1496 2654 1555 2699 τά
1597 2660 1671 2700 καὶ
1711 2665 1890 2706 κωφοῖσι
1932 2656 2012 2696 λα-

304 2741 460 2783 λεῦντα
489 2737 717 2791 ”Ομ,ιιατα.
779 2743 875 2784 Alia
907 2741 1036 2784 habet
1065 2741 1441 2783 Bnoucxmssms.
1471 2762 1532 2771 -—
1570 2740 1624 2783 V.
1657 2741 1715 2781 45
1746 2751 1839 2793 sqq.
1902 2738 2017 2780 Cor-

303 2828 476 2878 ruptum
507 2823 650 2865 locum
683 2823 1004 2866 Licnmmws
1034 2829 1183 2864 noster
1212 2822 1273 2864 ita
1303 2822 1444 2864 sanari
1477 2834 1607 2877 posse
1647 2825 1773 2876 putat
1803 2820 1856 2862 ad
1888 2821 2012 2862 Pno-

305 2916 441 2946 PERT.
476 2919 518 2959 p.
552 2906 685 2957 182„
725 2905 761 2946 si
791 2917 853 2959 pr.
889 2911 1017 2945 vetat
1048 2904 1221 2958 legatur
1251 2911 1411 2949 vocat,
1461 2902 1502 2945 h.
1535 2917 1573 2947 e.
1606 2903 1783 2956 invitat,
1817 2903 2013 2958 proxima

307 2986 361 3029 de
393 2987 651 3030 commercio
682 2987 873 3028 literario
904 2987 1067 3028 Tibulli
1098 3001 1195 3030 cum
1228 2987 1406 3030 Nemesi
1448 2986 1732 3041 intelligenda
1766 2999 1863 3028 esse
1906 2999 2014 3028 con-

309 3071 504 3121 tendens.
568 3069 659 3112 Sed
702 3070 884 3125 primum
917 3070 981 3113 sic
1016 3071 1211 3114 furtim
1241 3071 1507 3127 superfluum
1537 3071 1710 3114 videtur
1741 3074 1786 3112 et
1815 3070 2015 3112 suffeci&

307 3158 400 3197 set:
444 3155 562 3206 itque
602 3153 801 3207 reditque
841 3159 1017 3208 portans
1061 3155 1270 3208 tabellas3
1313 3155 1470 3198 deinde
1501 3167 1614 3196 nunc
1645 3156 1686 3196 'v.
1719 3155 1790 3195 47.
1824 3152 1897 3193 ubi
1931 3165 2014 3206 op-

310 3237 447 3291 posita
480 3236 602 3288 sequi
634 3235 797 3287 statuit,
830 3237 1082 3289 particulam
1115 3236 1428 3279 adversativam
1459 3235 1681 3286 desidem,
1722 3246 1832 3287 quae
1862 3233 1906 3274 in
1937 3231 2012 3274 tali

316 3311 436 3369 loco,
480 3317 552 3358 ubi
586 3316 648 3358 vis
680 3317 920 3359 sententiae
965 3317 1191 3360 universae
1234 3333 1286 3360 ea
1331 3319 1507 3370 nititur,
1553 3318 1705 3360 abesse
1745 3329 1827 3358 non
1873 3320 2016 3372 potest
