2158 3750
285 281 347 324 18
677 266 1140 322 Coll'lMENTAR.
1178 269 1251 318 IN
1290 270 1576 322 TIBULLI

288 438 435 468 versus
467 423 666 466 reiiceres
697 433 792 462 cum
824 419 1066 461 Huscmuo
1099 419 1291 473 aliisque,
1324 421 1396 462 ubi
1426 423 1540 464 nulla
1565 430 1630 470 est
1655 425 1879 481 emphasis,
1909 439 1987 468 nec

292 512 430 553 min-us
473 508 581 549 male
625 517 720 547 cum
762 505 926 546 Voss10
976 503 1103 558 plane
1148 503 1340 546 eiiceres.
1417 505 1620 548 Ceterum
1653 509 1834 552 eundem
1866 523 1988 552 usum

294 604 417 646 quem
452 601 562 630 nunc
595 600 632 628 ν.
666 593 760 631 est,
806 586 938 627 etiam
968 585 1079 626 aliae
1117 591 1266 628 omnes
1298 588 1476 629 voculae
1506 589 1548 630 in
1580 591 1863 635 collocatione
1893 605 1990 636 ver-

290 678 439 717 borum
478 670 646 712 liabent.
718 667 928 724 Erigitur
970 665 1131 725 ubique
1172 676 1216 709 et
1262 669 1445 711 acuitur
1489 680 1702 715 accentus
1747 674 1993 716 rhetoricas

291 754 592 798 antecedentis
624 751 742 794 vocis
772 751 973 793 subiecta
1015 750 1111 792 alia
1155 751 1333 797 leviori,
1378 767 1493 810 quae
1532 763 1762 797 accentum
1790 772 1879 798 non
1909 756 1994 798 ha-

294 841 409 883 beat.
472 840 538 882 De
570 850 652 892 qua
683 849 730 880 re
769 837 871 879 olim
902 837 988 879 ali-o
1028 837 1125 880 loco
1168 837 1425 891 explicatius
1457 838 1610 882 dicam.
1672 839 1784 883 Nam
1815 846 1882 884 est
1902 837 1995 884 'una

293 939 349 969 ex
374 923 549 967 summis
580 921 748 976 legibus
773 921 1068 962 collocationis
1091 921 1333 965 verborum.
1355 945 1410 953 —
1443 923 1496 966 V.
1515 927 1574 966 35
1594 937 1658 979 sq.
1721 925 1850 979 Hic,
1881 926 1996 982 apud

291 1019 387 1059 me,
431 1006 475 1047 in
518 1016 615 1046 meo
656 1001 833 1058 praedio
876 1001 993 1043 nulla
1031 1002 1153 1043 vobis
1198 1003 1382 1057 praeda,
1422 1017 1518 1047 cum
1560 1011 1777 1062 pastorem
1819 1009 1995 1050 lustrem

294 1090 521 1146 quotannis
553 1091 596 1129 et
628 1086 779 1128 Palem
812 1084 978 1139 placem
1005 1089 1053 1125 ut
1084 1089 1256 1126 tueatur
1286 1098 1479 1139 gregem.
1542 1087 1623 1130 Est
1652 1089 1785 1143 igitur
1813 1089 1886 1131 hic
1916 1103 1997 1145 op·

294 1173 483 1227 positum
514 1169 679 1211 verbis:
712 1167 764 1206 de
800 1181 959 1222 magno
987 1180 1146 1223 grege,
1178 1168 1314 1220 qualis
1348 1169 1391 1209 in
1423 1169 1518 1210 aliis
1545 1171 1660 1224 agris
1693 1176 1774 1225 est,
1803 1178 1848 1214 et
1877 1173 1998 1216 vides

295 1255 439 1298 omnia
469 1253 631 1308 optime
662 1251 819 1299 iuncta,
851 1249 964 1303 quod
999 1255 1176 1305 propter
1205 1250 1433 1292 Humum
1464 1263 1632 1295 moneo.
1691 1253 1833 1295 Porro
1861 1267 1998 1308 sacra,

298 1338 354 1380 de
385 1336 540 1390 quibus
573 1338 699 1390 poeta
726 1332 930 1386 loquitur,
962 1331 1115 1373 Palilia
1146 1336 1258 1383 sunt,
1286 1331 1329 1373 d.
1354 1331 1476 1374 XXI.
1497 1334 1599 1388 Apr.
1633 1334 1842 1376 celebrari
1871 1335 1998 1378 solita

292 1435 371 1478 pro
417 1431 575 1476 pecore
617 1423 660 1459 et
705 1415 974 1472 pastoribus,
1018 1415 1073 1458 cf.
1107 1416 1244 1457 Ovm.
1275 1416 1393 1458 Fast.
1426 1415 1502 1468 IV,
1531 1419 1619 1458 727
1651 1429 1743 1471 sqq.
1804 1417 1998 1460 Primum

295 1503 496 1560 purgatio
529 1501 698 1556 pecoris
730 1498 833 1550 fuit,
875 1497 929 1539 de
961 1510 1044 1551 qua
1076 1501 1192 1539 tacet
1223 1495 1289 1539 hic
1319 1497 1533 1541 Tibullus.
1593 1499 1702 1541 Post
1731 1498 1865 1554 dapes
1894 1511 1997 1541 vero

296 1588 408 1627 lacte
439 1584 606 1637 signum
638 1581 747 1623 deae
779 1592 987 1634 sparsum,
1023 1591 1109 1633 quo
1131 1579 1345 1633 pertinent
1369 1579 1528 1622 Ovmn
1557 1581 1710 1623 verba:
1741 1578 1998 1623 silvicolam

298 1668 445 1724 tepido
476 1667 594 1708 lacte
619 1678 804 1720 precare
834 1663 1006 1710 Palem,
1038 1669 1087 1705 ut
1115 1663 1310 1705 similiter
1341 1663 1449 1705 infra
1481 1664 1540 1717 ll,
1570 1667 1615 1717 5,
1635 1666 1719 1706 27:
1749 1664 1912 1706 Panem
1931 1663 1999 1704 vi·-

296 1751 418 1792 debis
462 1750 573 1790 lacte
611 1746 867 1788 madentem.
929 1745 1098 1786 Interea
1129 1756 1281 1799 preces
1311 1745 1432 1787 fiunt.
1494 1745 1608 1788 Tum
1641 1747 1771 1789 etiam
1803 1751 1998 1802 pastores
2049 1804 2051 1806 Ι
2119 1714 2158 1790 y*

296 1832 612 1882 lustrabantur,
652 1834 696 1871 et
727 1827 767 1870 bi
801 1828 972 1883 quidem
1004 1815 1180 1870 Baccho
1219 1827 1377 1870 madidi
1424 1828 1624 1872 ardentes
1657 1830 1838 1886 stipulas
1877 1834 1997 1872 tran-

293 1915 508 1966 silientes,
555 1913 610 1956 cf.
643 1913 741 1956 Tib.
775 1913 830 1966 ll,
861 1917 904 1966 5,
935 1917 1009 1956 90.
1071 1913 1192 1954 Duos
1222 1913 1356 1967 igitur
1386 1912 1486 1956 festi
1517 1914 1623 1956 ritus
1657 1914 1847 1970 potiores
1877 1925 1998 1956 com-

293 2010 533 2041 memorans
562 1997 696 2038 instar
727 1997 915 2037 omnium
945 1997 1081 2038 utitur
1110 1998 1330 2051 particulis
1361 2010 1468 2051 que
1496 2021 1556 2030 —-
1587 2003 1668 2051 et,
1714 1998 1870 2053 quibus
1900 1998 1998 2041 iun-

295 2085 478 2136 guntur,
511 2083 630 2120 recte
662 2082 838 2119 notante
867 2078 1269 2131 Wmvmfflmcmo,
1302 2083 1349 2119 ut
1380 2079 1563 2121 Graecis
1593 2082 1641 2120 τέ
1670 2103 1728 2110 -
1760 2085 1856 2134 καί,
1886 2094 1997 2135 quae

295 2163 348 2205 ad
379 2175 505 2204 unam
538 2173 629 2202 rem
658 2159 979 2201 describendam
1013 2159 1252 2214 pertinent,
1284 2161 1414 2202 veluti
1445 2161 1480 2213 l,
1510 2165 1554 2214 3,
1585 2165 1658 2204 25.
1689 2166 1733 2217 5,
1761 2165 1836 2207 54.
1899 2164 1999 2206 Me-

299 2255 438 2292 morat
470 2261 596 2297 vero,
637 2246 921 2301 progrediens
952 2260 977 2287 a
1009 2247 1160 2288 minori
1193 2248 1246 2289 ad
1279 2250 1440 2302 maius,
1482 2249 1664 2305 primum
1707 2251 1892 2307 pastoris
1931 2253 1997 2294 lu—

297 2333 571 2382 strationem,
611 2334 701 2371 tum
734 2329 860 2370 ritum
895 2329 1124 2384 spargendi
1156 2330 1330 2383 Palem,
1351 2329 1452 2373 'etsi
1485 2331 1529 2373 in
1559 2331 1671 2375 festo
1701 2333 1797 2389 ipso
1825 2339 2000 2376 contra-

293 2416 383 2457 rius
414 2414 520 2456 ordo
554 2425 695 2455 rerum
729 2416 855 2453 esset.
889 2433 946 2440 ——-
982 2410 1032 2454 V.
1062 2413 1135 2452 36.
1169 2411 1482 2466 placidam,
1524 2417 1576 2456 ut
1605 2413 1774 2470 placida
1803 2415 1884 2468 sit,
1918 2428 1996 2471 per

295 2498 513 2554 prolepsin
547 2496 686 2551 poetis
716 2493 1049 2536 usitatissimam.
1113 2492 1225 2534 Vide
1257 2506 1325 2548 ap.
1358 2494 1581 2538 Tibullum
1612 2495 1647 2549 1,
1677 2498 1723 2549 2,
1754 2500 1797 2540 6.
1815 2495 1962 2552 firma
1978 2513 1993 2545 ‚-

295 2581 331 2634 l,
372 2583 414 2631 3,
450 2583 521 2622 66.
568 2576 764 2635 insigni5
814 2577 849 2629 l,
891 2580 937 2629 7,
977 2579 1048 2618 51.
1105 2579 1149 2628 8,
1181 2580 1253 2620 16.
1296 2576 1499 2627 nitidus,-
1547 2579 1582 2632 Ι,
1621 2583 1663 2632 9,
1706 2583 1749 2624 1.
1789 2578 1997 2629 miseros,-

294 2665 352 2716 11,
386 2664 428 2716 3,
472 2665 514 2704 9.
557 2660 764 2719 graciles.
790 2682 849 2690 --
899 2661 1091 2713 Singulis
1122 2662 1390 2716 perlustratis
1421 2661 1476 2704 de
1511 2662 1711 2704 universa
1743 2662 1998 2704 tractatione

296 2746 458 2801 aliquid
489 2744 731 2788 addendum
763 2756 858 2785 esse
885 2743 1024 2787 video.
1087 2744 1459 2789 Quemadmodum
1489 2758 1619 2801 supra
1649 2745 1703 2787 de
1735 2745 1997 2800 plantatione

298 2835 342 2872 et
373 2829 551 2871 deorum
583 2826 866 2881 agricolarum
897 2827 1016 2868 cultu
1050 2826 1183 2879 dixit,
1223 2827 1282 2868 ita
1313 2840 1425 2870 nunc
1457 2828 1512 2871 de
1544 2829 1746 2885 pecuaria
1775 2833 1821 2872 et
1850 2832 1997 2885 pasto-

295 2912 420 2953 ritiae
452 2911 559 2952 deae
591 2911 733 2963 cultu,
766 2923 875 2963 quae
906 2911 1047 2952 suavis
1078 2916 1143 2952 est
1175 2913 1450 2955 concinnitas.
1512 2913 1824 2969 Reprehendas
1855 2917 1995 2955 tamen

295 2993 411 3035 aliud
452 2993 589 3047 primo
632 2991 867 3046 adspectu,
914 2992 968 3034 de
1000 3006 1085 3046 quo
1119 3007 1228 3036 nunc
1262 3008 1430 3038 moneo.
1508 2996 1616 3039 Cum
1651 2997 1762 3038 enim
1794 2996 1836 3038 in
1865 3008 1995 3050 supe-

294 3070 409 3111 riore
441 3070 537 3111 loco
574 3081 736 3111 messes
769 3075 813 3111 et
844 3071 1045 3114 Cererem
1079 3076 1401 3128 memoraverit,
1441 3074 1496 3118 de
1526 3076 1720 3118 aratione
1749 3074 1810 3116 ibi
1851 3074 1995 3129 potius

295 3151 445 3193 credas
489 3150 715 3193 dicendum
759 3151 891 3194 fuisse
931 3167 1059 3207 quam
1103 3154 1184 3199 hic.
1264 3157 1431 3199 Tamen
1473 3169 1552 3200 cur
1595 3155 1677 3199 boc
1717 3168 1802 3198 non
1843 3154 1996 3198 fecerit

294 3239 439 3290 poeta,
471 3235 756 3276 manifestum.
818 3238 1132 3283 Plantationem
1167 3241 1259 3296 ipse
1289 3241 1421 3284 faciet
1450 3241 1551 3283 data
1579 3253 1736 3296 opera3
1779 3239 1918 3281 aratio
1948 3243 1993 3281 et

294 3317 463 3371 pecoris
494 3329 595 3358 cura
626 3318 759 3358 servis
783 3317 875 3360 sere
905 3321 1124 3374 incumbIt,
1158 3336 1236 3365 nec
1268 3324 1349 3366 nisi
1379 3323 1592 3366 interdum
1624 3328 1671 3365 ut
1702 3322 1887 3379 placebit
1912 3322 1993 3362 ali-

293 3399 394 3451 quid
427 3412 480 3441 ex
515 3398 579 3440 his
611 3400 738 3441 rebus
771 3401 955 3456 attinget
984 3411 1124 3457 poeta.
1188 3407 1262 3449 Sic
1287 3407 1444 3450 factum
1475 3411 1523 3448 ut
1554 3405 1690 3448 aratio
1722 3404 1790 3447 hic
1821 3404 1989 3446 demum

292 3489 612 3526 memoraretur.
