2086 3756
828 206 1136 260 TIBULLI.
1764 222 1837 255 xv

130 361 267 409 inter
304 355 473 409 Tibur
525 364 574 406 et
609 353 915 416 Praeneste,
964 350 1107 420 quod
1159 366 1274 400 cum
1322 348 1466 416 prius
1514 352 1840 419 peramplum

130 455 337 517 fuisset,
376 470 516 504 nunc
541 451 765 503 multum
798 449 1130 500 imminutum
1163 444 1412 514 significat
1448 446 1576 513 eleg.
1612 447 1665 511 1,
1707 453 1766 497 1:

273 548 385 600 Vos
419 560 635 614 quoque
670 543 833 594 felicis
871 540 1167 611 quondam,
1201 559 1346 595 nunc
1378 542 1625 611 pauperis
1661 545 1770 610 agri

343 638 625 702 Custodes,
661 637 810 690 fertis
844 654 1068 690 munera
1102 648 1303 702 vestra,
1338 636 1521 691 Lares.

271 735 421 785 Tunc
455 734 620 784 vitula
654 732 960 784 innumeros
997 730 1255 784 lustrabat
1291 749 1438 785 caesa
1472 733 1750 788 iuvencos:

341 828 497 880 Nunc
533 843 665 894 agua
701 827 878 892 exigui
915 835 991 878 est
1026 825 1196 878 hostia
1241 842 1405 893 parva
1441 829 1556 880 soli.

127 927 192 978 Et
233 924 412 993 paullo
449 931 596 990 post:

267 1017 392 1071 Non
429 1033 523 1083 ego
560 1014 764 1068 divitias
799 1023 1009 1082 patrum
1047 1013 1354 1082 fructusque
1391 1013 1606 1083 requiro
1626 1053 1640 1078 ‚

338 1114 487 1178 Quos
523 1114 644 1167 tulit
677 1113 896 1182 antiquo
934 1109 1142 1164 condita
1177 1110 1355 1164 messis
1393 1127 1521 1164 avo:

269 1210 438 1262 Parva
474 1223 617 1273 seges
653 1205 775 1257 satis
812 1213 907 1256 est.

126 1302 250 1366 Quo
285 1320 414 1355 vero
450 1320 572 1354 casu
607 1302 940 1354 imminutum
979 1299 1164 1364 fuerit,
1201 1317 1310 1352 non
1348 1309 1575 1368 constat3
1611 1308 1845 1353 statuunt

127 1402 184 1451 in
218 1402 307 1451 illa
344 1398 549 1464 agraria
580 1397 856 1474 largitione
893 1396 1115 1459 sactum,
1154 1413 1290 1463 quae
1327 1414 1452 1449 ann.
1486 1399 1606 1449 urb.
1637 1417 1688 1450 ·c.
1722 1403 1843 1449 713.

126 1496 326 1546 Italiam
346 1494 536 1544 misere
565 1490 921 1558 perturbavit,
959 1489 1099 1540 conf.
1121 1489 1313 1555 virgil.
1328 1490 1508 1542 Vitam
1539 1489 1681 1558 apud
1700 1491 1843 1559 Hey-

127 1591 303 1655 nium‚
349 1589 570 1641 Tibullov
614 1587 822 1640 circiter
869 1582 1156 1637 octodecim
1206 1603 1374 1638 annos
1419 1598 1622 1654 agente.
1705 1588 1845 1641 Sane

124 1697 277 1736 teneo
308 1702 438 1736 cum-
463 1684 575 1734 aliis
611 1682 712 1735 sibi
735 1679 940 1732 ademta
965 1681 1108 1732 bona
1135 1683 1287 1750 queri
1310 1693 1550 1750 poetam,
1587 1701 1699 1737 non
1725 1696 1845 1738 ante

126 1797 179 1830 se
228 1798 260 1829 a
306 1790 457 1846 patre
505 1781 610 1829 iam
659 1780 846 1830 factam
896 1779 1164 1829 iacturam.
1252 1779 1329 1830 Ac
1364 1780 1596 1846 primum
1631 1780 1845 1850 quidem

125 1877 443 1927 mentionem
480 1875 602 1926 facit
636 1875 717 1926 rei
751 1875 809 1924 in
845 1875 980 1926 citat.
1018 1875 1143 1939 cleg.
1182 1891 1304 1924 ann.
1345 1879 1493 1940 723„
1532 1885 1584 1927 at
1620 1877 1677 1928 in
1715 1877 1843 1943 eleg.

57 2006 60 2009 -
126 1971 178 2035 1,
222 1978 330 2036 1·0.‚
383 1973 504 2023 circ.
543 1975 666 2024 712.
706 1973 895 2039 scripta
932 1982 991 2023 ut
1026 1971 1198 2022 statim
1233 1968 1526 2023 videbimus
1539 2009 1554 2036 ‚
1606 1971 1842 2024 nondum

44 2118 46 2120 .
126 2079 405 2131 memorat,
444 2085 539 2119 uec
577 2084 870 2135 pauperem
905 2084 960 2118 se
1000 2064 1123 2117 dicit
1157 2063 1247 2118 sed
1287 2066 1598 2134 simplicitati
1643 2068 1843 2137 priscae

126 2163 415 2232 addictum;
449 2174 575 2217 tunc
611 2163 678 2216 ad
712 2161 972 2232 stipendia
1005 2161 1258 2216 merenda
1290 2165 1636 2229 avocabatur,
1672 2167 1843 2234 potuit

63 2247 67 2250 ’
124 2259 283 2326 igitur
331 2277 451 2314 cum
499 2262 686 2353 absens
734 2271 897 2326 esset,
947 2259 1179 2313 accidere
1216 2261 1492 2315 calamitas·
1583 2263 1743 2314 Plura
1780 2262 1843 2314 de

129 2355 225 2407 hac
273 2373 332 2407 re
383 2353 487 2408 dici
535 2367 824 2426 nequeunt.
906 2355 1012 2409 Sed
1061 2373 1444 2427 persequamur
1491 2374 1633 2409 nunc
1669 2362 1846 2412 omnia

127 2449 414 2503 secundum
449 2449 691 2504 ordinem
728 2469 1018 2515 annorum,
1072 2471 1209 2523 quae
1259 2451 1323 2504 tle
1370 2454 1478 2506 vita
1526 2464 1712 2523 poetae
1749 2473 1841 2507 ex-

125 2547 365 2617 plicanda
402 2560 552 2617 sunt3
590 2560 729 2603 certa
765 2548 980 2620 quidem
1014 2567 1182 2619 pauca
1218 2560 1367 2615 sunt,
1413 2549 1637 2619 possunt
1670 2563 1842 2605 tamen

128 2647 228 2699 alia
261 2649 385 2699 satis
409 2648 757 2715 probabiliter
778 2649 1040 2701 constitui.
1110 2646 1196 2699 De
1222 2647 1449 2716 pueritia
1471 2649 1653 2700 suavia
1679 2650 1841 2701 verba

126 2750 249 2793 sunt
281 2740 337 2806 1,
377 2745 473 2807 10,
514 2747 600 2796 16.
671 2739 898 2794 Carmen
946 2759 1074 2794 vero
1129 2757 1339 2807 eorum,
1390 2760 1526 2813 quae
1572 2743 1841 2806 habemus,

125 2837 359 2902 primum·
390 2833 508 2890 dico
541 2838 716 2907 ipsum
749 2839 853 2891 hoc
887 2839 941 2903 1,
983 2845 1067 2891 10.
1140 2838 1276 2892 Cum
1312 2840 1453 2892 enim
1489 2838 1717 2892 editores
1753 2843 1843 2892 'si-

126 2933 259 2985 bulli
293 2933 718 2999 Brouckhusius,
754 2935 1025 3004 Heynius,
1081 2937 1304 2988 Vossius
1348 2935 1485 2988 male
1522 2934 1587 2987 de
1623 2936 1841 3005 Aquita·

128 3027 242 3078 nica
278 3026 612 3096 expeditione
649 3031 942 3099 acciperent
995 3048 1131 3100 quae
1168 3031 1243 3082 ibi
1280 3029 1553 3098 dicuntur,
1608 3041 1659 3083 et
1704 3033 1843 3082 inter

126 3120 349 3187 primam
399 3134 453 3175 et
498 3125 704 3178 tertiam
755 3126 971 3193 elegiam
1019 3127 1141 3178 libri
1189 3126 1347 3193 primi
1395 3126 1530 3179 hanc
1582 3139 1841 3195 ponerent

127 3215 366 3282 scriptam
384 3241 403 3279 ,·
445 3217 647 3285 primus
695 3215 996 3273 Passovius*
1025 3221 1225 3288 egregie
1275 3223 1545 3291 perspexit
1590 3221 1646 3274 in
1684 3221 1840 3271 Com-

131 3314 440 3365 mentatiouc
483 3311 770 3368 academica
808 3318 900 3380 „de
935 3317 1110 3368 Ordine
1146 3326 1404 3384 temporum
1442 3336 1533 3385 quo
1565 3320 1709 3383 primi
1741 3316 1847 3365 libri
