2158 3750
275 245 341 287 sc
673 235 1142 294 COMMENTAR.
1177 237 1253 289 IN
1290 237 1582 293 TIBULLI

723 533 1292 597 ELEGIA
1416 536 1523 595 IV.

872 925 950 979 IN
951 923 1388 980 TRODUCTIO.

274 1106 556 1191 Tibullum,
599 1149 687 1191 quo
730 1139 927 1192 tempore
967 1134 1139 1176 Deliam
1178 1133 1372 1186 amabat,
1418 1133 1514 1175 aliis
1556 1144 1735 1196 vacasse
1767 1130 1985 1175 amoribus

280 1220 456 1262 minime
486 1218 711 1274 probabile
753 1222 845 1270 est3
891 1221 979 1259 tam
1023 1215 1250 1258 ardentem
1291 1215 1367 1258 ille
1411 1220 1458 1258 et
1499 1220 1771 1259 constantem
1814 1217 1986 1272 puellae

280 1317 387 1347 suae
419 1302 564 1360 prodit
594 1315 784 1344 amorem
814 1306 863 1344 ut
893 1300 1092 1344 iniuriam
1135 1300 1176 1342 ei
1215 1299 1376 1353 facias,
1418 1299 1456 1342 si
1497 1297 1580 1342 hoc
1621 1304 1816 1356 tempore
1855 1299 1988 1342 alium

277 1383 519 1428 huiusmodi
564 1385 703 1428 lusum
737 1384 792 1427 ab
825 1397 878 1427 eo
909 1383 1045 1426 foveri
1077 1387 1124 1426 et
1155 1383 1251 1426 cani
1285 1382 1480 1439 potuisse
1521 1381 1698 1436 credas,
1743 1382 1816 1438 qui
1855 1381 1987 1426 etiam

275 1469 320 1510 in
352 1467 534 1510 discidIo
565 1480 651 1510 non
682 1466 874 1523 potuerit
903 1465 1122 1508 dimittere
1153 1465 1326 1521 puellae
1357 1466 1666 1520 cogitatIonem
1701 1464 1760 1520 (Ι,
1795 1464 1866 1520 5).
1928 1464 1988 1508 At

277 1554 507 1605 postquam
539 1556 783 1594 cessaverat
820 1551 973 1594 Deliae
1004 1563 1150 1605 amor,
1195 1563 1358 1593 vacuus
1398 1549 1650 1593 melioribus
1693 1549 1890 1593 sensibus
1931 1549 1987 1593 ad

277 1631 454 1675 frivolas
479 1645 550 1676 res
581 1632 784 1689 delapsus
815 1638 907 1687 est,
949 1637 995 1676 et
1023 1637 1071 1676 ut
1099 1633 1210 1676 infra
1238 1647 1280 1677 v.
1311 1635 1384 1678 74.
1415 1633 1582 1676 Titium
1613 1634 1765 1688 fingit,
1813 1647 1915 1679 cum
1935 1634 1988 1692 iu

277 1715 450 1770 puellae
479 1729 670 1758 amorem
701 1715 926 1769 inciderit,
955 1728 982 1757 a
1013 1727 1247 1771 puerorum
1269 1715 1579 1758 consuetudine
1609 1719 1862 1770 avocatum,
1892 1716 1989 1773 ipae

278 1811 376 1841 cum
407 1799 593 1855 puellam
624 1811 710 1841 non
742 1796 948 1851 haberet,
979 1797 1023 1839 in
1053 1797 1177 1853 pueri
1208 1809 1377 1840 amores
1408 1796 1582 1851 incidit,
1623 1810 1682 1841 ex
1711 1810 1797 1852 quo
1827 1810 1989 1853 genere

282 1883 366 1926 tria
404 1884 594 1926 carmina
623 1882 780 1926 adsunt
811 1882 1003 1938 eleganti
1034 1881 1223 1925 dictione
1254 1881 1500 1938 conspicua.
1559 1880 1672 1924 Nam
1705 1881 1832 1937 plane
1863 1883 1989 1925 fictos

280 1980 377 2009 esse
407 1965 484 2008 hos
515 1979 684 2008 amores
716 1966 891 2008 minime
922 1964 1130 2008 credibile
1159 1965 1203 2007 in
1239 1964 1312 2007 tali
1344 1967 1500 2020 poeta,
1539 1963 1615 2019 qui
1644 1962 1776 2017 nihil,
1818 1963 1986 2021 opinor,

277 2050 426 2091 fictum
460 2047 515 2090 de
545 2061 594 2090 se
626 2048 807 2101 cecinit,
838 2047 915 2090 sed
945 2046 1026 2088 fuit
1057 2051 1227 2110 tempus
1258 2046 1396 2099 vitae,
1427 2045 1545 2100 quod
1575 2050 1829 2101 argumenta
1859 2059 1987 2102 prae-

279 2132 407 2174 beret
437 2129 503 2174 his
533 2131 700 2186 elegiis.
779 2132 855 2174 Sic
896 2131 940 2173 in
982 2130 1210 2187 proposito
1252 2130 1443 2174 carmine
1483 2144 1582 2174 oum
1623 2128 1814 2174 Maratlii
1852 2131 1986 2187 profi-

280 2222 425 2260 teatur
454 2229 670 2270 amorem,
700 2216 854 2259 fuitei
885 2215 1000 2259 haud
1030 2215 1162 2259 dubie
1191 2220 1283 2258 tum
1317 2229 1438 2259 amor
1468 2217 1591 2272 pueri
1619 2199 1839 2260 cuiusdam
1871 2216 1988 2260 disfi-

281 2303 403 2356 cilis,
445 2315 532 2357 quo
563 2307 800 2358 occupatus
831 2300 940 2344 hauc
971 2305 1112 2344 artem
1140 2301 1314 2343 amandi
1343 2301 1542 2356 scripsit,
1572 2314 1654 2345 nec
1682 2303 1810 2345 aliter
1839 2316 1888 2346 se
1918 2315 1988 2346 res

280 2385 408 2428 habet
439 2384 484 2427 in
514 2386 683 2428 ceteris.
745 2385 837 2428 Sed
866 2386 1040 2428 nomina
1070 2397 1156 2427 non
1187 2399 1416 2440 curamus,
1445 2399 1539 2430 rem
1567 2391 1816 2443 spectamus
1845 2388 1988 2432 unice.

282 2469 413 2515 Quod
465 2469 600 2523 igitur
645 2466 918 2523 Marathum,
980 2470 1053 2524 qui
1094 2469 1224 2524 Eleg.
1265 2468 1345 2522 IX,
1389 2472 1464 2513 69.
1535 2468 1733 2513 Pholoen
1774 2469 1988 2525 quandam

281 2558 422 2606 amat,
455 2553 615 2606 Cyrum
647 2553 838 2595 nonnulli
866 2557 1129 2596 censuerunt
1155 2536 1442 2595 Horatianum
1476 2565 1572 2595 esse
1603 2552 1809 2607 (Holu‘r.
1836 2553 1870 2607 1,
1888 2555 1988 2610 33),

280 2635 412 2678 fidem
445 2635 715 2690 denegarunt
745 2634 844 2680 huic
874 2637 1151 2680 coniecturae
1183 2638 1266 2679 iam
1298 2638 1398 2691 alii3
1430 2642 1532 2679 sunt
1563 2635 1670 2680 haec
1701 2637 1874 2693 poetica
1904 2651 1988 2681 no-

281 2721 409 2773 mina,
441 2724 491 2762 ut
521 2720 657 2773 Delia,
689 2719 902 2773 Nemesis,
935 2718 1136 2774 Cynthia,
1175 2723 1241 2762 tot
1271 2719 1368 2764 alia.
1443 2719 1554 2762 Post
1585 2717 1693 2762 haec
1725 2720 1902 2776 propius
1932 2721 1987 2764 ad

281 2808 580 2857 argumentum
612 2805 780 2859 elegiae
809 2804 1030 2859 sequentis
1058 2803 1317 2846 accedimuS.
1379 2803 1755 2847 introitus-ad
1779 2805 1988 2861 Priapum

283 2889 363 2938 est,
394 2886 467 2939 qui
494 2885 547 2928 de
571 2887 790 2928 amoribus
815 2899 1048 2942 puerorum
1078 2888 1331 2940 consulitur,
1362 2901 1448 2941 qua
1474 2888 1640 2931 ratione
1666 2887 1865 2944 capiendi
1887 2890 1986 2934 siut.

282 2969 563 3023 Sequitur
593 2970 804 3013 deinde
837 2969 926 3013 dei
961 2971 1163 3014 oratio.
1224 2974 1288 3013 Ac
1322 2971 1504 3026 p‘rimum
1531 2970 1600 3014 hic
1628 2972 1833 3026 generale
1853 2985 1985 3028 prae-

282 3057 456 3106 ceptum
487 3052 560 3094 dat
591 3058 639 3095 ut
669 3055 988 3108 perseverantia
1018 3053 1156 3105 adsit3
1187 3066 1317 3109 posse
1347 3053 1428 3096 etsi
1458 3053 1599 3109 primo
1631 3058 1787 3109 neget,
1818 3052 1986 3096 dIutnr-

281 3133 402 3175 niore
433 3134 578 3177 studio
610 3136 721 3178 vinci
753 3148 951 3190 puerum,
981 3135 1018 3177 si
1048 3148 1133 3178 non
1164 3135 1314 3177 tardus
1344 3136 1403 3178 sis
1435 3149 1515 3178 nec
1545 3136 1718 3178 omittas
1750 3135 1985 3191 quidquam

282 3217 396 3271 quod
445 3223 749 3274 opportunum.
812 3220 980 3263 Deinde
1025 3220 1079 3262 ad
1111 3221 1318 3276 specialia
1349 3232 1609 3276 progressus
1651 3220 1758 3263 duas
1799 3221 1985 3262 maxime

281 3312 351 3341 res
382 3302 653 3344 commendat
686 3307 730 3344 et
763 3303 1064 3357 persequitur,
1113 3301 1367 3356 obsequium
1397 3307 1443 3344 et
1474 3301 1702 3344 blanditias
1735 3303 1984 3355 carminum,

280 3383 453 3427 damnat
484 3398 587 3428 vero
621 3399 812 3439 munera,
843 3399 942 3430 cum
969 3385 1072 3430 nihil
1105 3389 1271 3443 turpius
1304 3388 1358 3429 sit
1389 3386 1566 3430 avaritia
1600 3397 1845 3442 puerorum.
1908 3385 1983 3427 Fi-

2128 472 2158 514 ]‘2‘
2131 418 2158 457 7*
