2158 3750
389 249 488 294 316
784 239 1254 294 COMMENTAR.
1289 241 1363 291 ΙΝ
1405 240 1691 292 TlBULLI

386 385 581 430 domos.“
639 387 874 428 Praeterea
911 385 1157 442 vituperant
1202 387 1345 429 locum
1388 386 1443 429 de
1486 386 1748 428 ornamentis
1789 387 1899 430 libri.
1960 388 2076 430 Pro-

384 467 500 509 fecto
539 467 582 508 in
623 465 865 509 huiusmodi
911 467 1042 510 rebus
1088 467 1386 511 describendis
1433 481 1646 522 nusquam
1689 468 1874 511 verbosa
1917 469 2082 512 Tibulli

384 550 466 591 fuit
499 548 649 600 Musa,
678 546 746 590 hic
776 552 921 592 autem
953 554 1084 605 poeta
1115 550 1342 592 manifesto
1371 554 1486 592 amat
1515 550 1642 603 talia,
1673 557 1723 592 ut
1751 551 1898 592 monui
1925 551 2008 592 iam
2041 551 2084 593 in

381 632 692 674 Dissertatione
724 631 778 673 de
810 631 939 674 Poesi
975 633 1153 675 Tibulli.
1213 633 1370 687 Neque
1411 638 1556 676 tamen
1598 634 1802 676 continuo
1834 646 2080 688 perversum

382 718 473 768 est,
517 715 635 769 quod
677 714 843 757 recedit
881 727 909 756 a
948 727 1069 757 more
1099 714 1275 757 Tibulli.
1349 714 1410 758 Et
1438 729 1551 758 nunc
1582 715 1755 770 quidem
1786 714 1902 757 dicat
1928 715 2082 769 aliquis

381 808 472 837 rem
513 797 558 839 in
601 797 790 840 carmine
832 799 1003 853 puellae
1043 798 1174 841 misso
1216 797 1390 852 haberi,
1439 800 1605 855 puellas
1636 804 1780 841 autem
1821 810 1907 840 non
1947 799 2083 852 magis

381 881 524 923 verbis
554 885 599 924 et
627 882 852 924 sententiis
884 882 1091 925 delectari
1132 896 1261 937 quam
1304 881 1454 925 habitu
1495 884 1687 937 eleganti
1724 882 1945 925 librorum.
1986 882 2082 929 ,Ac

378 973 554 1015 verum,
595 968 770 1019 poetam
811 963 879 1007 hic
909 965 1082 1018 quidem
1114 978 1198 1007 non
1230 966 1446 1008 excedere
1478 966 1653 1007 modum
1685 965 1729 1007 in
1771 965 2076 1019 descriptIone.

379 1045 470 1088 Sed
496 1045 773 1102 reprehendis
800 1048 916 1102 quod
943 1039 1002 1091 de*
1028 1054 1286 1104 argumento
1316 1050 1415 1092 libri
1442 1049 1544 1093 nihil
1577 1049 1700 1092 dixit.
1762 1050 1878 1092 Sane
1908 1049 2080 1102 ineptus

376 1128 553 1182 fuisset,
596 1130 633 1172 si
672 1131 716 1173 in
756 1135 851 1173 toto
892 1131 1081 1173 carmine
1123 1131 1295 1173 nonnisi
1326 1131 1380 1174 de
1420 1138 1577 1174 ornatu
1615 1132 1714 1174 libri
1744 1132 1914 1174 locutus
1946 1133 2080 1182 esset,

375 1215 519 1254 tamen
551 1225 663 1255 nunc
694 1212 895 1255 mandata
925 1212 1081 1255 blanda
1114 1213 1224 1257 libro
1264 1213 1412 1256 addita
1442 1213 1592 1266 videS‚
1633 1213 1788 1268 quibus
1819 1226 1905 1267 quo
1935 1211 2078 1255 animo

374 1293 462 1348 legi
493 1306 520 1335 a
551 1295 694 1349 puella
724 1295 914 1337 carmina
945 1307 1025 1338 sua
1054 1296 1189 1350 velit,
1219 1297 1325 1339 satis
1354 1296 1628 1351 significavit.
1687 1294 1916 1340 Praestitit
1943 1295 2079 1350 igitur

373 1378 459 1420 alio
502 1378 632 1422 modo
678 1379 795 1434 quod
850 1381 1071 1436 postulas,
1115 1393 1197 1424 nec
1237 1380 1363 1424 deest
1406 1380 1640 1435 quidquam
1683 1380 1837 1422 unitati
1879 1378 2077 1435 poeticae
2147 1399 2158 1407 -

374 1461 587 1505 carminis.
647 1462 792 1517 Atque
824 1461 933 1506 haec
972 1462 1194 1508 hactenus.
1256 1464 1324 1506 De
1364 1464 1547 1519 singulis
1588 1461 1785 1506 distichis
1814 1461 1925 1505 infra
1957 1461 2080 1505 dice-

373 1556 494 1597 mus,
536 1557 648 1587 nunc
680 1545 735 1587 de
765 1550 859 1588 toto
894 1546 999 1601 quid
1032 1547 1214 1590 iudicari
1243 1547 1405 1591 debeat
1447 1547 1744 1603 exposuimus.
1805 1546 1965 1589 Forma
1995 1558 2075 1590 au-

372 1630 460 1669 tem
495 1629 819 1683 compositionis
859 1628 965 1672 haec
1005 1635 1100 1672 est:
1150 1635 1252 1687 post
1296 1632 1449 1673 intro
1463 1629 1476 1671 i
1490 1634 1600 1672 tum
1647 1633 1888 1685 sequuntur
1929 1627 1956 1671 d
1972 1641 2076 1674 uae
2137 1624 2153 1650 ⁵⁵

371 1724 399 1764 p
413 1723 438 1750 a
453 1714 596 1763 rtes,
644 1724 826 1765 quarum
857 1713 1008 1755 ultima
1045 1714 1170 1755 simul
1225 1713 1418 1756 exitus
1452 1712 1700 1755 continetur
1739 1711 1922 1766 elegiae.
1998 1710 2079 1754 Di·-

370 1792 530 1834 rectior
559 1794 702 1836 exitus
730 1794 868 1848 abest,
899 1808 981 1858 nec
1013 1809 1123 1851 opus
1155 1793 1228 1839 hic
1258 1796 1353 1841 tali.
1415 1795 1614 1840 Vidimus
1645 1800 1790 1839 tamen
1823 1795 1868 1838 in
1898 1790 2074 1838 Disier-

368 1875 532 1919 tatione
561 1876 738 1921 Tibullo
767 1879 1007 1935 praemissa
1038 1880 1205 1922 alienos
1241 1879 1478 1924 indirectos
1520 1881 1666 1924 exitus
1694 1879 1750 1924 ab
1780 1877 1905 1923 huius
1935 1877 2075 1936 poesi.

991 2291 1442 2346 EXPLICATIO.

483 2517 538 2561 V.
581 2520 710 2561 1-6..
769 2517 1079 2562 Introitus.
1153 2518 1458 2562 Kalendae
1504 2517 1758 2561 Martiae
1807 2529 1930 2562 cum
1974 2516 2066 2560 ad-
2120 2551 2127 2567 „

363 2596 481 2640 sint
530 2598 804 2642 uxoribus
859 2605 918 2644 et
962 2601 1189 2656 puellis
1234 2613 1440 2644 sacrae
1485 2601 1816 2655 festaeque,
1872 2601 2074 2644 Musas
2116 2646 2121 2650 ,

359 2687 528 2738 rogat
570 2697 803 2739 quonam
842 2683 1059 2728 honore
1103 2686 1230 2741 ipse
1270 2685 1549 2727 Neaeram
1590 2683 1805 2726 donare
1839 2682 2064 2726 debeat.

481 2768 537 2812 V.
569 2771 594 2810 1
627 2782 721 2823 sqq.
786 2769 994 2812 Martis
1034 2769 1225 2812 festae
1256 2769 1570 2812 Kalendae.
1631 2768 1771 2811 Erant
1801 2766 1882 2811 hae
1912 2781 2063 2811 sacrae
2113 2769 2122 2801 ἰ

357 2850 511 2893 Iunoni
543 2852 843 2906 coniugiorum
874 2851 1064 2908 praesidi
1096 2856 1141 2894 et
1175 2851 1429 2894 colebantur
1460 2865 1487 2893 a
1523 2852 1731 2894 matronis
1761 2864 1918 2907 magna
1959 2851 2066 2894 reli-

360 2935 505 2988 gione,
532 2935 588 2978 cf.
623 2937 758 2978 Ovm.
792 2937 913 2979 Fast.
939 2935 1019 2988 111,
1047 2939 1134 2978 170
1163 2949 1258 2990 sqq.
1290 2940 1335 2978 et
1365 2935 1624 2979 anmmu
1657 2949 1710 2979 ac
1741 2935 2063 2978 Tounmwrmu

361 3019 416 3060 ad
446 3019 602 3063 Horat.
633 3020 791 3074 111‚⁴8,
821 3021 913 3063 init.
955 3021 1071 3064 unde
1113 3021 1425 3064 Matronalium
1462 3021 1636 3064 nomine
1679 3026 1780 3063 suut
1810 3020 2056 3074 insignitae.
2116 3078 2118 3083 ,

360 3104 596 3147 Praeterea
623 3119 726 3148 vero
757 3106 887 3148 etiam
918 3107 1074 3161 puellis
1106 3111 1206 3149 sunt
1235 3106 1376 3149 festae
1404 3106 1591 3160 habitae,
1621 3107 1677 3149 cf.
1712 3106 1821 3148 infra
1845 3106 1922 3158 IV,
1947 3109 1991 3158 2,
2018 3107 2060 3148 1.

360 3198 496 3238 quae,
542 3191 591 3228 ut
620 3191 840 3229 matronae
872 3201 898 3229 a
933 3188 1122 3241 maritis,
1166 3202 1346 3231 munera
1377 3202 1431 3231 eo
1462 3189 1532 3232 die
1561 3189 1616 3231 ab
1648 3188 1891 3232 amantibus
1922 3200 2054 3244 spon·
2119 3212 2129 3251 ς

360 3268 504 3321 sisque
542 3269 839 3323 accipiebant,
885 3269 941 3312 cf.
984 3269 1199 3312 MAcnoB.
1243 3272 1420 3314 Saturn.
1451 3272 1528 3325 VJ,
1563 3275 1604 3315 1.
1652 3272 1815 3315 ΙυνΕΝ.
1847 3271 1926 3324 ΙΧ,
1968 3273 2057 3324 52„
2119 3253 2158 3349 ᾖ

359 3361 440 3391 uec
483 3361 569 3392 non
611 3349 873 3406 interpretes
914 3351 970 3395 ad
1014 3352 1257 3397 Mamur..
1302 3354 1357 3406 V,
1392 3355 1465 3407 84,
1512 3356 1582 3397 10.
1656 3352 1909 3396 Laudaruut
1952 3351 2057 3396 baec
2116 3341 2153 3429 ἕξ
