2158 3750
290 294 391 345 126
683 284 1151 341 COMMENTAR.
1187 284 1264 338 IN
1300 283 1588 338 TIBULLI

288 442 380 480 tur
410 447 511 480 nec
542 431 844 490 aperiatur
874 431 1067 484 ianua,
1094 429 1336 474 rivalem
1367 427 1610 474 divitem
1639 435 1829 476 monet
1858 433 1986 477 irri-

289 520 450 572 dens,
484 530 548 560 ne
579 501 811 559 nimium
841 512 1108 557 confidat
1138 525 1310 557 aurae
1340 510 1652 568 secundae3
1682 527 1811 558 esse
1841 518 1987 560 enim

290 604 396 645 iam
427 600 626 651 alium,
657 598 750 653 qui
781 597 1030 654 puellam
1062 598 1462 653 concupiscat.
1831 653 1839 661 ι

410 683 465 726 V.
496 685 555 725 67
584 694 648 735 sq.
710 679 836 722 Heu
867 681 1123 722 canimus
1153 679 1395 722 frustra.
1455 678 1532 722 Sic
1563 677 1670 722 dicit
1697 679 1801 724 L1v.
1831 682 1906 735 40,
1934 684 1988 724 ὃς

289 764 440 808 surdis
463 763 652 806 auribus
681 777 849 809 canere,
884 768 930 806 et
959 763 1145 806 conferri
1177 767 1322 819 potest
1353 758 1493 809 ἄλλως
1524 757 1660 817 ᾄδεις,
1694 777 1806 818 quae
1836 780 1991 822 :1an-

289 851 369 897 μία
411 851 478 889 est
520 847 589 887 ἐπὶ
628 845 714 887 τῶν
755 839 900 901 μάτην
931 840 1199 895 πονούντων,
1241 844 1327 886 vid·
1357 845 1530 888 [mons.
1562 845 1618 888 ad
1649 845 1880 902 Autholog.
1913 848 1992 891 Gr.

288 932 389 975 Vol.
420 930 456 983 Ι,
496 943 538 985 p.
571 930 672 972 108.
734 929 860 974 Quae
902 928 1032 971 etiam
1073 928 1117 970 in
1153 940 1280 984 prosa
1311 928 1509 971 oratione
1540 927 1768 982 dicuntur3
1814 927 1884 972 hic
1913 942 1994 972 au-

290 1019 377 1056 tem
415 1023 588 1056 carmen
619 1010 823 1055 habemus
853 1012 1299 1069 παρακλαυσίθυρον,
1347 1017 1490 1055 stante
1520 1017 1676 1068 poeta,
1721 1017 1771 1055 ut
1800 1014 1992 1069 fingitur,

290 1101 336 1139 et
378 1099 589 1150 querente
631 1099 732 1138 ante
778 1094 948 1138 ianuam
997 1095 1203 1137 clausam.
1244 1117 1305 1126 —-
1361 1095 1541 1148 victa,
1587 1095 1644 1139 cf.
1685 1096 1720 1149 Ι,
1761 1099 1805 1149 2,
1847 1099 1893 1141 9.
1935 1119 1991 1129 —

289 1182 456 1238 plena
496 1190 682 1231 manu,
725 1176 767 1220 h.
798 1189 837 1221 e.
870 1177 998 1231 plena
1029 1175 1149 1229 auri,
1190 1179 1239 1218 ut
1271 1175 1568 1228 Cunna-ms,
1598 1176 1828 1231 vomas,
1858 1178 1994 1221 Har-

289 1278 424 1316 mus,
466 1263 896 1311 Wnnnmzmcnms,
938 1258 1012 1299 alii
1041 1256 1256 1300 viderunt.
1316 1258 1394 1301 Sic
1422 1271 1584 1299 manus
1611 1258 1794 1317 gravis,
1833 1275 1995 1310 vacua,

286 1351 380 1404 χεὶρ
414 1342 595 1403 πλήρης,
624 1352 764 1401 χεῖρες
795 1345 924 1393 κεναί,
955 1341 1010 1385 de
1041 1355 1128 1397 quo
1167 1354 1247 1385 usu
1277 1341 1408 1385 docte
1439 1343 1532 1398 egit
1560 1343 1997 1389 Mrwsonnnmcmus

304 1445 332 1474 n
363 1430 562 1472 Teutam.
595 1426 689 1469 crit.
722 1440 765 1482 p.
795 1428 837 1468 6.
869 1429 913 1468 7.
970 1423 1083 1468 Vide
1113 1437 1156 1469 v.
1186 1438 1224 1467 c.
1260 1423 1384 1468 Hom.
1418 1425 1576 1480 Odyss.
1600 1425 1659 1480 X,
1685 1429 1758 1471 42.
1788 1427 1868 1482 XI,
1893 1431 1995 1472 358.

290 1515 647 1557 Bnoucrmusms
677 1516 724 1555 et
753 1511 1101 1554 Foncssnmmus
1142 1522 1374 1566 perperam
1411 1509 1466 1553 de
1507 1511 1897 1567 oppugnationibus
1930 1513 1999 1557 fo-

291 1600 401 1641 rium
448 1596 670 1640 nocturnis
715 1595 938 1650 cogitant,
992 1607 1105 1650 quae
1146 1593 1298 1637 validis
1339 1594 1498 1638 ictibus
1541 1594 1850 1650 percutiendae
1897 1595 1997 1639 sint.

289 1683 443 1725 Aliena
472 1680 541 1723 hic
572 1693 657 1723 res.
689 1702 746 1712 ·—
790 1679 845 1723 V.
878 1681 937 1720 69
968 1690 1035 1732 sq.
1095 1677 1164 1719 At
1203 1681 1286 1730 tu,
1332 1675 1387 1719 cf.
1420 1676 1456 1730 Ι,
1487 1679 1532 1731 2,
1561 1679 1635 1720 89.
1665 1698 1728 1709 -
1773 1678 1996 1734 potior,

289 1764 474 1807 Ηοιιιϊ.
505 1763 586 1817 111,
616 1765 660 1816 9,
689 1765 734 1805 2.
765 1761 839 1804 ubi
878 1760 978 1804 vide
1010 1759 1489 1814 Mrrscnssnmcmtm,
1530 1765 1579 1802 ut
1611 1758 1680 1804 hic
1711 1760 1995 1805 Bnoucxntr-

289 1861 411 1891 smm.
443 1868 504 1882 -
546 1859 663 1890 mea
697 1845 815 1888 fata
859 1845 1080 1890 timeto.
1142 1845 1355 1889 Similiter
1388 1844 1630 1888 Honuws
1662 1844 1844 1890 feliciori
1875 1847 1997 1891 rivali

290 1933 395 1974 talia
426 1935 664 1985 auguratur
693 1928 838 1986 Epod.
871 1927 973 1981 XV,
1004 1931 1077 1972 17.
1109 1933 1312 1972 monente
1336 1928 1728 1972 Wunnssnmemo.
1759 1952 1817 1960 —
1862 1930 2001 1974 Ver-

292 2018 452 2056 satur
500 2012 639 2055 Fors
683 2015 764 2054 etc.
811 2009 852 2053 Ιι.
896 2022 936 2053 e.
986 2010 1117 2052 vertit
1156 2022 1205 2052 se
1246 2010 1386 2054 facile.
1447 2011 1632 2054 Constat
1672 2015 1866 2066 veteres,
1913 2025 1998 2056 non

291 2098 500 2141 classicae
529 2095 703 2151 quidem
736 2094 834 2137 dico
864 2094 1020 2137 aetatis
1052 2095 1250 2137 Graecos
1286 2095 1519 2150 scriptores
1549 2096 1771 2151 prosaicos
1805 2100 1850 2140 et
1889 2109 1999 2153 poe-
2030 2122 2036 2126 -

292 2186 359 2223 tas
401 2179 570 2235 epicos,
616 2178 799 2232 lyricos,
844 2175 1060 2229 tragicos,
1107 2187 1217 2229 quos
1260 2176 1484 2230 novimus,
1528 2181 1574 2219 at
1614 2182 1847 2232 sequentes
1883 2179 1999 2224 circa

294 2262 584 2307 Alexandrina
614 2265 835 2316 tempora,
874 2263 967 2301 tum
1000 2259 1245 2311 Romanos,
1291 2254 1462 2316 Τύχην,
1504 2260 1715 2311 Νέμεσιν,
1758 2259 1996 2305 Fortunam

292 2349 426 2404 globo
457 2351 532 2390 aut
563 2349 686 2388 rotae
717 2342 966 2388 exhibuisse
1007 2343 1304 2395 insistentem,
1351 2341 1408 2386 cf.
1449 2341 1626 2386 IAcons.
1661 2341 1915 2387 Animadvv.
1953 2343 1998 2387 in

294 2432 526 2475 Callisti-at.
556 2444 602 2485 p.
633 2430 739 2472 701.
767 2428 857 2482 fin.,
887 2432 933 2471 et
961 2426 1034 2470 adi
1059 2439 1100 2469 v.
1130 2439 1170 2470 c.
1201 2425 1365 2469 Cxcssn.
1396 2426 1441 2469 in
1469 2426 1624 2470 Pison·
1655 2429 1726 2470 10.
1787 2428 1996 2471 Annuit.

292 2515 594 2558 Mmcnmnu.
636 2515 722 2566 26,
768 2515 841 2565 8.,
890 2511 974 2555 alia
1019 2511 1144 2565 plura
1191 2510 1307 2568 apud
1354 2511 1737 2556 Bnoucxuusnm.
1815 2511 2001 2557 Videtur

293 2598 466 2654 Κατρος
493 2593 677 2651 Lysippi
702 2597 819 2637 stans
841 2594 885 2636 in
914 2595 1077 2650 σφαίρᾳ
1109 2593 1294 2649 primum
1325 2598 1493 2637 certum
1524 2595 1772 2650 exemplum
1797 2595 1862 2638 rei
1887 2607 1998 2646 esse,

295 2679 350 2723 de
381 2691 468 2733 quo
498 2681 681 2722 constat.
711 2700 771 2709 —
801 2677 856 2722 V.
887 2680 961 2721 72.
992 2690 1053 2720 ac
1084 2677 1286 2721 crebro
1318 2677 1642 2734 prospicit,
1673 2681 2001 2733 praetereuntes

296 2770 429 2809 noctu
468 2769 601 2821 puta,
647 2763 722 2818 qui
761 2774 860 2806 cum
900 2762 1275 2819 appropinquant,
1316 2761 1480 2817 refugit
1524 2775 1581 2806 ne
1621 2768 1896 2818 agnoscatur.
1940 2787 2002 2797 -
2080 2783 2089 2788 -

295 2849 350 2893 V.
371 2851 428 2892 73
444 2860 510 2903 sq.
539 2859 582 2890 m
596 2858 665 2890 ox
697 2844 931 2899 deinde,
961 2848 1011 2887 nt
1035 2848 1211 2887 notante
1231 2843 1609 2888 thnuamcmo
1635 2849 1703 2889 est
1717 2851 1827 2900 post
1848 2842 2003 2888 deinde

298 2930 516 2975 Tssnssn'r.
547 2928 680 2973 Andr.
709 2927 790 2981 ΙΙΙ,
819 2930 864 2982 2,
895 2930 968 2982 5.,
1013 2927 1088 2971 ubi
1133 2927 1232 2972 vide
1271 2928 1546 2985 interpretes.
1607 2928 1734 2973 Adde
1763 2926 2002 2987 ‘praeterea

304 3014 567 3070 interpretes
596 3011 652 3055 ad
684 3010 894 3055 Commi„
926 3010 1044 3055 Nm».
1074 3011 1164 3055 Vit.
1195 3011 1381 3058 Eumen.
1424 3025 1462 3056 c.
1493 3015 1537 3055 5.
1584 3011 1770 3056 maxime
1811 3013 2002 3066 Boswn,

301 3098 376 3150 qui
405 3097 541 3140 multa
576 3094 731 3138 similia
769 3093 949 3137 notavit.
980 3114 1040 3126 —
1083 3098 1351 3148 excreat,
1398 3098 1449 3136 ut
1489 3093 1707 3149 significet
1738 3095 1913 3151 puellae
1954 3107 2005 3140 se

300 3178 467 3222 adesse.
526 3176 658 3222 Aliud
688 3176 935 3232 exemplum
965 3175 1075 3230 signi
1097 3175 1159 3218 ita
1185 3174 1274 3219 dati
1296 3175 1380 3220 vid.
1414 3176 1551 3220 Ovm.
1580 3175 1762 3219 Heroid.
1787 3175 1909 3231 XXI,
1925 3179 2000 3221 24.

304 3261 509 3304 Ceterum
553 3260 671 3315 quod
711 3260 908 3303 Ovmms
949 3260 1084 3305 Trist.
1111 3260 1171 3315 11,
1199 3263 1304 3305 460.
1344 3259 1457 3304 hunc
1499 3272 1670 3304 versum
1701 3260 1873 3304 imitans
1903 3274 2002 3306 cum

304 3343 401 3386 aliis
439 3343 501 3387 ibi
531 3343 755 3399 coniungit
786 3356 812 3387 e
841 3349 967 3388 sexta
997 3346 1138 3401 elegia
1168 3345 1342 3402 petitis,
1382 3345 1464 3388 nisi
1494 3345 1700 3388 memoria
1738 3346 1887 3402 lapsus
1922 3351 2003 3401 est,

308 3427 508 3472 libertate
536 3427 709 3485 poetica
740 3426 888 3470 utitur.
952 3425 1065 3472 Nam
1095 3425 1178 3472 hoc
1209 3429 1306 3472 loco
1336 3426 1537 3471 Tibullus
1569 3427 1624 3472 de
1654 3427 1784 3471 tertio
1814 3426 2001 3484 quodam
