2158 3750
716 255 898 305 LIBR.
936 255 1001 305 11.
1074 252 1275 304 ELEG.
1312 253 1378 303 Π.
1783 259 1884 303 229

189 395 401 438 Natalem
454 410 538 441 non
596 397 771 443 differre
828 412 854 441 a
910 399 1052 442 Genio
1105 402 1224 442 recte
1269 401 1419 441 contra
1465 394 1695 439 Hermum
1743 402 1889 437 monet

185 480 622 536 Wuxnnamcn1us3
667 483 894 527 manifesto
935 484 1181 540 promiscue
1212 485 1448 538 usurpatur
1477 484 1706 534 utrumque
1735 488 1889 519 nomen

185 567 230 605 et
260 564 302 606 in
334 564 415 607 hoc
447 566 633 608 carmine
666 570 712 608 et
741 564 851 607 infra
881 564 957 616 IV,
992 567 1038 607 5.
1070 568 1118 606 ut
1148 577 1279 620 supra
1309 564 1344 616 Ι,
1376 567 1419 618 7,
1450 563 1520 605 fin.
1552 584 1612 593 —
1653 559 1740 602 vir
1780 570 1887 602 mu—

183 645 425 702 lierque.
497 648 704 690 Familiae
747 647 893 702 plures
936 646 1101 688 amicae
1147 650 1354 688 venerant
1396 644 1452 688 ad
1492 642 1574 686 hoe
1614 641 1786 685 festum.
1828 661 1885 671 -

184 729 237 773 V.
269 733 296 772 3
326 744 392 785 sq.
436 734 675 773 urantur
705 729 934 773 odores.
994 728 1179 771 Praeter
1210 732 1334 779 tura,
1382 738 1493 781 quae
1525 723 1720 779 legitima
1747 722 1791 764 in
1822 719 1886 764 his

181 813 341 864 sacris,
371 813 568 856 solebant
603 812 678 854 illo
709 815 935 866 tempore,
969 808 1030 852 ait
1057 807 1292 861 Hssrmm,
1325 809 1454 850 etiam
1485 807 1594 849 aliae
1626 818 1696 848 res
1726 803 1888 847 odorae

180 897 223 938 in
255 910 329 938 ara
359 895 547 948 adoleri,
582 899 630 938 ut
661 895 777 938 croci
807 893 889 937 flos
919 906 958 936 v.
993 906 1032 936 c.
1064 892 1202 935 Ovm.
1228 892 1347 934 Fast.
1375 890 1411 944 I,
1439 894 1539 943 76„
1574 891 1886 933 cinnamomum

180 985 225 1020 et
258 979 399 1030 casia,
430 989 540 1031 quae
570 976 653 1018 diis
683 988 764 1032 per
791 975 983 1030 singulas
1014 974 1146 1017 micas
1178 972 1359 1026 dantur,
1398 977 1448 1015 ut
1482 971 1588 1014 dicit
1619 971 1755 1014 an.
1784 969 1887 1022 XII,

178 1063 250 1114 13,
281 1062 381 1113 41„
430 1073 560 1116 porro
602 1059 724 1102 nardi
763 1059 866 1102 folia
908 1063 953 1101 et
996 1059 1169 1115 spicae,
1217 1059 1316 1100 alia·
1392 1056 1512 1100 Adde
1556 1057 1789 1101 Vum’unu.
1826 1077 1881 1085 —

177 1143 318 1188 Quos
350 1142 532 1186 mittit
567 1141 758 1185 Arabs.
820 1139 953 1182 Mitti
983 1139 1184 1182 dicuntur
1215 1151 1381 1183 merces
1411 1139 1667 1196 peregrinae
1696 1142 1746 1180 ut
1776 1149 1882 1180 con-

174 1230 288 1280 stat,
332 1226 389 1270 cf.
419 1227 638 1270 Harmas
668 1225 723 1268 ad
752 1224 834 1279 ΙΙΙ,
863 1228 908 1277 2,
938 1227 1014 1266 23.
1045 1228 1091 1267 et
1120 1224 1375 1266 Bunmmn.
1406 1221 1460 1265 ad
1494 1221 1621 1264 Ovid.
1655 1221 1746 1263 Art.
1785 1219 1879 1262 Am.

173 1308 254 1362 111,
285 1312 388 1352 213.
419 1331 481 1341 -
526 1321 552 1351 e
589 1313 750 1351 terra
795 1306 1007 1360 divite,
1053 1307 1231 1364 copiosa
1276 1310 1322 1348 et
1351 1305 1487 1348 feraci
1517 1317 1663 1348 rerum
1693 1303 1879 1360 optima-

173 1406 284 1436 rum.
307 1415 365 1424 —-
407 1398 592 1446 tener,
625 1389 667 1436 h.
699 1404 738 1436 e.
770 1391 941 1444 moliiS,
973 1395 1022 1433 ut
1052 1391 1184 1445 vulgo
1215 1388 1396 1432 audiunt
1426 1387 1620 1440 Arabes,
1652 1386 1706 1429 cf.
1741 1386 1876 1430 Vme.

174 1477 339 1530 Georg.
370 1475 407 1528 l,
435 1478 509 1518 57.
556 1474 764 1516 cuum..
799 1473 879 1527 XI,
909 1476 954 1517 5.
997 1473 1175 1516 Mmu..
1207 1473 1287 1526 IV,
1329 1475 1434 1516 652.
1475 1472 1670 1525 aliosque
1701 1470 1821 1512 locos
1852 1482 1877 1512 a

96 1546 101 1550 ’
172 1559 505 1602 Bnoucxnusxo
547 1559 717 1602 allatos·
791 1556 947 1613 Neque
987 1570 1092 1600 vero
1141 1558 1329 1600 otiosum
1375 1561 1442 1599 est
1489 1554 1737 1612 epitheton,
1800 1552 1878 1597 sed

173 1656 269 1686 eum
302 1642 540 1698 pretiosoS,
587 1640 768 1684 eximios
809 1639 966 1683 odores
1005 1641 1251 1694 significare
1282 1639 1411 1692 velis,
1462 1652 1518 1681 ex
1556 1638 1714 1681 Arabia
1746 1636 1877 1679 divite

173 1723 380 1766 advectos
419 1722 548 1775 dicit,
590 1722 664 1764 nbi
705 1721 858 1765 molles
903 1719 1095 1764 homines
1139 1720 1335 1764 bonitate
1375 1721 1485 1774 soli,
1526 1721 1875 1763 suavissimorum

174 1807 356 1851 odorum
386 1805 734 1848 feracissimi.-
765 1804 818 1846 V.
851 1806 879 1846 5
903 1815 997 1858 sqq.
1042 1803 1175 1859 Ipse
1206 1816 1335 1846 suos
1366 1803 1523 1845 adsit
1555 1803 1771 1845 Genius
1792 1805 1874 1844 etc.

169 1891 313 1947 Supra
354 1890 655 1933 adventantem
689 1887 817 1931 deum
848 1888 1124 1944 praesagiens
1156 1887 1352 1931 dixeratz
1401 1886 1549 1940 venit,
1595 1885 1738 1928 veniet
1773 1885 1872 1926 Na-

166 1971 309 2022 talis-,-
354 1986 467 2016 nunc
509 1973 670 2029 paratis
711 1972 835 2015 donis
877 1971 1112 2028 praeclaris
1153 1984 1335 2028 precans
1375 1974 1424 2013 ut
1464 1975 1604 2013 ratum
1647 1970 1723 2012 fiat
1758 1968 1874 2024 quod

166 2057 516 2113 praesagiverat,
560 2056 729 2112 pergit:
774 2052 878 2111 ipse]
908 2054 1095 2108 agedum
1137 2053 1263 2096 adsit.
1339 2054 1488 2098 Quare
1531 2053 1649 2095 nulla
1697 2050 1764 2094 hic
1806 2056 1873 2094 est

166 2141 466 2196 repugnantia.
550 2138 651 2181 Non
695 2137 908 2180 assentior
951 2150 1056 2180 vero
1102 2122 1520 2190 Wrmnnnmcmo,
1566 2135 1638 2190 qui
1688 2136 1751 2178 sic
1793 2148 1870 2177 ex-

78 2223 83 2226 ’
163 2225 324 2281 plicatt
384 2225 524 2268 Poeta
567 2227 797 2279 postquam
838 2222 910 2264 dei
954 2221 1185 2264 adventum
1227 2234 1359 2277 supra
1404 2219 1752 2276 praesagiverat,
1801 2217 1870 2260 hic

165 2312 289 2364 optat
326 2313 375 2350 ut
413 2309 472 2350 sit
511 2312 703 2350 ornatu&
763 2306 864 2349 Hoc
899 2307 1010 2349 enim
1052 2306 1095 2348 in
1137 2305 1415 2359 sequentibus
1459 2303 1630 2346 demum
1673 2303 1870 2356 additur3

165 2387 421 2432 hexameter
450 2387 552 2431 nihil
582 2388 638 2431 de
673 2392 828 2431 ornatu
857 2385 1000 2430 habet.
1062 2387 1260 2442 Denique
1293 2387 1520 2430 lectionem
1553 2386 1669 2441 quod
1700 2386 1868 2439 attinet,

167 2472 363 2516 codicum
393 2473 628 2515 auctoritas
660 2470 827 2513 Genius
858 2470 981 2513 adsit
1021 2471 1225 2527 praebet,
1268 2470 1384 2526 quod
1415 2470 1687 2513 Huscmzms
1719 2482 1869 2512 exem-

165 2557 247 2611 plis
290 2554 497 2598 defendit.
555 2553 669 2597 Vide
714 2554 900 2597 maxime
944 2554 1234 2596 Scmsssmna.
1280 2554 1473 2596 Gramm.
1508 2552 1606 2595 Lat.
1654 2552 1780 2594 Tom.
1811 2551 1867 2603 ll,

162 2656 205 2697 p.
240 2642 328 2683 74⁵
359 2653 453 2695 sqq.
492 2638 710 2681 laudatum
749 2637 833 2681 iam
877 2650 1020 2693 supra.
1093 2636 1381 2680 Nihilominus
1423 2637 1576 2679 mirum
1620 2635 1737 2691 quod
1781 2649 1865 2678 non

164 2722 359 2778 scripsit:
405 2719 527 2762 adsit
572 2719 763 2765 Genius,
808 2720 844 2762 si
885 2720 997 2762 ratio
1037 2720 1279 2763 sententiae
1322 2725 1390 2762 est
1421 2725 1469 2762 ut
1500 2733 1629 2776 supra
1662 2721 1865 2776 explicui.

161 2807 239 2850 Sic
269 2807 382 2850 enim
412 2805 477 2848 vis
508 2805 651 2861 potior
680 2805 764 2847 erit
792 2804 836 2847 in
866 2804 1034 2847 verbIS:
1075 2803 1169 2860 ipse
1200 2826 1260 2838 --
1292 2803 1428 2846 adsit.
1462 2827 1519 2835 -—
1563 2803 1666 2846 Cui
1700 2803 1726 2846 d
1744 2816 1867 2847 eco-

162 2893 290 2932 rent
319 2893 403 2931 etc.
464 2887 632 2931 Similia
673 2885 780 2930 haec
821 2892 866 2930 et
907 2888 1132 2942 sequeutia
1173 2887 1226 2930 iis
1267 2888 1390 2940 suns,
1434 2901 1545 2942 quae
1588 2900 1716 2943 supra
1750 2888 1786 2941 I,
1821 2892 1863 2942 7,

160 2973 234 3013 51.
268 2972 340 3012 52.
379 2969 588 3023 legimus,
622 2967 697 3011 sed
729 2973 872 3013 tamen
904 2982 989 3012 non
1021 2969 1148 3026 plane
1182 2970 1357 3024 eadem,
1401 2971 1514 3025 quod
1549 2971 1677 3014 nolim
1715 2976 1759 3014 te
1795 2971 1864 3013 fu-

161 3055 266 3108 giat.
328 3052 421 3094 lmc
452 3064 603 3094 sensus
647 3055 768 3094 erat:
820 3051 965 3094 venias
1007 3052 1171 3105 laetus,
1218 3053 1334 3095 laeto
1377 3059 1560 3106 ornatu,
1608 3051 1689 3096 hoc
1719 3059 1863 3097 autem

159 3137 283 3179 loco:
318 3137 459 3179 veniat
491 3135 656 3178 Genius
687 3133 799 3177 sesto
831 3141 999 3190 ornatu,
1030 3142 1160 3192 atque
1192 3136 1274 3180 huc
1306 3142 1508 3180 revocata
1541 3136 1731 3193 epitheta
1762 3143 1862 3181 sunt

159 3224 290 3274 atque
321 3219 405 3261 alia
437 3219 604 3261 diversa
635 3218 676 3260 in
721 3216 784 3259 his
815 3219 933 3261 locis.
1003 3219 1143 3274 Igitur
1176 3234 1273 3263 cum
1309 3233 1439 3276 supra
1471 3220 1655 3263 dixerit:
1705 3227 1750 3261 et
1784 3234 1859 3261 ca-

152 3301 250 3358 pite
282 3310 326 3343 et
361 3300 471 3343 collo
503 3300 652 3342 mollia
696 3308 818 3342 serta
858 3307 1017 3355 gerat,
1065 3315 1176 3346 nunc
1219 3303 1390 3346 maluit:
1441 3304 1539 3346 Cui
1585 3303 1863 3346 decorent

159 3389 390 3427 sanctas
437 3384 625 3427 florea
672 3388 824 3425 serta
869 3396 1084 3437 comas3
1131 3399 1269 3441 neque
1306 3387 1414 3429 enim
1450 3386 1598 3429 dubito
1629 3385 1693 3427 hic
1717 3387 1862 3440 storea
