2158 3750
329 300 429 344 308
697 291 1168 345 COMMENTAR.
1207 292 1283 344 IN
1321 293 1613 347 TIBULLI

329 445 419 483 tur
453 437 720 494 compede
751 438 1031 491 vinctum,
1063 451 1118 481 ne
1148 437 1353 495 desperet
1384 443 1429 481 et
1455 439 1742 482 mortem'sibi
1767 441 2021 484 consciscat.

324 524 457 565 Ovm.
500 521 640 576 Epist.
685 533 741 562 ex
782 521 926 564 Ponto
966 520 1084 574 I‚·6,
1126 525 1201 565 31.
1244 523 1272 563 Ι.
1303 522 1400 564 cit:
1457 524 1586 563 Haec
1622 521 1752 581 facit
1797 531 1850 564 ut
1893 524 2019 566 vivat

321 605 500 647 vinctus
532 618 704 662 quoque
736 603 935 659 compede
963 604 1147 662 fossor,
1190 604 1442 664 Liberaque
1471 620 1500 646 a
1524 605 1656 664 ferro
1685 621 1821 647 crura
1841 605 2020 663 futura

314 692 463 741 putet.
526 687 681 727 Sermo
723 691 790 728 est
820 685 876 728 de
908 686 1124 742 mancipio
1155 699 1211 729 ex
1252 689 1502 742 ergastulo,
1550 702 1661 744 opus
1691 689 1879 732 faciente
1913 690 2020 732 ruri.

318 768 443 811 Conf.
487 782 618 824 supra
657 768 713 810 ad
752 768 787 822 l,
818 773 861 822 7,
892 771 967 813 42.
997 792 1056 800 -
1105 771 1265 812 canit
1306 770 1465 812 inter
1513 784 1680 826 opus,
1727 776 1776 813 ut
1818 772 2015 815 similiter

316 851 513 894 Ovrnms
545 850 649 893 dicit
678 850 813 894 Trist.
843 851 920 904 lv,
956 853 996 904 l,
1025 854 1070 892 5.
1111 851 1310 894 laudatus
1340 853 1426 894 iam
1457 866 1484 895 a
1519 854 1700 897 Vunmo
1733 859 1779 896 et
1809 854 2015 899 Hanno.

312 937 541 978 Postremo
572 940 711 978 totum
743 934 855 978 huuc
887 936 1029 978 locum
1072 936 1127 977 de
1171 936 1212 978 vi
1244 937 1352 991 Spei
1384 937 1556 979 notabis
1587 937 1824 980 secundum
1854 937 2015 992 grada-

313 1018 474 1060 tionem
520 1019 834 1073 compositum,
879 1030 976 1060 cum
1019 1022 1150 1073 poeta
1189 1017 1424 1060 descendat
1465 1020 1521 1061 ab
1561 1020 1852 1074 agricolarum
1893 1020 2018 1062 labo—

310 1101 427 1142 riosa
459 1101 548 1142 vita
579 1099 634 1142 ad
669 1101 926 1143 tenuitatem
955 1101 1130 1155 aucupii
1172 1105 1216 1142 et
1248 1101 1525 1156 piscationis,
1567 1108 1658 1145 tum
1689 1103 1746 1145 ad
1775 1103 2015 1159 mancipio-

309 1197 405 1227 rum
435 1184 716 1227 miserrimam
746 1188 924 1226 sortem.
957 1206 1016 1216 --
1056 1188 1233 1237 negat
1263 1184 1397 1236 illa,
1430 1184 1489 1226 cf.
1523 1185 1578 1227 ad
1608 1185 1644 1238 I,
1675 1188 1718 1238 4,
1754 1189 1823 1229 15.
1853 1208 1912 1219 —
1944 1199 2010 1229 ne

309 1268 508 1310 vincas
550 1267 733 1319 deam,
777 1279 832 1308 ne
863 1267 938 1307 fiat
969 1269 1017 1307 ut
1047 1264 1129 1307 dea
1159 1266 1274 1308 victa
1305 1265 1465 1308 duritia
1495 1271 1571 1308 tua
1602 1267 2010 1328 tandem-succum-

305 1349 395 1393 bat.
457 1350 690 1406 Comparat
733 1349 1004 1391 Huscmuus
1049 1349 1191 1392 Cicer.
1237 1350 1407 1393 Verrin.
1439 1350 1474 1404 Ι,
1507 1355 1558 1393 6:
1606 1358 1652 1391 et
1689 1351 1738 1393 in
1775 1350 2010 1393 sortitione

304 1429 441 1472 istius
487 1446 607 1487 spem
645 1430 845 1489 fortuna
883 1429 1044 1487 populi
1084 1430 1278 1473 Romani
1317 1439 1364 1472 et
1407 1431 1458 1474 in
1496 1431 1746 1476 reiiciendis
1785 1432 2012 1476 iudicibus

304 1530 403 1557 mea
435 1514 669 1573 diligentia
698 1514 888 1557 istorum
918 1514 1241 1571 impudentiam
1270 1515 1455 1559 vicerat.

422 1599 477 1642 V.
506 1601 689 1641 29-40.
749 1597 953 1640 Altera
994 1610 1147 1653 pars.
1209 1597 1562 1640 Obtestatur
1591 1598 1872 1643 Nemesim
1902 1613 2002 1656 per

303 1681 496 1723 Manes
528 1679 757 1722 sororis
786 1678 950 1721 modo
982 1678 1296 1722 defunctae
1327 1685 1387 1723 ut
1418 1681 1677 1725 desistat
1711 1697 1738 1725 a
1767 1683 2004 1728 duritia.

419 1766 475 1810 V.
505 1768 565 1807 29
597 1779 663 1820 sq.
724 1765 1054 1818 immatura,
1098 1778 1195 1808 cum
1238 1766 1428 1809 nondum
1468 1772 1636 1811 matura
1676 1774 1821 1812 essent
1861 1771 2004 1814 morti.

301 1847 485 1891 Honrr.
517 1850 614 1892 Sat.
651 1849 709 1902 ΙΙ,
741 1851 785 1901 8,
816 1851 891 1892 59.
933 1854 1213 1905 comparante
1252 1851 1658 1895 thnssnmcmo:
1705 1860 1758 1894 ut
1797 1852 1839 1896 .ςί
1865 1853 2002 1909 filius

297 1930 570 1973 immaturus
615 1929 794 1974 obisset.
856 1932 981 1974 Adde
1027 1932 1274 1975 immatura
1320 1936 1562 1978 PROPERT.
1607 1937 1682 1990 lv,
1726 1940 1796 1991 11,
1842 1941 1913 1980 17.
1957 1943 2002 1980 et

297 2019 448 2057 contra
500 2021 684 2055 matura
734 2015 870 2062 Ovm.
913 2016 1025 2058 Met.
1068 2017 1125 2070 X,
1172 2022 1246 2060 36.
1301 2020 1561 2073 omninoque
1611 2026 1816 2061 maturos
1859 2033 2001 2062 anno-5

296 2107 430 2150 saepe
460 2108 525 2151 pr.
551 2095 759 2138 senilibus
789 2096 944 2150 dictos,
973 2101 1024 2139 ut
1051 2103 1175 2140 notat
1205 2098 1389 2142 Bsswrr..
1421 2100 1476 2142 ad
1508 2101 1662 2145 Horat.
1687 2101 1782 2144 Art.
1812 2102 1864 2145 P.
1894 2104 1997 2145 157.

295 2177 434 2222 Vides
461 2177 698 2232 Tibullum,
730 2183 779 2221 ut
809 2179 872 2232 fit,
905 2178 1128 2235 epitheton
1158 2181 1242 2223 toti
1279 2194 1496 2237 personae
1527 2188 1778 2238 competens
1807 2183 1860 2225 ad
1894 2195 1997 2238 par-

294 2267 384 2306 tem
413 2276 655 2306 revocasse.
678 2287 740 2296 —
769 2265 891 2317 Sic,
924 2264 980 2308 cf.
1011 2265 1065 2307 ad
1097 2265 1132 2318 Ι,
1164 2267 1206 2317 4,
1239 2268 1281 2308 1.
1341 2267 1530 2309 Sensus:
1568 2267 1643 2308 Sic
1673 2271 1778 2323 opto
1802 2272 1852 2310 ut
1881 2267 1995 2311 bene

293 2349 512 2402 quiescat,
556 2348 673 2403 quod
703 2349 748 2391 in
779 2349 892 2391 votis
924 2347 1080 2403 habes,
1124 2348 1165 2391 si
1193 2350 1308 2392 mitis
1344 2351 1443 2394 eris.
1502 2353 1644 2395 Porro
1684 2357 1886 2396 tenera
1927 2357 1995 2396 est

298 2429 517 2483 humus,
562 2443 674 2484 quae
704 2443 790 2473 non
822 2432 966 2485 gravis
995 2431 1224 2486 incumbit,
1254 2445 1365 2487 quae
1393 2434 1513 2478 levis.
1574 2435 1747 2478 Laudat
1778 2436 1995 2479 Hermus

291 2514 406 2556 inter
432 2515 516 2555 alia
547 2513 684 2557 Ovm.
710 2514 878 2556 Amorr.
905 2513 963 2566 ΙΙ,
987 2517 1058 2566 16,
1085 2517 1138 2556 6:
1170 2521 1216 2555 et
1247 2514 1363 2556 viret
1392 2515 1441 2557 in
1471 2523 1621 2559 tenero
1642 2517 1825 2576 fertilis·
1855 2516 1994 2559 herba

289 2595 407 2642 solo,
451 2597 526 2638 ubi
566 2596 621 2639 de
662 2586 908 2639 molli-nec
951 2596 1075 2638 nimis
1117 2596 1252 2639 densa
1296 2596 1426 2640 humo
1473 2598 1642 2642 dicitur.
1684 2623 1746 2633 —
1795 2600 1990 2655 Denique

291 2693 459 2735 parva
493 2685 558 2721 est
590 2684 740 2721 tenera
771 2683 931 2729 aetate,
961 2684 1010 2719 ut
1044 2678 1260 2720 Hssmms
1290 2685 1463 2732 monet,
1496 2681 1721 2723 notissimo
1750 2695 1848 2724 usu.
1909 2682 1992 2725 Ti-

288 2764 431 2805 bullus
463 2771 607 2806 autem
640 2763 862 2819 epitheton
894 2763 1179 2804 miserationis
1211 2776 1342 2804 causa
1382 2764 1549 2806 addidit
1590 2771 1638 2807 ut
1683 2771 1786 2808 aute
1828 2764 1988 2807 imma-

288 2854 425 2894 tura,
471 2861 570 2890 cum
601 2848 821 2891 Nemesim
852 2847 1152 2890 recordatione
1183 2846 1366 2890 infelicis
1395 2850 1556 2891 sororis
1587 2850 1762 2903 gravius
1792 2861 1989 2892 commo-

286 2937 375 2975 tam
406 2932 524 2975 velit.
558 2954 615 2963 --
661 2933 717 2976 V.
749 2935 806 2975 31
839 2945 934 2986 sqq.
979 2937 1175 2975 sancta
1218 2937 1319 2975 est.
1383 2933 1605 2976 Vocantur
1634 2933 1785 2975 sancti
1814 2934 1984 2989 piorum

285 3015 454 3061 ManeS.
498 3015 659 3060 Omen.
686 3015 800 3071 Top.
831 3018 903 3057 23.
940 3016 1138 3059 laudatus
1169 3031 1195 3059 a
1226 3018 1428 3061 Vunmo:
1474 3018 1632 3077 Atque
1661 3017 1798 3058 etiam
1825 3032 1986 3059 rursus

286 3099 496 3155 aequitas
528 3097 770 3155 tripartita
803 3097 971 3139 dicitur
1000 3114 1118 3145 esse,
1152 3114 1245 3141 una
1275 3099 1339 3141 ad
1369 3115 1553 3156 superos
1585 3100 1708 3147 deos,
1742 3099 1892 3142 altera
1923 3099 1986 3140 ad

282 3194 461 3225 maner,
508 3179 649 3221 tertia
697 3178 761 3220 ad
797 3178 991 3221 homines
1030 3180 1272 3236 pertinere.
1360 3182 1518 3223 Prima
1564 3183 1737 3239 pietas,
1785 3181 1981 3224 secunda

283 3261 536 3308 sanctitas,
580 3261 720 3302 tertia
761 3261 947 3303 iustitia
988 3271 1074 3303 aut
1116 3264 1327 3322 aequitas
1366 3265 1636 3308 nominatur.
1699 3267 1818 3308 Alios
1861 3267 1980 3308 locos

281 3347 639 3388 Bnoucxnnsms
672 3345 840 3399 laudat,
867 3346 1000 3388 veluti
1031 3348 1169 3390 Vme.
1203 3349 1309 3389 Aen.
1341 3348 1441 3401 XII,
1472 3351 1560 3389 648
1587 3362 1668 3403 sq.,
1694 3361 1804 3402 quos
1829 3361 1978 3390 versus

280 3425 407 3472 etiam
438 3429 658 3472 Hermus
691 3430 885 3485 apponit.
915 3454 976 3463 —
1021 3429 1193 3483 dona,
1235 3430 1274 3477 h.
1312 3444 1351 3475 e.
1392 3437 1613 3486 unguenta
1645 3437 1690 3474 et
1721 3431 1975 3484 libationes3
