2158 3750
348 205 452 296 234
747 243 1213 297 COMMENTAR.
1254 243 1327 293 IN
1367 242 1653 295 TIBULLI

347 391 503 446 plicem
535 391 721 440 cultum,
767 395 812 430 at
843 386 957 429 Coas
996 390 1140 428 vestes
1181 389 1226 428 et
1270 385 1482 441 mancipia
1514 384 1768 441 Aethiopica
1803 390 1847 429 et
1880 387 2047 428 colores

346 473 531 515 selectos
574 471 611 511 si
653 469 907 525 praebeam,
952 469 1118 522 gratior
1148 468 1242 509 sim.
1304 467 1432 508 Talia
1470 468 1583 509 enim
1627 471 1794 519 amant,
1838 469 1940 510 talia
1972 469 2045 521 qui

347 557 500 607 offert,
531 566 711 607 regnum
742 557 887 605 tenet,
919 552 1001 594 etsi
1033 552 1140 593 vilis*
1161 550 1289 592 homo
1320 551 1400 603 sit,
1430 551 1494 592 uti
1525 562 1637 592 nunc
1668 548 1887 591 Nemesim
1917 547 2045 591 homo

346 636 462 687 cepit
493 648 547 676 ex
581 634 739 689 praeda
769 634 914 686 dives,
958 646 1088 690 saepe
1121 634 1221 675 olim
1252 634 1366 675 inter
1395 633 1606 688 mancipia
1639 631 1850 674 venditus.
1911 631 2047 674 Vobis

346 723 517 769 autem,
567 717 715 759 rustici
756 716 841 769 dii,
889 716 961 770 qui
1001 729 1115 759 nunc
1156 716 1293 771 copiis
1334 716 1489 757 vestris
1520 716 1719 756 allectam
1750 712 1962 756 abducitis
1992 726 2048 756 ex

344 798 452 840 urbe
482 799 668 853 puellam
698 798 740 840 in
777 797 910 840 ditem
942 797 1113 850 villam,
1146 796 1304 839 devota
1335 802 1462 839 sunto
1493 810 1670 839 munera
1696 801 1842 840 vestra
1870 800 1915 838 et
1945 808 2047 850 per-

343 886 443 922 eant
477 882 646 936 potius,
689 895 743 924 ne
776 895 876 924 rure
907 883 1076 936 puellae
1107 882 1217 935 sint3
1265 882 1443 923 meliora
1488 882 1590 923 olim
1634 887 1830 936 tempora
1859 879 2047 932 fuerunt,

345 977 443 1006 cum
485 965 712 1018 glandibus
760 970 804 1007 et
848 978 957 1019 aqua
1000 966 1193 1007 viverent
1236 963 1429 1007 homines
1471 966 1512 1006 in
1557 965 1766 1021 pellibus,
1814 968 1860 1005 at
1890 964 2048 1006 amoris

344 1046 502 1100 gaudia
549 1048 682 1088 libere
729 1049 876 1090 Venus
924 1047 1178 1101 praeberet,
1225 1060 1305 1088 nec
1349 1051 1497 1088 custos
1541 1052 1585 1088 et
1626 1047 1753 1089 ianua
1797 1046 2047 1089 excluderet

343 1134 569 1171 amantem.
634 1130 759 1174 Nunc
801 1135 944 1171 autem
985 1130 1090 1183 quid
1131 1130 1312 1185 prodest
1349 1129 1454 1171 mihi
1495 1135 1600 1183 toga
1646 1131 1849 1184 elegans,
1894 1131 2046 1172 sinon

340 1210 467 1254 video
511 1213 735 1266 puellam?
795 1212 930 1253 Immo
974 1211 1099 1252 mitto
1143 1209 1276 1263 haec;
1325 1210 1528 1252 abducite
1575 1223 1644 1252 me
1691 1212 1734 1252 in
1777 1214 2044 1263 servitutem,

343 1308 454 1350 opus
487 1298 692 1339 rusticum
725 1297 877 1339 faciam
908 1296 953 1337 in
995 1295 1111 1349 agris
1153 1294 1378 1349 dominae,
1423 1300 1474 1337 ut
1501 1294 1716 1341 interdum
1747 1295 1900 1337 saltem
1930 1295 2047 1338 fruar

342 1380 435 1422 eius
477 1380 701 1436 adspectu.
760 1381 828 1423 Ita
870 1380 1084 1422 Tibullus.
1146 1381 1343 1436 Apparet
1385 1393 1441 1423 ex
1482 1378 1561 1422 hac
1605 1379 1876 1422 enarratione
1914 1391 2046 1433 argu-

342 1464 474 1505 menti
506 1469 608 1520 apte
639 1469 683 1506 et
714 1463 892 1520 pulchre
925 1461 1159 1506 cohaerere
1191 1463 1332 1506 omnia
1367 1467 1412 1505 et
1438 1475 1539 1504 vere
1565 1462 1780 1518 poeticam
1805 1474 1900 1503 esse
1927 1474 2046 1504 com-

341 1549 597 1604 positionem
632 1550 812 1603 elegiae.
876 1549 1117 1591 Servire
1160 1548 1280 1590 vult
1321 1546 1469 1603 apud
1510 1540 1817 1588 dominam:
1866 1544 1947 1587 hoc
1980 1549 2047 1587 est

340 1629 485 1672 thema
528 1632 750 1685 carminis,
798 1633 1062 1674 enuntiatum
1094 1632 1238 1672 statim
1283 1631 1326 1672 in
1370 1629 1614 1672 exordio
1658 1634 1702 1671 et
1736 1630 1964 1684 repetitum
2001 1627 2044 1671 in

343 1714 531 1766 exitu3
581 1727 677 1755 nam
723 1715 836 1756 inter
876 1713 1035 1755 formas
1076 1726 1229 1755 suaves
1261 1713 1496 1766 elegiarum
1530 1713 1656 1756 etiam
1689 1711 1795 1755 haee
1835 1717 1925 1765 est,
1972 1712 2059 1769 ubi·

339 1808 506 1838 summa
535 1797 774 1850 sententia,
808 1798 947 1853 posita
982 1798 1025 1839 iu
1057 1797 1260 1851 exordio,
1294 1797 1406 1840 redit
1437 1797 1481 1839 in
1511 1798 1608 1840 fine.
1669 1797 1719 1840 ln
1750 1796 1932 1839 medio
1965 1810 2044 1838 au-

339 1882 427 1921 tem
459 1881 707 1923 carmine
749 1881 944 1923 videmus
985 1887 1078 1920 tres
1112 1886 1274 1934 partes
1313 1894 1475 1923 rerum.
1537 1878 1738 1920 Primum
1770 1879 1916 1921 laudat
1949 1892 2042 1932 my—

338 1961 480 2005 thicae
524 1966 678 2006 aetatis
720 1978 910 2017 morem,
956 1977 1054 2006 cum
1094 1977 1216 2005 amor
1263 1966 1421 2019 primas
1463 1964 1624 2018 ubique
1665 1968 1860 2015 teneret,
1912 1967 2042 2015 atque

338 2049 469 2089 etiam
502 2048 560 2090 dii
594 2047 776 2091 honores
808 2054 852 2090 et
883 2049 1035 2090 domos
1068 2061 1168 2091 suas
1211 2049 1504 2101 relinquerent
1546 2053 1590 2090 et
1631 2047 1684 2088 ad
1716 2048 1903 2090 infimam
1935 2059 2041 2088 con-

338 2131 544 2176 ditionem
576 2133 888 2175 descenderent
921 2137 1099 2188 propter
1130 2146 1334 2175 amorem.
1416 2135 1527 2173 Tum
1559 2133 1740 2189 opponit
1770 2137 1815 2174 et
1847 2133 2042 2187 exagitat

337 2228 541 2269 praesens
573 2217 791 2257 saeculum
827 2220 871 2257 et
901 2213 1151 2256 hodiernam
1183 2216 1395 2257 luxuriam
1427 2220 1471 2257 et
1501 2216 1747 2269 avaritiam,
1793 2216 1867 2258 ubi
1899 2217 2038 2272 pretio

335 2296 534 2339 venditur
573 2311 695 2340 amor
738 2302 782 2340 et
822 2298 859 2339 is
904 2297 1089 2351 puellam
1134 2294 1261 2338 habet
1302 2298 1373 2350 qui
1415 2298 1599 2339 maxima
1643 2297 1757 2340 dona
1788 2297 1886 2340 fert.
1946 2298 2038 2339 Po-

335 2387 498 2422 stremo
541 2380 596 2422 ad
640 2381 806 2437 priscae
847 2379 1132 2434 simplicitatis
1173 2378 1346 2421 laudem
1385 2378 1498 2422 redit
1537 2379 1592 2420 ab
1623 2379 1706 2422 alia
1740 2385 1882 2423 tamen
1914 2386 2039 2436 parte

335 2477 448 2507 nunc
490 2469 716 2506 tractatam
761 2469 806 2506 et
847 2465 1005 2506 amoris
1048 2463 1231 2506 liberum
1274 2477 1398 2506 usum
1440 2463 1662 2520 praedicat
1702 2465 1746 2506 in
1787 2466 1906 2506 tenui
1947 2469 2037 2506 tum

333 2549 451 2589 victu
481 2548 699 2601 cultuque.
762 2546 977 2589 Nimirum
1019 2559 1166 2588 amore
1207 2545 1309 2588 nihil
1352 2551 1419 2588 est
1461 2547 1600 2589 maius
1640 2551 1773 2601 atque
1814 2550 2038 2602 praestan-

333 2630 447 2681 tius3
494 2628 591 2672 hnic
633 2629 844 2682 honores,
891 2628 1090 2680 divitiae,
1137 2629 1266 2682 gulae
1310 2630 1580 2684 voluptates,
1626 2630 1710 2671 alia
1744 2629 1887 2671 omnia
1917 2634 2039 2685 post-

332 2709 554 2766 habenda,
587 2725 666 2767 pro
698 2711 780 2754 hoc
810 2711 1056 2762 molestiae,
1099 2709 1269 2751 labores
1300 2723 1448 2752 omues
1480 2711 1716 2754 tolerandi:
1766 2713 1828 2754 ita
1859 2726 1927 2756 res
1957 2713 2038 2756 fuit

333 2795 377 2837 in
404 2795 620 2849 mythicae
651 2797 804 2838 aetatis
835 2795 1123 2850 simplicitate,
1148 2799 1278 2847 atque
1309 2795 1370 2836 ita
1399 2795 1529 2837 etiam
1560 2808 1674 2838 nunc
1705 2796 1905 2839 Tibullus
1933 2810 2035 2840 sen-

333 2879 399 2921 tit.
463 2879 571 2922 Cum
615 2881 750 2934 igitur
789 2880 950 2922 servire
992 2878 1095 2920 velit
1136 2879 1252 2932 apud
1297 2879 1538 2932 dominam,
1580 2880 1622 2921 in
1665 2880 1808 2922 medio
1851 2881 2038 2924 carmine

330 2964 518 3006 illustrat
564 2967 610 3006 et
657 2969 840 3006 exornat
883 2961 990 3005 hanc
1036 2963 1173 3018 ipsam
1221 2963 1359 3005 ideam
1408 2964 1567 3006 amoris
1615 2977 1693 3020 pro
1739 2977 1906 3006 summo
1951 2965 2036 3007 fine

331 3045 475 3088 omnia
517 3047 768 3098 tolerantis,
816 3059 901 3099 qua
943 3045 1098 3087 ductus
1142 3051 1184 3087 et
1226 3045 1318 3101 ipse
1351 3050 1528 3101 paratus
1560 3052 1626 3089 est
1657 3047 1843 3089 tolerare
1875 3048 2034 3100 omnia,

331 3140 413 3169 nec
453 3133 597 3183 potest
629 3130 810 3184 reperiri
845 3130 996 3171 melior
1027 3131 1165 3172 unitas
1198 3144 1354 3173 rerum.
1428 3131 1568 3173 Simul
1612 3145 1768 3185 magna
1812 3135 1882 3174 est
1924 3145 2033 3175 con-

331 3211 512 3254 cinnitas
543 3219 797 3256 structurae.
861 3214 922 3254 Ut
955 3214 1065 3256 euim
1101 3215 1243 3257 exitus
1275 3215 1328 3258 ad
1363 3215 1589 3258 exordium
1621 3215 1746 3267 redit,
1778 3216 1840 3257 sic
1868 3216 1909 3256 in
1939 3228 2034 3258 me-

332 3297 404 3339 dio
436 3299 623 3340 carmine
659 3299 783 3340 tertia
829 3312 927 3353 pars
969 3299 1022 3340 ad
1058 3301 1262 3354 primam3
1304 3297 1410 3341 haec
1443 3300 1575 3353 igitur
1606 3304 1672 3341 est
1709 3298 1843 3341 forma
1877 3299 2034 3341 carmi-

332 3381 398 3422 nis
430 3382 667 3436 exquisita:
702 3384 736 3424 Α
763 3382 798 3424 Β
832 3382 866 3424 C
894 3381 929 3423 B
956 3383 1006 3435 Α,
1039 3383 1091 3424 de
1126 3397 1206 3437 qua
1244 3386 1370 3426 etiam
1403 3385 1445 3425 iu
1478 3383 1790 3426 Dissertatione
1820 3383 1872 3425 de
1905 3383 2034 3428 Poesi

2149 1497 2158 1507 ι
2148 1447 2158 1457 z
2140 1135 2158 1419 ‹mmessssa-'iffiil
2144 1106 2158 1114 ‘2
