2158 3750
381 239 481 284 396
777 232 1247 285 COMMENTAR.
1285 233 1360 284 ΙΝ
1396 234 1687 287 TIBULLI

380 379 445 421 bit
475 384 519 422 et
550 378 783 422 construit:
824 382 874 420 ut
902 392 1065 434 vaguS‚
1098 392 1122 422 e
1155 379 1284 422 terris
1312 393 1398 434 qua
1429 392 1612 434 surgere
1645 380 1818 433 nititur,
1848 381 1948 434 aer,
1981 380 2078 424 huic

381 469 426 506 et
456 468 683 506 contextus
714 463 873 519 passim
904 464 1010 506 fluat
1040 465 1193 519 igneus
1234 463 1407 518 aether,
1438 464 1480 510 h.
1506 479 1544 509 e.
1573 469 1622 507 ut
1651 465 1728 507 aer
1755 478 1890 525 vagus
1910 467 2078 528 passim

381 548 486 588 (luat
527 546 598 587 ubi
642 559 668 588 e
712 550 827 588 terra
869 546 1035 599 surgit,
1086 549 1131 587 et
1175 544 1273 588 huie
1316 551 1546 589 contextus
1591 545 1741 589 aether
1783 547 1877 588 scil.
1919 547 2076 601 passim

377 633 495 673 fluat.
555 632 749 673 Primum
791 643 894 674 vero
936 632 1007 673 cui
1050 632 1224 686 placere
1255 635 1400 685 potest
1433 629 1542 672 haec
1574 631 1777 685 repetitio
1809 643 1876 672 vv.
1903 629 2075 692 passim

364 715 520 768 fluat,
562 727 673 768 quae
704 715 890 757 maxime
927 714 1097 757 ieiuna!
1160 714 1251 757 Sed
1284 717 1353 757 est
1384 716 1521 757 malus
1554 719 1687 771 poeta
1727 720 1891 758 auctor.
1953 714 2078 757 Adde

378 797 511 851 igitur
541 798 747 841 alterum:
779 802 900 840 estne
926 802 1156 842 contextus
1187 798 1337 841 aether
1367 800 1456 842 aiiri
1489 813 1513 842 e
1544 804 1660 842 terra
1690 797 1924 852 surgenti?
1981 798 2071 840 Mi-

377 879 514 932 nime,
544 877 627 921 hoc
658 884 757 922 ante
787 880 873 922 iam
902 880 1061 923 monui.
1121 880 1256 924 Vides
1287 881 1422 935 igitur
1451 881 1570 924 nihili
1601 895 1701 924 esse
1727 879 1850 943 haecr
1909 881 2071 924 Verum
2143 914 2150 919 .

375 962 479 1002 satis
508 961 563 1003 de
597 960 678 1004 hoc
711 963 822 1005 loco.
854 985 912 993 —
961 962 1368 1018 Pendeutique
1409 967 1581 1019 super
1612 969 1730 1007 recte
1761 963 1900 1017 iungit
1927 952 2072 1006 wex-

376 1058 683 1100 nssnmcnws,
714 1043 940 1090 conferens
971 1046 1154 1090 Honu.
1185 1047 1327 1102 Epod.
1355 1049 1408 1101 V,
1440 1052 1525 1091 80:
1563 1047 1739 1090 Tellure
1760 1054 1971 1109 perfecta
1998 1062 2080 1088 su—
2141 1055 2158 1102 ,ji

370 1141 470 1182 per.
498 1151 558 1160 —-
587 1129 641 1172 V.
674 1132 733 1171 25
760 1142 854 1183 sqq.
915 1130 1028 1171 Seu
1059 1127 1168 1175 tibi
1199 1141 1300 1183 par
1331 1130 1710 1184 poterunt,h.
1745 1130 1942 1185 e;,factis
1973 1130 2072 1183 tuis,
2144 1167 2145 1170 ,

375 1219 454 1254 seu
495 1213 649 1255 ultra
693 1217 899 1268 poterunt
931 1217 976 1254 et
1007 1213 1104 1268 plus
1136 1213 1255 1268 pari,
1304 1213 1422 1267 quod
1463 1203 1609 1256 tamen¹
1639 1213 1942 1270 spes-abnuit.
1976 1211 2077 1255 ‘Sic
2142 1202 2153 1253 ἶ

372 1294 578 1336 ΒΑοιηυε
611 1298 866 1351 reposuerat
898 1298 943 1337 et
973 1307 1087 1336 nunc
1130 1295 1260 1338 etiam
1293 1293 1620 1340 anmum'ws
1653 1295 1852 1341 'restituit
1890 1294 2077 1353 iubenti-

371 1375 452 1416 bus
497 1375 632 1418 libris.
703 1375 800 1419 Nec
845 1381 966 1419 caret
1007 1375 1076 1419 bie
1125 1380 1256 1432 poeta
1300 1376 1509 1421 vanitate.
1575 1357 1727 1430 Aliten.
1755 1387 1866 1438 eun
1897 1377 2076 1421 Funere

371 1457 600 1500 scribitur:
642 1458 723 1500 sed
749 1483 809 1491 —
839 1483 899 1491 —
930 1458 1052 1502 ultro
1068 1475 1084 1510 ,-
1117 1460 1235 1515 quod
1271 1462 1405 1503 velles
1434 1462 1641 1504 librorum
1673 1452 2075 1523 auctonitQ-‘n‘itq-

373 1546 514 1594 retur,
561 1554 658 1584 nam
689 1547 935 1585 removetur
965 1545 1028 1585 sic
1060 1544 1234 1586 tertium
1268 1545 1460 1600 ineptum
1493 1551 1768 1606 momentum.
1787 1577 1800 1587 .
1842 1537 2076 1600 Atquoiita

370 1623 589 1666 Hermus
649 1625 837 1668 malebat
893 1630 938 1668 et
991 1627 1407 1670 thnenmcmns.
1445 1651 1498 1659 —
1564 1641 1629 1671 vo
1644 1641 1844 1674 vemua.
1906 1629 2072 1673 Srnox.

370 1707 541 1750 Apom„
573 1721 612 1749 c.
643 1707 720 1760 VI,
751 1711 824 1751 35.
856 1715 1135 1765 comparante
1165 1710 1441 1756 Huscnx10=
1475 1709 1698 1756 Publicus
1725 1711 1798 1753 hic
1822 1710 2072 1780 wenge-st,
2138 1735 2156 1758 a

370 1790 472 1832 vovi
502 1791 575 1832 cui
616 1805 815 1839 carmen,
851 1792 1050 1847 Avitus,
1082 1794 1285 1837 Materia
1315 1802 1386 1837 est·
1418 1792 1580 1842 ύιαίὸν,
1611 1810 1649 1849 ⁸3
1680 1795 1959 1838 mihi-Musa
1982 1794 2074 1838 mi·-
2146 1807 2147 1810 ’

368 1888 463 1917 nor.
525 1875 718 1917 Alteram
762 1876 994 1918 lectionem
1035 1891 1257 1918 movemus
1299 1879 1506 1933 praetulit
1539 1878 1733 1934 ,Vossgns
1767 1879 2072 1941 cum-Passu-

369 1971 534 2010 mmo,
576 1960 756 2014 laudans
790 1961 929 2005 Vmc.
962 1961 1071 2003 Aen·
1103 1961 1201 2014 VII,
1233 1964 1320 2004 452
1361 1962 1509 2004 maius
1543 1977 1656 2019 opus
1685 1977 1857 2015 moveo,
1886 1976 1927 2018 v,
1958 1965 2070 2007 641:

369 2048 532 2082 cantus
564 2049 758 2087 movete,
791 2043 927 2086 Ovm.
961 2043 1082 2087 Fast.
1115 2044 1190 2097 VI,
1221 2049 1334 2088 760:
1378 2043 1542 2087 nimiae
1563 2053 1772 2088 <moverat
1799 2037 1916 2089 ar‘t'is
1939 2054 2071 2102 bpus.
2145 2095 2150 2098 ,

368 2123 542 2165 Placuit
572 2123 687 2166 idem
721 2124 898 2166 BAcmo
931 2125 975 2166 in
1005 2123 1145 2179 Epist.
1178 2125 1275 2166 crit·
1308 2139 1350 2180 p.
1381 2129 1440 2168 35
1471 2139 1565 2181 sqq.
1609 2131 1654 2170 et
1694 2128 1738 2170 in
1770 2116 1960 2175 editione
1989 2142 2068 2172 sua
2150 2122 2155 2127 ’

367 2207 546 2250 Tibulli.
621 2208 712 2252 Sed
754 2213 875 2252 recte
917 2209 1117 2253 observat
1159 2209 1455 2254 Huscmuus:
1499 2212 1695 2264 „Futura
1724 2213 1912 2266 carmina
1942 2213 2067 2256 simul

366 2292 508 2333 omnia
550 2306 662 2334 nunc
703 2307 873 2334 movere
914 2306 1000 2347 quo
1040 2293 1214 2335 tandem
1258 2293 1387 2336 modo
1426 2298 1565 2350 possit
1604 2296 1795 2351 poeta?
1830 2297 1889 2340 At
1923 2301 2069 2352 potest

366 2389 478 2429 quae
519 2376 701 2419 sortasse
741 2377 974 2431 aliquando
1015 2374 1236 2426 movebit,
1281 2380 1364 2422 iam
1405 2393 1517 2423 nunc
1558 2381 1702 2423 omnia
1732 2394 1893 2426 vovere.
1917 2385 2068 2438 patro-

366 2457 468 2501 n0.“
489 2482 549 2489 -
581 2463 744 2502 tanto
775 2461 1032 2504 carmine
1065 2460 1334 2503 Huscffluus
1367 2463 1552 2518 positum
1584 2442 1828 2519 suspicatur
1853 2468 1926 2520 vr?
1954 2467 2063 2509 tanti

362 2543 561 2597 nominis,
592 2543 698 2585 tanti
732 2542 938 2598 ponderis
970 2544 1159 2588 carmine
1190 2549 1235 2586 et
1264 2543 1364 2587 inde
1394 2557 1588 2588 manasse
1618 2559 1673 2589 ex
1706 2547 2064 2602 interpretatione

361 2627 518 2671 verbaz
550 2627 722 2670 nomine
754 2632 799 2671 et
826 2628 1045 2684 pondere,
1075 2638 1185 2684 quae
1216 2630 1259 2672 in
1291 2631 1506 2672 nonnullis
1536 2631 1669 2673 libris.
1730 2631 1919 2675 Vossms
1950 2613 2064 2678 male

354 2709 552 2765 pondere
583 2711 773 2766 recepit,
805 2711 922 2766 quod
953 2711 1150 2766 sequitur
1178 2711 1410 2765 Bactrum,
1447 2712 1666 2755 Hmmus
1697 2711 1882 2758 nomine.
1932 2713 2064 2773 -ldem

361 2793 530 2836 confert
570 2794 753 2838 HoRA'r.
790 2795 868 2849 IV,
899 2798 943 2850 9,
972 2798 1056 2838 30:
1104 2794 1207 2837 Non
1247 2811 1327 2854 ego
1369 2802 1414 2836 te
1456 2794 1560 2838 meis
1594 2796 1777 2839 Chartis
1805 2795 2086 2860 inornafuml

359 2873 510 2919 silebo.
542 2899 602 2907 —
650 2877 704 2921 V.
735 2880 796 2919 28
826 2890 922 2932 sqq.
974 2878 1249 2932 antiquae
1291 2880 1500 2933 gentis.
1563 2881 1672 2926 Quis
1703 2880 1921 2928 Valeriam
1951 2894 2060 2938 gen-

360 2962 450 3000 tem
479 2959 676 3013 ignorat,
725 2961 886 3002 claram
917 2972 995 3015 per
1026 2962 1170 3003 omnia
1199 2966 1398 3016 tempora
1427 2962 1731 3018 reipublicae?
1778 2969 2060 3019 superant

2136 2406 2152 2447 :4-
2140 2358 2151 2387 ῒυ.
2140 2315 2152 2338 vn:

362 3039 484 3082 tibi.
546 3042 775 3085 SALLUs‘r.
819 3041 915 3084 Cat.
947 3043 1030 3084 21:
1075 3041 1188 3098 Quis
1230 3041 1421 3090 tolerare
1448 3051 1600 3101 potest
1637 3044 1732 3087 illis
1760 3044 1948 3107 divitias
1978 3061 2060 3089 su·

354 3135 544 3175 peram,
588 3121 713 3165 nobis
745 3139 834 3165 rem
862 3125 1136 3180 familiarem
1170 3126 1351 3170 deesse?
1383 3151 1438 3160 -
1486 3133 1581 3172 tua
1623 3129 1838 3184 gloria,
1878 3133 1952 3183 tu,
1997 3130 2052 3174 cf.

363 3205 417 3246 ad
447 3206 483 3258 Ι,
512 3210 555 3259 2,
591 3211 660 3249 ll.
722 3209 962 3252 Conferunt
994 3213 1235 3257 Pnopenrr.
1267 3214 1324 3267 ΙΙ,
1355 3218 1399 3267 7,
1433 3217 1502 3257 17.
1536 3223 1590 3245 ’-
1636 3226 1854 3268 quaque
1887 3213 2054 3256 index

361 3288 459 3330 sub
504 3290 780 3345 imagine,
827 3294 959 3348 vulgo
991 3296 1140 3339 titulus
1173 3296 1339 3349 dictus,
1386 3297 1574 3338 indicans
1607 3296 1793 3339 breviter
1826 3307 1979 3337 nomen
2011 3302 2055 3338 et

360 3372 513 3415 merita
554 3374 648 3417 viri.
714 3376 893 3419 VALssn.
924 3378 1104 3422 MAxuu.
1142 3380 1193 3433 V,
1224 3383 1266 3433 8,
1299 3384 1340 3423 3.
1386 3380 1439 3422 de
1480 3366 1704 3433 Torquato
1736 3379 1925 3422 Manlio:
1976 3379 2053 3423 Vi-
