2086 3756
851 220 1131 274 TlBULLl
1142 258 1152 270 .
1691 232 1851 276 cxxiii

295 363 465 424 Quam
503 375 648 416 vacet
686 366 895 417 alterius
933 363 1152 415 blandos
1190 359 1370 412 audire
1408 374 1664 419 susurros.

362 460 596 514 Molliter
628 461 702 510 in‘
720 463 875 513 tacito
912 463 1087 512 littore
1127 456 1485 525 compositum.

291 622 404 672 Hos
436 621 574 671 inter
610 620 857 685 gravibus
893 637 1052 687 cogor
1088 621 1280 674 deflere
1318 619 1571 690 quereIiS,

362 712 623 780 Supplicis
661 731 692 765 a
723 715 892 780 longis
928 715 1130 766 tristior
1166 717 1417 768 excubiis.

146 826 227 879 Ne
265 827 482 878 afferam
517 829 672 894 plura
707 844 775 878 ex
811 827 1120 879 innumeris.
1190 830 1334 879 Inest
1367 836 1590 893 vero-ut
1623 827 1850 894 Proper-

145 926 246 976 tius
279 926 379 976 hac
417 941 477 975 re
513 912 706 988 utitur,
754 941 911 992 saepe
947 923 1262 993 exquisitior
1298 923 1556 992 quaedam
1594 925 1852 990 emphasis

143 1023 199 1072 in
231 1022 324 1072 tali
355 1021 589 1072 subiecto
618 1022 889 1086 membro,
915 1037 1052 1091 quae
1087 1021 1258 1072 aliena
1294 1039 1325 1071 a
1359 1019 1664 1087 simpliciori
1698 1036 1854 1069 sensu

143 1118 344 1170 Tibulli
352 1150 379 1193 ,ι
403 1127 456 1170 at
487 1118 628 1170 illius
661 1119 893 1171 molliori
926 1118 1122 1171 rationi
1152 1119 1351 1184 egregie
1386 1118 1644 1171 convenit.
1712 1115 1854 1167 Nus-

144 1230 302 1281 quam
347 1230 478 1267 vero
522 1223 695 1278 totum
741 1211 997 1266 distichon
1047 1213 1122 1264 sic
1166 1211 1342 1267 videas
1391 1231 1422 1264 a
1465 1213 1679 1264 Tibullo
1730 1212 1854 1264 sub-

142 1309 363 1375 iectum,
412 1311 567 1378 quale
603 1309 707 1362 hoc
744 1319 822 1362 est
856 1307 999 1379 apud
1029 1311 1366 1377 Propertium
1400 1311 1451 1374 I,
1486 1314 1580 1373 15,
1614 1312 1710 1360 25:

285 1417 486 1470 Desine
517 1417 624 1470 iam
657 1426 906 1473 revocare
943 1420 1048 1473 tuis
1082 1421 1319 1488 periuria
1353 1422 1529 1473 verbis
1545 1457 1560 1484 ,

359 1514 615 1583 Cynthia,
663 1526 717 1568 et
751 1517 946 1579 oblitos
975 1535 1133 1585 parce
1169 1535 1384 1570 movere
1422 1516 1576 1578 deos,

287 1609 505 1674 Audax,
555 1611 624 1662 ah
643 1612 878 1675 ⁸nimium
917 1622 1100 1663 nostro
1138 1609 1368 1663 dolitura
1401 1610 1626 1679 periclo,

356 1705 416 1759 si
452 1706 583 1776 quid
615 1707 754 1760 forte
792 1708 888 1761 tibi
925 1707 1108 1761 durius
1146 1707 1401 1759 inciderit.
1459 1758 1463 1762 ,

143 1816 326 1882 Qualis
359 1820 447 1873 vel
477 1820 654 1873 laxior
690 1820 802 1874 visa
836 1822 998 1873 fuerit
1030 1822 1188 1874 Albio
1227 1820 1535 1890 compositio
1574 1818 1663 1874 vel
1697 1817 1857 1871 artifi-

146 1917 351 1984 ciosior,
390 1937 509 1971 cum
534 1922 861 1990 plerumque·
877 1921 1273 1990 exquisitim-em
1303 1917 1574 1988 emphasin
1606 1917 1859 1986 requirat.

144 2009 377 2065 Omnino
429 2022 574 2082 patet
625 2033 783 2084 quam
835 2016 1052 2083 proprie
1101 2015 1186 2066 hic
1237 2013 1451 2085 quidem
1505 2013 1645 2066 dicas
1698 2011 1856 2063 unius

143 2106 350 2174 periodi
407 2113 810 2178 perpetuitatem
829 2149 844 2176 ,
924 2130 1040 2164 eam
1101 2113 1159 2164 in
1226 2111 1589 2180 superioribus
1650 2118 1854 2160 tantum

146 2207 398 2273 exemplis
431 2209 681 2276 reperiri,
716 2210 1008 2279 postposita
1036 2211 1275 2262 membra
1311 2227 1427 2261 cum
1461 2224 1604 2262 novo
1639 2214 1856 2258 accentu

146 2318 303 2369 quem
352 2300 677 2369 desiderant,
739 2305 891 2373 quasi
941 2304 1024 2356 sui
1067 2304 1199 2356 iuris
1247 2304 1402 2368 fiant,
1464 2302 1696 2366 tollitur,
1762 2299 1856 2349 ubi

143 2396 319 2447 locum
356 2397 577 2462 habent,
628 2399 728 2451 ista
774 2399 968 2450 arctior
1010 2409 1062 2450 et
1096 2397 1299 2450 firmior
1337 2397 1508 2449 unitas
1549 2397 1855 2458 verborum,

145 2491 306 2560 fitque
343 2495 632 2546 enuntiatio
678 2494 858 2547 similis
899 2495 1013 2548 aliis
1051 2513 1118 2546 ex
1155 2494 1390 2546 discretis
1435 2492 1684 2544 membris
1729 2507 1855 2541 con-

145 2588 419 2639 stantibus.
522 2589 764 2642 Tibullus
819 2600 992 2641 autem
1046 2591 1141 2642 ubi
1191 2607 1261 2642 ex
1313 2588 1573 2641 continuis
1622 2585 1855 2654 periodis

144 2679 362 2734 disticha
393 2686 768 2751 componebat,
808 2687 1068 2752 probabat
1095 2685 1322 2737 maxime
1351 2682 1712 2738 nervosiorem
1745 2683 1856 2733 for-

142 2793 314 2843 mam,
387 2787 450 2830 ut
504 2779 708 2851 ferebat
762 2779 1031 2847 ingenium
1086 2782 1377 2832 masculum
1437 2796 1658 2847 poeseos
1715 2795 1855 2830 suae.

142 2871 346 2924 Verum
392 2873 516 2925 satis
563 2871 786 2946 deyhis,
848 2893 985 2949 quae
1034 2877 1321 2945 praeterire
1370 2875 1656 2928 noluimus.
1743 2875 1852 2926 Iam

144 2967 511 3037 progredimur
555 2969 779 3038 longius.
865 2972 1154 3042 Usurpavit
1199 2974 1443 3026 Tibullus
1493 2980 1552 3023 ut
1596 2988 1695 3040 par
1744 2981 1856 3021 erat

143 3066 334 3133 passim
378 3067 504 3119 istas
544 3068 769 3122 maiores
813 3071 1038 3123 unitates
1077 3069 1416 3139 periodorum
1457 3086 1556 3139 per
1592 3070 1853 3135 integrum

147 3160 400 3214 distichon
432 3174 694 3232 extensas,
729 3165 822 3220 sed
851 3167 1078 3220 taedium
1108 3171 1328 3222 fecerint
1357 3168 1548 3220 diutius
1582 3166 1854 3221 continua-

147 3265 252 3318 tae,
289 3274 459 3326 neque
491 3260 643 3311 aliter
675 3263 831 3313 ceteri
862 3273 1047 3330 poetae
1083 3263 1411 3329 iudicarunt3
1455 3263 1616 3329 elegia
1648 3272 1702 3313 ut
1739 3263 1855 3327 plu·

147 3349 337 3403 rimum
390 3352 670 3407 vividiores
720 3357 917 3411 formas
970 3358 1221 3412 orationis
1276 3361 1495 3428 requirit
1546 3369 1594 3409 et
1644 3359 1697 3409 in
1752 3358 1853 3408 alio
