2086 3756
262 239 362 272 an
938 217 1032 267 DE
1072 214 1270 271 POESI

257 379 304 418 et
343 376 518 432 aperte
555 362 757 431 prodit,
813 362 943 412 nihil
989 363 1175 426 molle,
1226 362 1358 412 nihil
1400 360 1635 427 languidi
1671 373 1759 414 aut
1795 363 1955 414 fucati

256 467 305 514 in
343 464 580 514 sensibus
619 462 728 510 eius
766 460 913 521 inest,
951 457 1042 509 sed
1079 459 1345 525 simplicia,
1380 460 1692 523 inaffectata,
1729 475 1957 511 nervosa

257 560 448 610 omnia.
548 555 622 606 Ut
671 556 729 604 in
783 554 962 603 ceteris
1013 553 1210 604 Tibulli
1259 555 1575 606 carminibus
1627 553 1958 624 querimonia

253 663 463 721 regnat,
507 651 589 712 ,sic
626 651 753 699 haec
799 645 1015 712 elegidia
1053 665 1202 698 curas
1251 651 1440 700 amoris
1490 650 1742 702 exhibent
1787 652 1958 717 plera—

255 767 388 819 que3
437 749 603 797 hila're
641 744 897 811 primum,
938 753 989 793 et
1023 743 1180 810 plane
1217 744 1438 809 laetum,
1477 762 1544 794 ne
1592 744 1656 795 de
1695 762 1839 796 nono
1879 745 1957 796 di-

253 861 380 907 cam,
418 842 720 908 septimum:
761 838 905 908 quod
939 840 997 890 in
1034 841 1140 891 suis
1181 840 1394 908 quidem
1431 842 1696 892 amoribus
1729 857 1838 891 non
1866 840 1957 893 ad-

251 940 390 990 misit
425 938 682 1001 Tibullus,
718 936 891 1002 potuit
926 951 1053 987 vero
1090 935 1263 986 facere
1299 933 1528 986 iucunde
1564 937 1770 1002 puellae
1809 952 1955 986 amo-

250 1052 333 1085 res
371 1032 670 1099 depingens.
740 1031 836 1080 Vis
875 1030 1184 1093 affectuum,
1227 1039 1286 1079 ut
1322 1031 1523 1081 notavit
1559 1031 1714 1080 etiam
1749 1030 1955 1094 Manso,

251 1131 428 1197 paullo
466 1129 642 1178 minor
679 1142 837 1193 quam
883 1125 936 1173 in
989 1124 1160 1190 primo
1213 1135 1264 1175 et
1312 1124 1542 1177 secundo
1591 1126 1759 1191 libro,
1812 1126 1956 1195 quod

250 1244 359 1276 non
394 1224 598 1275 mireris
624 1222 681 1270 in
713 1220 883 1270 alieno
922 1236 1102 1269 amore
1139 1222 1331 1287 parvis,
1353 1220 1582 1286 elegidiis
1620 1221 1958 1288 adumbrat03

247 1320 378 1372 illud
415 1335 542 1373 vero
585 1320 806 1368 observa
845 1325 1100 1383 quantum
1136 1316 1370 1382 vigorem
1405 1317 1748 1368 nihilominus
1783 1320 1958 1369 omnia

249 1418 332 1467 ln'c
381 1416 610 1466 habeant
659 1422 710 1462 et
746 1428 904 1479 quam
940 1411 1160 1462 similem
1202 1414 1384 1464 ceteris
1422 1413 1731 1466 Tibullianis
1771 1397 1958 1467 carmi-

252 1514 422 1578 nibus,
459 1529 578 1563 cum
613 1509 870 1578 Lygdami
904 1509 1040 1559 liber
1075 1511 1300 1561 multum
1337 1512 1435 1562 hac
1466 1529 1524 1562 re
1563 1510 1834 1580 discrepet.

250 1838 305 1882 11.
354 1836 432 1880 DE
459 1833 673 1878 FORMA
697 1831 779 1875 ET
804 1831 1264 1876 COMPOSITIONE
1291 1832 1661 1879 ELEGIARUM
1686 1834 1952 1881 TIBULLI.

390 1996 674 2060 Postquam
723 1989 787 2040 de
839 2001 1144 2056 argumento
1191 1991 1473 2056 elegiarum
1510 1991 1709 2044 Tibulli
1745 1990 1956 2057 dictum,

247 2106 386 2139 nunc
425 2087 488 2138 de
529 2085 919 2152 compositionis
956 2085 1160 2134 ratione
1200 2102 1491 2152 exponam,
1551 2105 1686 2156 quae
1722 2106 1806 2140 res
1844 2091 1954 2141 for-

247 2186 394 2236 malis
433 2195 535 2247 est,
573 2181 661 2234 sed
701 2200 810 2234 non
846 2183 1019 2232 minus
1055 2181 1287 2232 iucunda
1324 2183 1534 2247 cognitu
1573 2193 1623 2234 et
1660 2183 1726 2236 ad
1761 2184 1954 2237 intelli-

245 2280 412 2348 genda
448 2282 576 2330 haec
625 2280 854 2330 carmina
890 2280 1206 2342 necessaria,
1260 2288 1320 2329 ut
1365 2279 1571 2330 mireris
1609 2297 1724 2332 eam
1758 2281 1954 2332 hucus-

246 2396 347 2448 que
386 2377 671 2442 neglectam
709 2373 934 2424 necdum
973 2393 1003 2424 a
1041 2389 1308 2442 quoquam
1356 2374 1682 2441 explicatam.
1765 2373 1952 2444 Neque

244 2490 371 2528 vero
409 2475 577 2524 solum
613 2471 670 2520 in
706 2471 865 2520 rebus
901 2486 997 2536 per
1033 2485 1086 2518 se
1125 2468 1366 2534 'spectatis
1401 2469 1480 2521 vis
1520 2480 1571 2520 et
1613 2470 1950 2537 pulchritudo

241 2585 462 2637 poeseos
496 2568 646 2630 inest,
683 2564 774 2616 sed
810 2581 922 2614 non
957 2565 1132 2614 minus
1168 2566 1322 2615 etiam
1358 2565 1416 2615 in
1452 2554 1633 2615 earum
1667 2577 1785 2633 apta
1811 2585 1952 2620 com-

242 2664 521 2732 positione,
558 2662 603 2712 si
637 2671 688 2711 et
716 2661 855 2711 inter
886 2677 940 2710 se
968 2660 1105 2710 bene
1143 2661 1457 2712 conveniant
1486 2672 1659 2727 partes
1693 2666 1950 2730 partium-

247 2775 349 2826 que
384 2767 557 2825 partes
592 2767 644 2807 et
683 2755 749 2806 ad
784 2774 951 2807 unum
987 2774 1247 2808 summum
1281 2755 1441 2808 finem
1477 2759 1706 2813 suaviter
1743 2764 1950 2830 conspi-

243 2864 379 2905 rent.
461 2854 536 2906 Ac
573 2853 772 2904 Tibulli
815 2855 1043 2905 carmina
1089 2856 1175 2906 vel
1221 2853 1477 2920 imprimis
1511 2857 1669 2907 talem
1706 2855 1950 2926 disquisi-

243 2951 439 3000 tionem
481 2948 870 3012 desiderabant,
925 2950 1071 3000 cuius
1108 2966 1191 3000 ars
1240 2950 1298 2999 in
1343 2951 1442 3000 hoc
1480 2951 1596 3016 ipso
1643 2951 1949 3020 imperfecta

243 3045 487 3110 creditur,
527 3045 673 3096 cuius
712 3048 941 3096 carmina
974 3047 1212 3114 Heynius
1245 3047 1554 3097 lacunarum
1579 3049 1735 3113 signis
1761 3051 1947 3116 imple..

241 3145 346 3207 bat,
385 3143 470 3193 cui
507 3159 678 3208 nuper
706 3143 926 3194 Vossius
961 3154 1210 3212 quattuor
1245 3144 1429 3209 elegias
1466 3161 1533 3194 ex
1569 3143 1774 3196 duabus
1809 3146 1947 3200 fecit.

241 3237 384 3287 Num
434 3236 670 3287 sufficere
717 3248 938 3303 possunt
984 3237 1218 3303 vulgaria
1265 3248 1568 3303 argumenta
1598 3239 1943 3306 interpretum

243 3330 306 3381 ad
348 3332 470 3384 talia
508 3328 874 3384 diiudicanda?
961 3330 1065 3382 Sed
1114 3342 1396 3400 antequam
1434 3331 1499 3384 ad
1536 3349 1645 3383 rem
1685 3334 1938 3401 accedam,
