2158 3750
716 258 897 310 LlBR.
935 259 975 309 Ι.
1048 257 1246 310 ELEG.
1283 259 1350 309 ΙΙ.
1822 271 1887 316 35

189 409 370 448 stra.——
402 406 454 449 V.
480 409 508 448 5
531 418 595 460 sq.
656 405 788 449 Nam
821 408 1009 462 posita
1035 413 1135 449 est.
1198 404 1324 448 Nunc
1354 405 1525 448 demum
1558 418 1728 448 causam
1759 406 1891 449 disci-

188 501 284 530 mus
312 494 531 531 tantorum
562 488 775 541 dolorum,
804 498 936 532 recte.
1001 489 1090 532 Fac
1127 489 1401 545 praemissam
1434 501 1620 540 causam,
1647 489 1802 532 deinde
1834 489 1889 532 cle

185 571 479 627 consopiendo
515 571 664 613 dolore
694 570 796 613 iude
825 577 924 612 orto
954 570 1139 623 dictum,
1179 569 1315 612 fracta
1345 575 1460 612 esset
1491 570 1661 625 poetica
1694 571 1755 613 vis
1786 571 1887 624 loci,

185 666 295 706 quae
327 654 542 695 inversum
572 650 767 693 ordinem
806 650 849 692 iu
892 650 1049 693 talibus
1081 651 1298 705 postulat,
1339 651 1393 693 cf.
1425 651 1462 705 1,
1492 655 1534 704 6,
1564 657 1607 696 5.
1647 657 1652 662 ”
1684 652 1889 697 Ceterum

185 734 304 777 vides
332 735 437 788 quid
469 746 539 776 res
568 732 653 785 sit3
684 743 782 775 cum
813 730 930 774 fores
960 743 1046 775 uon
1075 732 1349 786 aperiantur,
1382 737 1512 787 poeta
1545 734 1764 778 concludit
1793 748 1887 779 ma-

183 819 313 860 ritum
335 818 486 860 Deliae
511 815 714 860 custodes
745 815 954 870 posuisse,
984 827 1094 868 quos
1117 814 1266 858 fallere
1295 819 1340 857 et
1369 817 1611 871 transgredi
1643 818 1724 872 (Π,
1749 823 1785 872 l,
1805 821 1889 876 75)

182 898 326 953 puella
354 911 439 941 non
469 909 576 940 ausa
602 898 676 940 sit.
738 895 834 938 Nec
864 895 1016 938 Deliae
1043 895 1256 948 irascitur,
1289 896 1367 938 sed
1398 897 1595 942 fortunae
1627 900 1805 944 crudeli.
1830 925 1887 933 —-

181 977 376 1032 firma,
406 991 487 1035 per
515 977 762 1034 prolepsin,
793 980 843 1019 ut
871 976 995 1019 firma
1024 976 1095 1020 sit.
1159 977 1242 1019 Alii
1263 975 1428 1034 fulta,
1463 981 1638 1034 munita,
1669 987 1717 1024 ut
1747 982 1890 1026 Vme..

181 1063 287 1107 Aen.
305 1061 426 1115 vm,
445 1065 535 1105 227
549 1077 561 1104 ε
585 1060 838 1119 fultosque
859 1058 1047 1102 emuniit
1077 1058 1213 1102 obiice
1241 1067 1408 1116 poster,
1443 1066 1488 1104 et
1511 1062 1648 1104 Ovm.
1676 1064 1769 1107 Art.
1790 1064 1887 1115 Am.

176 1146 235 1199 ll,
264 1148 377 1190 244:
409 1153 548 1204 atque
576 1145 664 1187 erit
693 1136 906 1202 oppos-iia
934 1143 1080 1186 ianua
1101 1143 1241 1202 fulta
1272 1160 1387 1187 sera.
1452 1146 1564 1192 Vide
1594 1147 1753 1192 HssYN.
1790 1148 1890 1192 Ob-

178 1233 351 1271 servatt.
389 1249 442 1260 —
486 1239 610 1270 sera
639 1231 709 1270 est
738 1227 940 1283 pessulus
970 1227 1142 1281 ligneus
1170 1231 1245 1269 aut
1276 1226 1471 1282 ferrens,
1514 1242 1710 1274 reserare
1741 1237 1888 1276 autem

177 1311 349 1367 aperire
378 1314 568 1352 retracto
598 1309 789 1365 pessulo.
849 1308 978 1352 Nunc
1010 1310 1200 1353 Vossms
1243 1309 1354 1353 bene
1384 1318 1533 1355 monet
1562 1327 1703 1357 seram
1737 1317 1889 1359 occul-

178 1398 267 1438 tam
297 1396 341 1438 in
370 1394 559 1437 claustro
593 1393 866 1449 cogitandam
898 1393 989 1438 fere
1018 1399 1068 1436 ut
1097 1395 1140 1437 in
1170 1396 1353 1449 nostris,
1388 1410 1499 1451 quae
1535 1403 1653 1441 retro
1684 1399 1889 1443 traheba-

180 1484 253 1522 tur
281 1479 443 1521 inserta
477 1477 613 1531 clavi,
654 1482 732 1522 aut
766 1478 842 1520 ubi
869 1475 987 1526 haec
1006 1489 1092 1520 non
1129 1476 1328 1529 adesset,
1375 1477 1503 1519 dente
1541 1479 1737 1533 (Dietri
1733 1481 1798 1536 Ιι)
1833 1482 1890 1525 cf.

180 1558 677 1630 v.18.‚quan2·fflvim
701 1554 977 1600 adulteram
987 1558 1092 1602 dicit
1117 1559 1254 1601 Ovm.
1278 1561 1371 1601 Art.
1397 1560 1495 1602 Am.
1511 1559 1592 1614 111,
1610 1564 1712 1605 643.
1777 1563 1890 1607 Vide

183 1644 239 1687 de
279 1644 480 1686 claustris
516 1646 711 1686 veterum
744 1641 948 1684 Vossum
977 1640 1035 1682 ad
1065 1638 1243 1682 h.1.et
1281 1641 1482 1685 Sanuss.
1522 1641 1738 1686 Exercitt.
1771 1643 1889 1689 Plin.

182 1741 224 1784 p.
257 1726 359 1770 65⁴.
398 1726 502 1770 edit.
532 1727 664 1768 1689.
693 1744 752 1756 -
783 1723 833 1767 V.
858 1727 884 1765 7
917 1735 983 1777 sq.
1014 1721 1204 1766 Ianua.
1265 1721 1542 1779 Apostrophe
1575 1729 1654 1771 est
1672 1726 1813 1779 figura
1842 1731 1891 1769 et

179 1811 401 1867 aptissima
424 1815 470 1854 et
493 1808 772 1852 usitatissima
800 1807 844 1851 in
875 1809 1042 1862 elegiis.
1105 1809 1168 1850 Ac
1198 1809 1336 1851 ianuis
1367 1807 1540 1862 quidem
1572 1809 1700 1850 etiam
1733 1807 1890 1862 religio

179 1898 374 1937 veterum
403 1895 489 1935 v'm
519 1893 666 1936 nescio
695 1905 824 1946 quam
866 1892 1073 1935 maiorem
1117 1891 1361 1944 tribuebat,
1404 1892 1448 1933 in
1486 1891 1705 1934 amoribus
1741 1899 1889 1935 autem

178 1973 292 2018 baud
334 1976 522 2029 exiguae
565 1979 689 2018 erant
729 1985 878 2017 earum
918 1978 1080 2030 partes.
1159 1974 1226 2016 Ibi
1267 1979 1483 2016 amatores
1528 1986 1660 2028 saepe
1705 1975 1889 2017 multum

177 2058 318 2101 noctis
349 2062 595 2110 versantur,
639 2056 824 2110 affigunt
853 2057 1066 2110 corollas,
1105 2061 1316 2112 spargunt
1349 2060 1593 2111 unguenta,
1639 2057 1890 2099 osculantur

179 2147 325 2198 postes
354 2146 431 2184 aut
458 2141 628 2194 limina,
655 2139 820 2183 >eadem
858 2139 1035 2182 floribus
1067 2145 1112 2182 et
1153 2140 1281 2181 sertis
1312 2139 1593 2194 operiuntur,
1635 2143 1889 2193 queruntur,

179 2229 330 2277 orant,
377 2223 596 2275 rixantur,
645 2221 919 2264 maledicunt.
981 2221 1058 2264 Sic
1088 2221 1406 2276 prosopopoeia
1448 2226 1492 2263 et
1532 2221 1792 2264 allocutione
1824 2221 1890 2264 ia-

179 2317 369 2348 nuarum.
388 2303 492 2347 nihil
522 2308 616 2346 erat
645 2302 936 2357 frequentium
979 2307 1102 2344 erant
1142 2303 1265 2355 quasi
1297 2303 1419 2344 vivae
1448 2303 1612 2345 amicae
1643 2309 1718 2345 aut
1748 2303 1890 2345 inimi-

182 2399 264 2430 cae
290 2390 545 2431 amatorum.
606 2385 813 2428 Ceterum
855 2384 915 2427 cf.
954 2385 1214 2428 Smin-AR.
1248 2384 1303 2427 de
1343 2385 1491 2428 lanuis
1525 2387 1623 2430 Vet.
1657 2399 1693 2428 c.
1727 2390 1799 2428 37.
1829 2409 1890 2419 --

181 2471 460 2514 difficilis
488 2483 586 2514 cum
615 2469 755 2512 ianua
786 2470 945 2525 iun303
977 2468 1076 2514 huic
1104 2471 1217 2513 enim
1250 2472 1466 2524 irascitur,
1497 2484 1581 2513 non
1623 2472 1804 2526 puellae.
1835 2491 1889 2503 -

181 2554 476 2604 verberet,
511 2555 650 2598 Vnus.
680 2557 789 2599 Aen.
817 2554 899 2608 lx,
922 2557 1027 2598 669.
1082 2555 1193 2598 Add.
1227 2556 1522 2598 Baoucifflus.
1557 2561 1602 2597 et
1634 2556 1729 2598 vide
1761 2555 1890 2598 Wm-

182 2650 403 2680 cursu-mr
434 2637 477 2679 in
506 2636 705 2692 Epistola
734 2636 832 2691 crit.
863 2636 919 2681 do
957 2637 1101 2682 Valer.
1134 2638 1279 2680 Flacc.
1327 2652 1368 2693 p.
1399 2640 1473 2680 41.
1524 2636 1652 2679 docte
1682 2636 1809 2680 huius
1846 2642 1890 2680 et

180 2724 361 2766 aliorum
393 2722 622 2764 verborum
649 2721 852 2765 similium
892 2723 1095 2777 exempla
1136 2708 1461 2776 congerentem.
1494 2745 1551 2756 -—
1596 2721 1754 2764 Iovis
1801 2723 1891 2764 im·

181 2808 371 2863 perio,
402 2819 486 2849 non
518 2817 584 2862 pr.
611 2805 734 2853 iussu
768 2805 908 2859 Iovis,
938 2818 1036 2848 nam
1068 2805 1163 2861 ipse
1195 2802 1372 2847 fulmina
1402 2805 1575 2847 mittere
1608 2804 1740 2847 debet
1770 2804 1891 2858 deus,

182 2900 262 2932 nec
289 2888 346 2931 de
376 2887 576 2932 mandato
604 2889 880 2944 cogitandum
908 2889 1004 2933 aliis
1031 2890 1112 2936 diis
1142 2889 1309 2942 dando;
1347 2890 1492 2943 potIus
1523 2902 1620 2932 cum
1653 2889 1893 2932 thnssa-

183 2985 340 3016 memo
376 2972 570 3027 intellige
601 2970 654 3013 de
693 2970 813 3015 coelo
851 2974 979 3016 missa
1020 2973 1214 3018 fulmina.
1278 2973 1389 3015 Cum
1420 2973 1534 3015 enim
1565 2972 1702 3014 imber
1733 2985 1759 3013 a
1791 2984 1892 3026 pro-

184 3054 377 3111 pioribus
405 3054 517 3097 aeris
544 3053 796 3108 regionibus
824 3040 993 3109 ¹veniat,
1030 3055 1144 3098 lovis
1172 3056 1399 3112 imperium
1433 3060 1501 3098 est
1529 3054 1704 3106 aether,
1735 3059 1779 3096 et
1812 3067 1894 3109 po-

183 3118 316 3182 stulat
342 3142 471 3193 poeta
495 3149 609 3183 nuuc
632 3138 762 3182 etiam
786 3138 959 3195 abipso
986 3139 1089 3182 love
1115 3139 1283 3184 deiecta
1311 3140 1501 3183 fulmina.
1543 3140 1670 3181 Amat
1693 3136 1895 3179 Tibullus

186 3219 417 3264 concinnas
440 3219 758 3265 divisionen.—
790 3221 998 3276 V-tisqq.
1028 3221 1227 3276 lanua,
1258 3222 1362 3265 iam
1394 3226 1594 3278 pateas
1621 3221 1713 3263 uni
1746 3218 1894 3262 mihi.

187 3303 342 3346 subita
385 3303 566 3346 mutatio
610 3304 791 3356 mentis,
835 3303 890 3347 de
931 3317 1015 3358 qua
1054 3305 1195 3359 figura
1225 3304 1475 3347 Tibulliana
1506 3303 1604 3346 vide
1645 3315 1754 3356 quae
1795 3301 1896 3342 data

187 3399 319 3441 opera
351 3387 532 3443 exposui
564 3387 607 3430 in
638 3386 821 3431 Dissert.
856 3387 910 3432 de
942 3389 1062 3446 poesi
1095 3387 1260 3433 Tibulli
1298 3400 1338 3431 c.
1368 3387 1427 3430 11.
1500 3387 1638 3428 Porro
1673 3397 1757 3427 vox
1789 3383 1895 3424 iani

1344 3471 1419 3521 3.
