2158 3750
685 267 867 319 [ΑΒΗ.
906 268 945 318 1.
1022 267 1219 320 ELEG.
1261 269 1376 319 vu.
1566 344 1574 350 x
1779 277 1870 323 161

170 412 318 465 fluere
347 410 402 453 ad
437 408 572 466 pedes
603 409 699 453 talis
730 411 860 453 vestis
890 409 1071 461 dicitur,
1108 409 1241 453 Vino.
1281 410 1386 451 Aen·
1421 407 1454 461 1,
1488 410 1587 452 ι104.
1620 409 1800 465 aliisque
1833 413 1873 453 iu

180 491 287 534 locis
317 505 386 548 ap.
419 492 576 536 Hssru.
607 514 667 525 —
715 496 977 536 teneros.
1025 496 1073 532 ut
1114 496 1252 533 totum
1284 502 1440 546 corpus
1476 489 1547 533 dei
1578 495 1772 534 tenerum
1809 502 1874 535 est

179 580 223 616 et
251 574 448 616 iuvenile.
482 596 539 605 —
588 573 662 618 Et
705 573 921 627 Tyriae
965 577 1176 615 vestes,
1239 571 1350 614 Nam
1381 573 1510 615 etiam
1540 585 1729 630 purpura
1760 574 1874 617 Bac->

178 657 283 701 chus
312 658 539 711 utebatur,
581 655 639 700 cf.
672 656 812 699 Ovm.
842 655 955 699 Met.
986 655 1066 708 111,
1095 658 1201 698 556.
1243 661 1288 697 et
1318 655 1417 698 vide
1446 657 1647 700 sums.
1675 657 1730 700 ad
1759 657 1874 700 Ter-

177 741 268 783 tull.
300 740 356 795 de
386 740 524 783 Pallio
554 753 597 794 p.
625 739 728 782 291.
789 736 1014 790 Intelliges
1054 749 1159 779 vero
1201 737 1431 780 amiculum
1478 751 1764 794 purpureum,
1788 742 1874 796 ¹in-

178 822 301 866 dutui
329 821 680 878 superiniectum.
711 841 767 851 --
811 819 985 873 tibia,
1030 819 1223 874 legitima
1253 820 1295 862 iu
1327 819 1488 863 Bacchi
1517 823 1659 876 cultu,
1691 829 1740 866 ut
1769 837 1875 866 con—

176 909 277 947 stat.
346 904 474 948 Addo
512 906 700 946 amatam
739 913 836 944 eam
877 901 1008 943 etiam
1048 900 1104 942 ab
1137 901 1391 957 Aegyptiis,
1442 902 1497 946 cf.
1528 904 1764 948 Pnopssnw.
1798 905 1875 958 lv,

174 989 222 1038 8,
258 989 332 1029 39.
375 991 421 1028 et
456 998 569 1040 quae
611 984 831 1028 Kumonr.
875 984 936 1028 ibi
978 983 1140 1029 laudat.
1163 1007 1224 1019 —
1270 984 1460 1028 dulcis
1500 992 1690 1030 cantu.
1766 989 1877 1032 Cum

176 1067 319 1110 variae
362 1073 509 1112 essent
548 1067 707 1122 tibiae,
749 1067 899 1111 Osirin
938 1065 1043 1112 dicit
1085 1066 1330 1112 dulcisonas
1371 1068 1571 1124 probare.
1643 1068 1877 1124 Phrygiam

174 1153 220 1196 in
258 1153 399 1195 animo
434 1164 520 1194 non
551 1150 708 1206 habet,
750 1156 801 1194 ut
834 1151 999 1196 Vossro
1029 1151 1181 1194 visum.
1252 1149 1348 1194 Nec
1382 1155 1596 1194 mutamus
1625 1165 1724 1195 cum
1755 1153 1877 1195 Fau--

174 1245 344 1286 ἰ-ιςιιο,
367 1233 545 1287 Domui,
576 1235 773 1287 Gru-ro,
803 1233 1000 1287 Vossro‚
1030 1233 1212 1276 Bicmo
1248 1231 1393 1275 dulcis
1422 1234 1466 1276 iu
1497 1233 1644 1282 dulci,
1676 1248 1762 1290 quo
1793 1249 1878 1278 non

174 1329 311 1372 opus3
354 1329 453 1360 uam
482 1317 614 1359 etiam
643 1315 908 1359 constructio
940 1313 1085 1356 dulcis
1125 1321 1265 1356 cantu
1297 1315 1579 1360 offensionem
1619 1330 1704 1359 non
1735 1316 1877 1369 habet,

175 1401 258 1443 etsi
290 1401 397 1444 alias
426 1413 514 1445 uon
541 1401 655 1444 lecta
685 1400 801 1457 apud
839 1399 1076 1443 Tibullum.
1107 1422 1167 1432 -
1212 1400 1364 1442 cista
1404 1401 1643 1443 conscia
1681 1402 1879 1453 sacris,

175 1496 288 1537 quae
323 1481 454 1526 habet
495 1482 740 1528 reconditas
779 1495 850 1526 res
891 1482 1096 1536 mysticas
1137 1482 1181 1523 in
1213 1481 1361 1524 Liberi
1393 1482 1526 1524 sacris
1567 1483 1731 1537 portari
1773 1483 1877 1524 soli-

177 1573 271 1620 tas,
319 1565 375 1610 cf.
418 1566 600 1611 eandem
629 1572 911 1611 memoratam
949 1566 1171 1609 CA‘runLo
1203 1565 1363 1618 LXIV,
1393 1567 1498 1606 259.
1532 1577 1629 1606 cum
1667 1569 1878 1608 annotatt.

177 1649 425 1705 interprett.
453 1655 500 1692 et
528 1650 717 1694 nonu.
746 1649 785 1702 I,
817 1652 888 1703 18,
917 1651 988 1693 12.
1018 1648 1119 1702 ibiq.
1149 1647 1444 1690 Mi‘rscussm..
1477 1651 1523 1688 et
1552 1647 1794 1702 interprett.
1825 1647 1881 1690 ad

175 1734 314 1777 Ovm.
345 1734 440 1776 Art.
469 1732 566 1775 Am.
600 1732 659 1786 ll,
687 1735 792 1774 609.
853 1731 1065 1773 Dicuntur
1100 1743 1203 1773 vero
1236 1729 1416 1772 conscia
1446 1730 1544 1772 loca
1574 1743 1734 1784 rerum,
1768 1744 1879 1785 quae

177 1813 238 1859 ibi
280 1822 381 1859 sunt
421 1816 489 1859 vel
525 1816 658 1869 fiunt,
715 1819 766 1858 ut
808 1815 1181 1859 Wuunssnmcnn
1223 1814 1366 1857 verbis
1416 1818 1539 1869 utar,
1586 1815 1704 1857 velut
1742 1815 1877 1857 Ovm.

176 1898 357 1941 Heroid.
388 1898 488 1952 XV,
519 1901 632 1942 1382
675 1896 854 1941 conscia
893 1895 1062 1938 deliciis
1091 1895 1176 1938 illa
1208 1895 1378 1952 (antra)
1403 1895 1544 1954 fuere
1576 1895 1686 1938 tuis.
1756 1896 1881 1938 Adde

173 1981 282 2024 infra
319 1982 356 2036 1,
386 1985 431 2036 8,
469 1985 516 2024 3.
570 1981 753 2025 Vnum.
795 1981 966 2024 FLAcc.
1005 1983 1173 2035 Argon.
1213 1981 1249 2034 1,
1287 1982 1333 2022 5.
1379 1980 1551 2034 aliaque
1591 1979 1646 2021 ab
1688 1978 1880 2020 Hermo

172 2064 372 2118 laudata,
416 2077 498 2107 nec
536 2075 623 2107 nou
665 2076 778 2118 quae
810 2063 1121 2106 Ounssmzom».
1163 2061 1219 2104 ad
1262 2062 1426 2104 Lucan.
1458 2061 1496 2113 Ι,
1524 2063 1599 2102 20.
1643 2058 1784 2102 habet.
1823 2081 1880 2089 -—

177 2148 349 2201 levis,
390 2160 491 2191 cum
518 2147 651 2191 vitilia
681 2160 718 2190 s.
749 2147 934 2191 viminea
961 2152 1104 2202 esset,
1133 2151 1311 2190 notante
1341 2145 1560 2198 Hermo,
1592 2155 1704 2198 quae
1737 2156 1764 2185 a
1794 2143 1881 2184 vir-

170 2230 343 2286 ginibus
388 2235 660 2288 portaretur,
704 2242 816 2285 quau
858 2225 1129 2286 κανηφόρους
1175 2229 1412 2282 vocabant,
1459 2226 1516 2272 cf.
1561 2227 1778 2270 Vunmuu
1826 2224 1881 2266 ad

172 2313 331 2358 Catull.
364 2314 392 2357 l.
424 2314 498 2358 cit.
538 2318 584 2357 et
626 2313 896 2358 Hammone.
936 2314 993 2357 ad
1037 2313 1194 2357 Horat.
1235 2314 1329 2356 Sat.
1370 2312 1407 2365 Ι,
1448 2314 1493 2364 3,
1536 2312 1607 2354 11.
1682 2309 1881 2351 Tibullus

174 2394 367 2451 epitheto
413 2396 547 2438 utitur
593 2394 855 2440 hilaritatem
891 2393 962 2438 dei
1009 2393 1286 2448 describens,
1334 2395 1377 2436 in
1422 2394 1544 2435 cuius
1584 2392 1718 2434 sacris
1753 2391 1880 2433 etiam

174 2479 282 2521 cista
313 2490 397 2521 non
430 2477 575 2532 gravis
603 2482 672 2521 est
701 2483 747 2526 et
777 2476 1046 2534 ponderosa,
1075 2477 1154 2520 sed
1187 2477 1293 2519 levIs
1324 2481 1369 2519 et
1400 2475 1626 2518 commoda
1656 2473 1881 2527 facilisque

171 2559 228 2603 ad
264 2560 535 2616 portandum·
564 2582 621 2592 —
676 2560 909 2604 Postremo
950 2572 1032 2616 per
1070 2559 1312 2602 universum
1357 2558 1500 2600 locum
1543 2556 1673 2599 modo
1720 2555 1881 2597 lectum

172 2642 354 2686 observa
385 2643 651 2685 alacritatem
681 2642 888 2685 orationis
918 2640 1278 2698 pulcherrimam,
1324 2640 1524 2683 effectam
1559 2638 1883 2682 enumeratIonc

172 2737 314 2768 rerum
344 2724 574 2769 multarum
605 2722 969 2780 (συναθροισμῷ)
1013 2728 1059 2766 et
1089 2723 1346 2780 repetitione
1377 2722 1684 2778 particularum
1714 2719 1794 2763 sed
1827 2744 1883 2753 -·-

171 2807 252 2851 sed
271 2829 332 2842 -
353 2807 456 2856 sed,
484 2815 530 2849 et
554 2831 613 2839 -
638 2815 682 2849 et
699 2831 759 2840 —-
783 2815 843 2852 et.
905 2808 1032 2852 Conf.
1058 2809 1198 2852 Vme.
1230 2808 1397 2860 Georg.
1422 2806 1478 2858 ΙΙ,
1508 2808 1595 2848 467
1619 2819 1713 2860 sqq.
1743 2805 1878 2847 Ovm.

171 2889 282 2937 Met.
312 2891 368 2942 V,
399 2892 454 2932 17
484 2902 578 2944 sqq.
609 2894 655 2933 et
686 2892 791 2933 5⁰⁴1.
819 2894 927 2934 508.
961 2889 1210 2946 Interprett.
1245 2889 1300 2931 ad
1332 2888 1495 2932 TAcr'r.
1525 2891 1634 2932 Ann.
1665 2888 1700 2942 I,
1733 2891 1804 2931 10.
1824 2910 1879 2918 --—

292 2971 348 3016 V.
379 2971 556 3015 ‹lo-sm.
611 2970 835 3015 Exitus.
896 2971 1076 3015 Redit
1115 2972 1180 3015 ad
1223 2971 1371 3016 diem
1413 2972 1656 3014 natalem
1697 2974 1751 3013 et
1792 2983 1879 3011 na—

172 3053 375 3096 talitia
414 3066 606 3107 sacra,
663 3064 876 3096 vocans
915 3050 1019 3096 huc
1061 3053 1257 3097 Osirin
1301 3053 1682 3108 Geniumque,
1730 3051 1879 3093 deni-

171 3151 278 3195 que
317 3137 382 3180 ad
423 3136 676 3180 futurum
711 3140 936 3193 tempus
974 3149 1259 3181 conversa
1297 3138 1567 3180 oratione
1607 3139 1879 3192 precatur

174 3222 429 3267 sobolem
459 3220 745 3264 Messalae
774 3219 1095 3275 illustrem,
1135 3222 1475 3276 gratulatur
1506 3231 1530 3262 e
1561 3217 1880 3262 munitione

177 3305 304 3348 viae
335 3304 579 3351 Latinae
620 3303 1034 3360 promerendas
1077 3306 1276 3362 populi
1318 3303 1542 3356 laudes,
1586 3307 1748 3359 optat
1793 3301 1880 3342 de-

178 3390 344 3443 nique
387 3389 611 3434 reditu·
653 3388 871 3434 natalis
913 3390 1284 3435 laetissimos.

1350 3478 1402 3519 ΙΙ
