<?xml version="1.0" encoding="UTF-8"?>
<!DOCTYPE html PUBLIC "-//W3C//DTD XHTML 1.0 Transitional//EN"
    "http://www.w3.org/TR/xhtml1/DTD/xhtml1-transitional.dtd">
<html xmlns="http://www.w3.org/1999/xhtml" xml:lang="en" lang="en">
 <head>
  <title>
</title>
<meta http-equiv="Content-Type" content="text/html;charset=utf-8" />
  <meta name='ocr-system' content='tesseract 3.04.00' />
  <meta name='ocr-capabilities' content='ocr_page ocr_carea ocr_par ocr_line ocrx_word'/>
</head>
<body>
  <div class='ocr_page' id='page_1' title='image "./carminaexrecensi01tibuuoft_0164.png"; bbox 0 0 2086 3756; ppageno 0'>
   <div class='ocr_carea' id='block_1_1' title="bbox 260 191 1281 248">
    <p class='ocr_par' dir='ltr' id='par_1_1' title="bbox 260 191 1281 248">
     <span class='ocr_line' id='line_1_1' title="bbox 260 191 1281 248; baseline -0.001 -2"><span class='ocrx_word' id='word_1_1' title='bbox 260 215 413 248; x_wconf 71' lang='lat' dir='ltr'>cnvm</span> <span class='ocrx_word' id='word_1_2' title='bbox 947 194 1043 245; x_wconf 91' lang='lat' dir='ltr'>DE</span> <span class='ocrx_word' id='word_1_3' title='bbox 1081 191 1281 247; x_wconf 86' lang='lat' dir='ltr'>POESI</span> 
     </span>
    </p>
   </div>
   <div class='ocr_carea' id='block_1_2' title="bbox 257 333 1965 496">
    <p class='ocr_par' dir='ltr' id='par_1_2' title="bbox 257 333 1965 496">
     <span class='ocr_line' id='line_1_2' title="bbox 257 333 1965 401; baseline -0.002 -15"><span class='ocrx_word' id='word_1_4' title='bbox 257 333 548 401; x_wconf 85' lang='lat' dir='ltr'>tinuatione</span> <span class='ocrx_word' id='word_1_5' title='bbox 598 334 882 388; x_wconf 86' lang='lat' dir='ltr'>sententiae</span> <span class='ocrx_word' id='word_1_6' title='bbox 926 350 1026 400; x_wconf 88' lang='lat' dir='ltr'>pro</span> <span class='ocrx_word' id='word_1_7' title='bbox 1071 333 1290 386; x_wconf 83' lang='lat' dir='ltr'>relativo</span> <span class='ocrx_word' id='word_1_8' title='bbox 1346 333 1573 384; x_wconf 83' lang='lat' dir='ltr'><strong>suaviter</strong></span> <span class='ocrx_word' id='word_1_9' title='bbox 1622 352 1654 384; x_wconf 83' lang='lat' dir='ltr'>a</span> <span class='ocrx_word' id='word_1_10' title='bbox 1701 333 1965 386; x_wconf 81' lang='lat' dir='ltr'>veteribus</span> 
     </span>
     <span class='ocr_line' id='line_1_3' title="bbox 257 426 1964 496; baseline -0.002 -16"><span class='ocrx_word' id='word_1_11' title='bbox 257 431 623 496; x_wconf 82' lang='lat' dir='ltr'>repetitionem</span> <span class='ocrx_word' id='word_1_12' title='bbox 660 429 886 479; x_wconf 88' lang='lat' dir='ltr'>nominis</span> <span class='ocrx_word' id='word_1_13' title='bbox 921 428 979 477; x_wconf 90' lang='lat' dir='ltr'>in</span> <span class='ocrx_word' id='word_1_14' title='bbox 1017 427 1232 479; x_wconf 89' lang='lat' dir='ltr'>secundi</span> <span class='ocrx_word' id='word_1_15' title='bbox 1265 445 1449 480; x_wconf 89' lang='lat' dir='ltr'>versus</span> <span class='ocrx_word' id='word_1_16' title='bbox 1487 426 1661 490; x_wconf 84' lang='lat' dir='ltr'>initio,</span> <span class='ocrx_word' id='word_1_17' title='bbox 1715 431 1809 483; x_wconf 72' lang='lat' dir='ltr'>‚ubi</span> <span class='ocrx_word' id='word_1_18' title='bbox 1858 428 1964 479; x_wconf 88' lang='lat' dir='ltr'>iam</span> 
     </span>
    </p>
   </div>
   <div class='ocr_carea' id='block_1_3' title="bbox 259 520 2017 586">
    <p class='ocr_par' dir='ltr' id='par_1_3' title="bbox 259 520 2017 586">
     <span class='ocr_line' id='line_1_4' title="bbox 259 520 2017 586; baseline 0 -14"><span class='ocrx_word' id='word_1_19' title='bbox 259 523 547 573; x_wconf 84' lang='lat' dir='ltr'>accuratius</span> <span class='ocrx_word' id='word_1_20' title='bbox 602 521 898 585; x_wconf 85' lang='lat' dir='ltr'>designatur</span> <span class='ocrx_word' id='word_1_21' title='bbox 947 539 1032 571; x_wconf 88' lang='lat' dir='ltr'>res</span> <span class='ocrx_word' id='word_1_22' title='bbox 1075 521 1327 586; x_wconf 89' lang='lat' dir='ltr'>indicata,</span> <span class='ocrx_word' id='word_1_23' title='bbox 1379 538 1500 572; x_wconf 88' lang='lat' dir='ltr'>raro</span> <span class='ocrx_word' id='word_1_24' title='bbox 1539 520 1803 586; x_wconf 84' lang='lat' dir='ltr'>adhibuit,</span> <span class='ocrx_word' id='word_1_25' title='bbox 1854 539 1962 573; x_wconf 89' lang='lat' dir='ltr'>non</span> <span class='ocrx_word' id='word_1_26' title='bbox 2015 561 2017 563; x_wconf 85' lang='lat'>-</span> 
     </span>
    </p>
   </div>
   <div class='ocr_carea' id='block_1_4' title="bbox 240 615 1968 1997">
    <p class='ocr_par' dir='ltr' id='par_1_4' title="bbox 261 615 1686 777">
     <span class='ocr_line' id='line_1_5' title="bbox 261 615 1496 679; baseline 0.002 -16"><span class='ocrx_word' id='word_1_27' title='bbox 261 615 417 666; x_wconf 89' lang='lat' dir='ltr'>credo</span> <span class='ocrx_word' id='word_1_28' title='bbox 456 632 573 666; x_wconf 88' lang='lat' dir='ltr'>casu</span> <span class='ocrx_word' id='word_1_29' title='bbox 613 616 822 664; x_wconf 88' lang='lat' dir='ltr'>factum.</span> <span class='ocrx_word' id='word_1_30' title='bbox 895 615 1038 666; x_wconf 84' lang='lat' dir='ltr'>Dicit</span> <span class='ocrx_word' id='word_1_31' title='bbox 1076 616 1141 678; x_wconf 91' lang='grc' dir='ltr'>ΙΙ,</span> <span class='ocrx_word' id='word_1_32' title='bbox 1178 623 1228 679; x_wconf 85' lang='grc'>2,</span> <span class='ocrx_word' id='word_1_33' title='bbox 1269 620 1354 667; x_wconf 81' lang='grc'>18.</span> <span class='ocrx_word' id='word_1_34' title='bbox 1395 620 1496 666; x_wconf 86' lang='lat'>19:</span> 
     </span>
     <span class='ocr_line' id='line_1_6' title="bbox 467 709 1686 777; baseline -0.002 -17"><span class='ocrx_word' id='word_1_35' title='bbox 467 710 734 777; x_wconf 84' lang='lat' dir='ltr'>Flavaque</span> <span class='ocrx_word' id='word_1_36' title='bbox 774 709 1012 776; x_wconf 86' lang='lat' dir='ltr'>coniugio</span> <span class='ocrx_word' id='word_1_37' title='bbox 1052 711 1262 762; x_wconf 88' lang='lat' dir='ltr'>vincula</span> <span class='ocrx_word' id='word_1_38' title='bbox 1295 720 1472 776; x_wconf 90' lang='lat' dir='ltr'>portet</span> <span class='ocrx_word' id='word_1_39' title='bbox 1498 709 1686 771; x_wconf 88' lang='lat' dir='ltr'>Amor,</span> 
     </span>
    </p>

    <p class='ocr_par' dir='ltr' id='par_1_5' title="bbox 397 802 1497 871">
     <span class='ocr_line' id='line_1_7' title="bbox 397 802 1497 871; baseline 0.001 -18"><span class='ocrx_word' id='word_1_40' title='bbox 397 802 647 867; x_wconf 83' lang='lat' dir='ltr'>Vincula,</span> <span class='ocrx_word' id='word_1_41' title='bbox 699 821 832 871; x_wconf 88' lang='lat' dir='ltr'>quae</span> <span class='ocrx_word' id='word_1_42' title='bbox 870 814 1114 855; x_wconf 89' lang='lat' dir='ltr'>maneant</span> <span class='ocrx_word' id='word_1_43' title='bbox 1150 821 1358 871; x_wconf 81' lang='lat' dir='ltr'>semper</span> <span class='ocrx_word' id='word_1_44' title='bbox 1402 814 1497 855; x_wconf 86' lang='lat' dir='ltr'>cet.</span> 
     </span>
    </p>

    <p class='ocr_par' dir='ltr' id='par_1_6' title="bbox 259 894 1510 1054">
     <span class='ocr_line' id='line_1_8' title="bbox 259 894 1354 965; baseline 0.005 -21"><span class='ocrx_word' id='word_1_45' title='bbox 259 903 310 944; x_wconf 83' lang='lat' dir='ltr'>et</span> <span class='ocrx_word' id='word_1_46' title='bbox 351 894 427 961; x_wconf 89' lang='lat' dir='ltr'>II,</span> <span class='ocrx_word' id='word_1_47' title='bbox 462 900 522 962; x_wconf 88' lang='grc'>5,</span> <span class='ocrx_word' id='word_1_48' title='bbox 562 902 648 948; x_wconf 86' lang='grc'>30.</span> <span class='ocrx_word' id='word_1_49' title='bbox 687 902 786 948; x_wconf 81' lang='lat'>31:</span> <span class='ocrx_word' id='word_1_50' title='bbox 1346 959 1354 965; x_wconf 86' lang='lat'>.</span> 
     </span>
     <span class='ocr_line' id='line_1_9' title="bbox 477 977 1510 1054; baseline 0.001 -14"><span class='ocrx_word' id='word_1_51' title='bbox 477 977 702 1040; x_wconf 76' lang='lat' dir='ltr'>Gari-ula</span> <span class='ocrx_word' id='word_1_52' title='bbox 739 991 964 1042; x_wconf 88' lang='lat' dir='ltr'>silvestri</span> <span class='ocrx_word' id='word_1_53' title='bbox 997 991 1169 1042; x_wconf 89' lang='lat' dir='ltr'>fistula</span> <span class='ocrx_word' id='word_1_54' title='bbox 1205 1011 1349 1053; x_wconf 63' lang='lat' dir='ltr'>sacm</span> <span class='ocrx_word' id='word_1_55' title='bbox 1384 992 1510 1054; x_wconf 88' lang='lat' dir='ltr'>deo,</span> 
     </span>
    </p>

    <p class='ocr_par' dir='ltr' id='par_1_7' title="bbox 240 1079 1968 1713">
     <span class='ocr_line' id='line_1_10' title="bbox 401 1079 1778 1152; baseline 0 -20"><span class='ocrx_word' id='word_1_56' title='bbox 401 1083 629 1149; x_wconf 77' lang='lat' dir='ltr'>Fistula,</span> <span class='ocrx_word' id='word_1_57' title='bbox 672 1086 756 1135; x_wconf 89' lang='lat' dir='ltr'>cui</span> <span class='ocrx_word' id='word_1_58' title='bbox 793 1104 997 1152; x_wconf 85' lang='lat' dir='ltr'>semper</span> <span class='ocrx_word' id='word_1_59' title='bbox 1033 1086 1282 1137; x_wconf 85' lang='lat' dir='ltr'>decrescit</span> <span class='ocrx_word' id='word_1_60' title='bbox 1318 1083 1588 1141; x_wconf 82' lang='lat' dir='ltr'>arundinis</span> <span class='ocrx_word' id='word_1_61' title='bbox 1621 1079 1778 1145; x_wconf 91' lang='lat' dir='ltr'>ordo,</span> 
     </span>
     <span class='ocr_line' id='line_1_11' title="bbox 257 1172 1962 1244; baseline -0.004 -16"><span class='ocrx_word' id='word_1_62' title='bbox 257 1178 534 1228; x_wconf 88' lang='lat' dir='ltr'>nervosius</span> <span class='ocrx_word' id='word_1_63' title='bbox 586 1189 644 1227; x_wconf 85' lang='lat' dir='ltr'>ut</span> <span class='ocrx_word' id='word_1_64' title='bbox 678 1179 742 1227; x_wconf 91' lang='lat' dir='ltr'>sit</span> <span class='ocrx_word' id='word_1_65' title='bbox 782 1179 992 1228; x_wconf 88' lang='lat' dir='ltr'>initium</span> <span class='ocrx_word' id='word_1_66' title='bbox 1029 1181 1321 1230; x_wconf 85' lang='lat' dir='ltr'>hexametri</span> <span class='ocrx_word' id='word_1_67' title='bbox 1362 1197 1405 1229; x_wconf 79' lang='lat' dir='ltr'>s,</span> <span class='ocrx_word' id='word_1_68' title='bbox 1441 1178 1649 1228; x_wconf 88' lang='lat' dir='ltr'>distichi</span> <span class='ocrx_word' id='word_1_69' title='bbox 1688 1172 1962 1244; x_wconf 57' lang='lat' dir='ltr'>„sequentis</span> 
     </span>
     <span class='ocr_line' id='line_1_12' title="bbox 259 1270 1968 1346; baseline -0.001 -25"><span class='ocrx_word' id='word_1_70' title='bbox 259 1270 463 1346; x_wconf 79' lang='lat' dir='ltr'>(similis</span> <span class='ocrx_word' id='word_1_71' title='bbox 494 1272 751 1340; x_wconf 86' lang='lat' dir='ltr'>Lygdami</span> <span class='ocrx_word' id='word_1_72' title='bbox 783 1293 934 1339; x_wconf 88' lang='lat' dir='ltr'>usus,</span> <span class='ocrx_word' id='word_1_73' title='bbox 973 1276 1063 1339; x_wconf 94' lang='grc' dir='ltr'>ΙΙΙ,</span> <span class='ocrx_word' id='word_1_74' title='bbox 1087 1279 1136 1340; x_wconf 92' lang='grc'>5,</span> <span class='ocrx_word' id='word_1_75' title='bbox 1161 1275 1250 1342; x_wconf 80' lang='grc'>2);</span> <span class='ocrx_word' id='word_1_76' title='bbox 1287 1275 1381 1326; x_wconf 88' lang='lat' dir='ltr'>sed</span> <span class='ocrx_word' id='word_1_77' title='bbox 1415 1278 1527 1327; x_wconf 56' lang='lat' dir='ltr'>hoc,</span> <span class='ocrx_word' id='word_1_78' title='bbox 1550 1290 1635 1324; x_wconf 90' lang='lat' dir='ltr'>res</span> <span class='ocrx_word' id='word_1_79' title='bbox 1672 1273 1786 1340; x_wconf 86' lang='lat' dir='ltr'>ipsa</span> <span class='ocrx_word' id='word_1_80' title='bbox 1814 1271 1968 1322; x_wconf 88' lang='lat' dir='ltr'>docet</span> 
     </span>
     <span class='ocr_line' id='line_1_13' title="bbox 240 1367 1967 1438; baseline -0.002 -20"><span class='ocrx_word' id='word_1_81' title='bbox 240 1383 366 1418; x_wconf 21' lang='lat' dir='ltr'>»non</span> <span class='ocrx_word' id='word_1_82' title='bbox 402 1383 555 1432; x_wconf 89' lang='lat' dir='ltr'>posse</span> <span class='ocrx_word' id='word_1_83' title='bbox 596 1385 749 1438; x_wconf 87' lang='lat' dir='ltr'>saepe</span> <span class='ocrx_word' id='word_1_84' title='bbox 787 1369 983 1420; x_wconf 89' lang='lat' dir='ltr'>iterari.</span> <span class='ocrx_word' id='word_1_85' title='bbox 1068 1367 1298 1421; x_wconf 88' lang='lat' dir='ltr'>Omnino</span> <span class='ocrx_word' id='word_1_86' title='bbox 1346 1371 1447 1420; x_wconf 93' lang='lat' dir='ltr'>hoc</span> <span class='ocrx_word' id='word_1_87' title='bbox 1491 1369 1699 1420; x_wconf 86' lang='lat' dir='ltr'>schema</span> <span class='ocrx_word' id='word_1_88' title='bbox 1733 1368 1967 1433; x_wconf 87' lang='lat' dir='ltr'>plerum-</span> 
     </span>
     <span class='ocr_line' id='line_1_14' title="bbox 258 1461 1967 1530; baseline 0.001 -21"><span class='ocrx_word' id='word_1_89' title='bbox 258 1478 362 1528; x_wconf 87' lang='lat' dir='ltr'>que</span> <span class='ocrx_word' id='word_1_90' title='bbox 397 1461 705 1528; x_wconf 87' lang='lat' dir='ltr'>exquisitius</span> <span class='ocrx_word' id='word_1_91' title='bbox 747 1474 823 1513; x_wconf 90' lang='lat' dir='ltr'>est</span> <span class='ocrx_word' id='word_1_92' title='bbox 861 1474 910 1514; x_wconf 88' lang='lat' dir='ltr'>et</span> <span class='ocrx_word' id='word_1_93' title='bbox 944 1482 1044 1530; x_wconf 89' lang='lat' dir='ltr'>pro</span> <span class='ocrx_word' id='word_1_94' title='bbox 1079 1466 1282 1516; x_wconf 87' lang='lat' dir='ltr'>ratione</span> <span class='ocrx_word' id='word_1_95' title='bbox 1317 1466 1559 1516; x_wconf 88' lang='lat' dir='ltr'>locorum</span> <span class='ocrx_word' id='word_1_96' title='bbox 1594 1480 1733 1513; x_wconf 90' lang='lat' dir='ltr'>nunc</span> <span class='ocrx_word' id='word_1_97' title='bbox 1769 1461 1967 1526; x_wconf 83' lang='lat' dir='ltr'>magni-</span> 
     </span>
     <span class='ocr_line' id='line_1_15' title="bbox 257 1553 1966 1626; baseline 0.002 -23"><span class='ocrx_word' id='word_1_98' title='bbox 257 1553 516 1605; x_wconf 88' lang='lat' dir='ltr'>ficentiam</span> <span class='ocrx_word' id='word_1_99' title='bbox 554 1554 816 1622; x_wconf 88' lang='lat' dir='ltr'>quandam</span> <span class='ocrx_word' id='word_1_100' title='bbox 862 1558 1020 1609; x_wconf 90' lang='lat' dir='ltr'>habet</span> <span class='ocrx_word' id='word_1_101' title='bbox 1067 1570 1127 1610; x_wconf 90' lang='lat' dir='ltr'>ut</span> <span class='ocrx_word' id='word_1_102' title='bbox 1173 1561 1231 1610; x_wconf 89' lang='lat' dir='ltr'>in</span> <span class='ocrx_word' id='word_1_103' title='bbox 1274 1560 1420 1626; x_wconf 83' lang='lat' dir='ltr'>epica</span> <span class='ocrx_word' id='word_1_104' title='bbox 1453 1558 1603 1626; x_wconf 86' lang='lat' dir='ltr'>poesi</span> <span class='ocrx_word' id='word_1_105' title='bbox 1646 1575 1696 1609; x_wconf 82' lang='lat' dir='ltr'>v.</span> <span class='ocrx_word' id='word_1_106' title='bbox 1735 1573 1777 1608; x_wconf 88' lang='lat' dir='ltr'>c.</span> <span class='ocrx_word' id='word_1_107' title='bbox 1813 1556 1966 1621; x_wconf 84' lang='lat' dir='ltr'>Virg.</span> 
     </span>
     <span class='ocr_line' id='line_1_16' title="bbox 256 1649 662 1713; baseline 0.002 -13"><span class='ocrx_word' id='word_1_108' title='bbox 256 1649 387 1700; x_wconf 87' lang='lat' dir='ltr'>Aen.</span> <span class='ocrx_word' id='word_1_109' title='bbox 420 1649 489 1713; x_wconf 91' lang='lat' dir='ltr'>X,</span> <span class='ocrx_word' id='word_1_110' title='bbox 531 1653 662 1701; x_wconf 87' lang='lat'>180:</span> 
     </span>
    </p>

    <p class='ocr_par' dir='ltr' id='par_1_8' title="bbox 397 1744 1841 1814">
     <span class='ocr_line' id='line_1_17' title="bbox 397 1744 1841 1814; baseline -0.001 -19"><span class='ocrx_word' id='word_1_111' title='bbox 397 1769 902 1784; x_wconf 71' lang='lat'>—————</span> <span class='ocrx_word' id='word_1_112' title='bbox 939 1744 1193 1814; x_wconf 85' lang='lat' dir='ltr'>Sequitur</span> <span class='ocrx_word' id='word_1_113' title='bbox 1235 1744 1620 1813; x_wconf 88' lang='lat' dir='ltr'>pulcherrimus</span> <span class='ocrx_word' id='word_1_114' title='bbox 1657 1745 1841 1806; x_wconf 87' lang='lat' dir='ltr'>Astur,</span> 
     </span>
    </p>

    <p class='ocr_par' dir='ltr' id='par_1_9' title="bbox 257 1834 1966 1997">
     <span class='ocr_line' id='line_1_18' title="bbox 469 1834 1866 1905; baseline 0.006 -22"><span class='ocrx_word' id='word_1_115' title='bbox 469 1834 632 1885; x_wconf 89' lang='lat' dir='ltr'>Astur</span> <span class='ocrx_word' id='word_1_116' title='bbox 669 1854 805 1905; x_wconf 92' lang='lat' dir='ltr'>equo</span> <span class='ocrx_word' id='word_1_117' title='bbox 847 1838 1044 1903; x_wconf 87' lang='lat' dir='ltr'>fidens,</span> <span class='ocrx_word' id='word_1_118' title='bbox 1078 1866 1079 1869; x_wconf 39' lang='lat'>¹</span> <span class='ocrx_word' id='word_1_119' title='bbox 1863 1899 1866 1903; x_wconf 24' lang='lat'><strong>⁴</strong></span> 
     </span>
     <span class='ocr_line' id='line_1_19' title="bbox 257 1928 1966 1997; baseline 0.002 -19"><span class='ocrx_word' id='word_1_120' title='bbox 257 1946 324 1979; x_wconf 88' lang='lat' dir='ltr'>ne</span> <span class='ocrx_word' id='word_1_121' title='bbox 363 1928 426 1979; x_wconf 90' lang='lat' dir='ltr'>de</span> <span class='ocrx_word' id='word_1_122' title='bbox 463 1930 696 1982; x_wconf 89' lang='lat' dir='ltr'>Homero</span> <span class='ocrx_word' id='word_1_123' title='bbox 736 1932 931 1997; x_wconf 87' lang='lat' dir='ltr'>dicam,</span> <span class='ocrx_word' id='word_1_124' title='bbox 974 1953 1116 1986; x_wconf 89' lang='lat' dir='ltr'>nunc</span> <span class='ocrx_word' id='word_1_125' title='bbox 1152 1935 1518 1988; x_wconf 85' lang='lat' dir='ltr'>mollissimum</span> <span class='ocrx_word' id='word_1_126' title='bbox 1554 1945 1630 1986; x_wconf 87' lang='lat' dir='ltr'>est</span> <span class='ocrx_word' id='word_1_127' title='bbox 1667 1943 1719 1985; x_wconf 89' lang='lat' dir='ltr'>et</span> <span class='ocrx_word' id='word_1_128' title='bbox 1757 1931 1966 1989; x_wconf 79' lang='lat' dir='ltr'>affectui</span> 
     </span>
    </p>
   </div>
   <div class='ocr_carea' id='block_1_5' title="bbox 256 2023 2037 2096">
    <p class='ocr_par' dir='ltr' id='par_1_10' title="bbox 256 2023 2037 2096">
     <span class='ocr_line' id='line_1_20' title="bbox 256 2023 2037 2096; baseline 0.003 -24"><span class='ocrx_word' id='word_1_129' title='bbox 256 2023 487 2073; x_wconf 89' lang='lat' dir='ltr'>molliori</span> <span class='ocrx_word' id='word_1_130' title='bbox 536 2025 754 2078; x_wconf 85' lang='lat' dir='ltr'>inservit</span> <span class='ocrx_word' id='word_1_131' title='bbox 791 2039 882 2079; x_wconf 89' lang='lat' dir='ltr'>aut</span> <span class='ocrx_word' id='word_1_132' title='bbox 923 2030 1212 2095; x_wconf 82' lang='lat' dir='ltr'>venustati,</span> <span class='ocrx_word' id='word_1_133' title='bbox 1267 2041 1327 2081; x_wconf 89' lang='lat' dir='ltr'>ut</span> <span class='ocrx_word' id='word_1_134' title='bbox 1371 2031 1430 2080; x_wconf 91' lang='lat' dir='ltr'>in</span> <span class='ocrx_word' id='word_1_135' title='bbox 1480 2027 1643 2094; x_wconf 86' lang='lat' dir='ltr'>elegia</span> <span class='ocrx_word' id='word_1_136' title='bbox 1681 2026 1965 2096; x_wconf 83' lang='lat' dir='ltr'>Propertii,</span> <span class='ocrx_word' id='word_1_137' title='bbox 2030 2050 2037 2058; x_wconf 94' lang='lat'>·</span> 
     </span>
    </p>
   </div>
   <div class='ocr_carea' id='block_1_6' title="bbox 250 2117 1958 3315">
    <p class='ocr_par' dir='ltr' id='par_1_11' title="bbox 250 2117 1958 3315">
     <span class='ocr_line' id='line_1_21' title="bbox 256 2117 709 2181; baseline 0.004 -13"><span class='ocrx_word' id='word_1_138' title='bbox 256 2134 308 2168; x_wconf 82' lang='lat' dir='ltr'>v.</span> <span class='ocrx_word' id='word_1_139' title='bbox 333 2134 377 2168; x_wconf 85' lang='lat' dir='ltr'>c.</span> <span class='ocrx_word' id='word_1_140' title='bbox 411 2117 465 2181; x_wconf 92' lang='lat' dir='ltr'>I,</span> <span class='ocrx_word' id='word_1_141' title='bbox 508 2122 568 2181; x_wconf 87' lang='lat'>3,</span> <span class='ocrx_word' id='word_1_142' title='bbox 606 2123 709 2170; x_wconf 85' lang='lat'>25:</span> 
     </span>
     <span class='ocr_line' id='line_1_22' title="bbox 397 2207 1711 2282; baseline 0.005 -20"><span class='ocrx_word' id='word_1_143' title='bbox 397 2207 692 2278; x_wconf 87' lang='lat' dir='ltr'>Omniaque</span> <span class='ocrx_word' id='word_1_144' title='bbox 727 2214 929 2278; x_wconf 88' lang='lat' dir='ltr'>ingrato</span> <span class='ocrx_word' id='word_1_145' title='bbox 970 2214 1200 2280; x_wconf 87' lang='lat' dir='ltr'>largibar</span> <span class='ocrx_word' id='word_1_146' title='bbox 1235 2233 1455 2267; x_wconf 87' lang='lat' dir='ltr'>munera</span> <span class='ocrx_word' id='word_1_147' title='bbox 1495 2233 1711 2282; x_wconf 87' lang='lat' dir='ltr'>somno,</span> 
     </span>
     <span class='ocr_line' id='line_1_23' title="bbox 268 2305 1594 2376; baseline 0.005 -22"><span class='ocrx_word' id='word_1_148' title='bbox 268 2341 271 2345; x_wconf 78' lang='lat'>,</span> <span class='ocrx_word' id='word_1_149' title='bbox 469 2306 698 2358; x_wconf 88' lang='lat' dir='ltr'>Munera</span> <span class='ocrx_word' id='word_1_150' title='bbox 735 2305 800 2357; x_wconf 89' lang='lat' dir='ltr'>de</span> <span class='ocrx_word' id='word_1_151' title='bbox 835 2325 1009 2375; x_wconf 86' lang='lat' dir='ltr'>prono</span> <span class='ocrx_word' id='word_1_152' title='bbox 1050 2326 1204 2376; x_wconf 87' lang='lat' dir='ltr'>saepe</span> <span class='ocrx_word' id='word_1_153' title='bbox 1238 2311 1422 2363; x_wconf 82' lang='lat' dir='ltr'>voluta</span> <span class='ocrx_word' id='word_1_154' title='bbox 1457 2311 1594 2362; x_wconf 87' lang='lat' dir='ltr'>sinu.</span> 
     </span>
     <span class='ocr_line' id='line_1_24' title="bbox 254 2397 601 2454; baseline 0.009 -6"><span class='ocrx_word' id='word_1_155' title='bbox 254 2407 306 2448; x_wconf 88' lang='lat' dir='ltr'>et</span> <span class='ocrx_word' id='word_1_156' title='bbox 339 2397 468 2454; x_wconf 85' lang='lat' dir='ltr'>ibid.</span> <span class='ocrx_word' id='word_1_157' title='bbox 503 2404 601 2451; x_wconf 85' lang='lat'>31:</span> 
     </span>
     <span class='ocr_line' id='line_1_25' title="bbox 396 2493 1692 2561; baseline 0.002 -18"><span class='ocrx_word' id='word_1_158' title='bbox 396 2494 583 2544; x_wconf 92' lang='lat' dir='ltr'>Donec</span> <span class='ocrx_word' id='word_1_159' title='bbox 619 2493 849 2547; x_wconf 85' lang='lat' dir='ltr'>diversas</span> <span class='ocrx_word' id='word_1_160' title='bbox 891 2512 1205 2561; x_wconf 90' lang='lat' dir='ltr'>percurrens</span> <span class='ocrx_word' id='word_1_161' title='bbox 1243 2497 1371 2546; x_wconf 88' lang='lat' dir='ltr'>luna</span> <span class='ocrx_word' id='word_1_162' title='bbox 1407 2496 1692 2561; x_wconf 84' lang='lat' dir='ltr'>fenestras,</span> 
     </span>
     <span class='ocr_line' id='line_1_26' title="bbox 462 2589 1622 2642; baseline 0.004 -5"><span class='ocrx_word' id='word_1_163' title='bbox 462 2589 619 2639; x_wconf 90' lang='lat' dir='ltr'>Luna</span> <span class='ocrx_word' id='word_1_164' title='bbox 655 2592 935 2640; x_wconf 88' lang='lat' dir='ltr'>moraturis</span> <span class='ocrx_word' id='word_1_165' title='bbox 975 2589 1158 2642; x_wconf 89' lang='lat' dir='ltr'>sedula</span> <span class='ocrx_word' id='word_1_166' title='bbox 1197 2590 1485 2642; x_wconf 88' lang='lat' dir='ltr'>luminibus</span> <span class='ocrx_word' id='word_1_167' title='bbox 1525 2601 1622 2642; x_wconf 87' lang='lat' dir='ltr'>cet.</span> 
     </span>
     <span class='ocr_line' id='line_1_27' title="bbox 255 2681 672 2746; baseline 0.01 -17"><span class='ocrx_word' id='word_1_168' title='bbox 255 2688 307 2730; x_wconf 83' lang='lat' dir='ltr'>et</span> <span class='ocrx_word' id='word_1_169' title='bbox 342 2681 397 2743; x_wconf 90' lang='grc' dir='ltr'>Ι,</span> <span class='ocrx_word' id='word_1_170' title='bbox 439 2687 534 2746; x_wconf 91' lang='lat'>11,</span> <span class='ocrx_word' id='word_1_171' title='bbox 571 2686 672 2733; x_wconf 86' lang='lat'>29:</span> 
     </span>
     <span class='ocr_line' id='line_1_28' title="bbox 398 2774 1877 2843; baseline 0.002 -19"><span class='ocrx_word' id='word_1_172' title='bbox 398 2774 483 2825; x_wconf 91' lang='lat' dir='ltr'>Tu</span> <span class='ocrx_word' id='word_1_173' title='bbox 526 2774 684 2832; x_wconf 87' lang='lat' dir='ltr'>modo</span> <span class='ocrx_word' id='word_1_174' title='bbox 724 2792 882 2843; x_wconf 87' lang='lat' dir='ltr'>quam</span> <span class='ocrx_word' id='word_1_175' title='bbox 916 2777 1146 2841; x_wconf 88' lang='lat' dir='ltr'>primum</span> <span class='ocrx_word' id='word_1_176' title='bbox 1186 2786 1453 2842; x_wconf 86' lang='lat' dir='ltr'>corruptas</span> <span class='ocrx_word' id='word_1_177' title='bbox 1490 2775 1670 2828; x_wconf 85' lang='lat' dir='ltr'>desere</span> <span class='ocrx_word' id='word_1_178' title='bbox 1705 2775 1877 2829; x_wconf 85' lang='lat' dir='ltr'>Baias.</span> 
     </span>
     <span class='ocr_line' id='line_1_29' title="bbox 467 2868 1566 2934; baseline 0.001 -16"><span class='ocrx_word' id='word_1_179' title='bbox 467 2869 649 2920; x_wconf 89' lang='lat' dir='ltr'>Multis</span> <span class='ocrx_word' id='word_1_180' title='bbox 685 2870 784 2920; x_wconf 88' lang='lat' dir='ltr'>ista</span> <span class='ocrx_word' id='word_1_181' title='bbox 821 2868 1017 2920; x_wconf 87' lang='lat' dir='ltr'>dabant</span> <span class='ocrx_word' id='word_1_182' title='bbox 1050 2870 1229 2920; x_wconf 87' lang='lat' dir='ltr'>littora</span> <span class='ocrx_word' id='word_1_183' title='bbox 1266 2869 1566 2934; x_wconf 86' lang='lat' dir='ltr'>dissidium,</span> 
     </span>
     <span class='ocr_line' id='line_1_30' title="bbox 395 2962 1743 3032; baseline 0.001 -19"><span class='ocrx_word' id='word_1_184' title='bbox 395 2962 625 3028; x_wconf 85' lang='lat' dir='ltr'>Littora,</span> <span class='ocrx_word' id='word_1_185' title='bbox 674 2982 807 3032; x_wconf 88' lang='lat' dir='ltr'>quae</span> <span class='ocrx_word' id='word_1_186' title='bbox 843 2965 1055 3015; x_wconf 88' lang='lat' dir='ltr'>fuerant</span> <span class='ocrx_word' id='word_1_187' title='bbox 1096 2967 1245 3015; x_wconf 87' lang='lat' dir='ltr'>castis</span> <span class='ocrx_word' id='word_1_188' title='bbox 1286 2965 1497 3014; x_wconf 87' lang='lat' dir='ltr'>inimica</span> <span class='ocrx_word' id='word_1_189' title='bbox 1535 2965 1743 3031; x_wconf 87' lang='lat' dir='ltr'>puellis.</span> 
     </span>
     <span class='ocr_line' id='line_1_31' title="bbox 250 3054 1958 3123; baseline 0.001 -17"><span class='ocrx_word' id='word_1_190' title='bbox 250 3054 400 3106; x_wconf 89' lang='lat' dir='ltr'>Adde</span> <span class='ocrx_word' id='word_1_191' title='bbox 450 3058 528 3119; x_wconf 91' lang='lat' dir='ltr'>II,</span> <span class='ocrx_word' id='word_1_192' title='bbox 578 3062 632 3119; x_wconf 91' lang='lat'>1,</span> <span class='ocrx_word' id='word_1_193' title='bbox 679 3062 764 3108; x_wconf 88' lang='lat'>52.</span> <span class='ocrx_word' id='word_1_194' title='bbox 815 3060 892 3123; x_wconf 92' lang='lat' dir='ltr'>II,</span> <span class='ocrx_word' id='word_1_195' title='bbox 941 3066 1000 3123; x_wconf 92' lang='grc'>7,</span> <span class='ocrx_word' id='word_1_196' title='bbox 1050 3063 1131 3109; x_wconf 88' lang='grc'>18.</span> <span class='ocrx_word' id='word_1_197' title='bbox 1222 3057 1325 3109; x_wconf 86' lang='lat' dir='ltr'>Sed</span> <span class='ocrx_word' id='word_1_198' title='bbox 1372 3059 1457 3108; x_wconf 90' lang='lat' dir='ltr'>hic</span> <span class='ocrx_word' id='word_1_199' title='bbox 1506 3076 1629 3109; x_wconf 87' lang='lat' dir='ltr'>usus</span> <span class='ocrx_word' id='word_1_200' title='bbox 1674 3058 1875 3108; x_wconf 85' lang='lat' dir='ltr'>alienus</span> <span class='ocrx_word' id='word_1_201' title='bbox 1927 3076 1958 3108; x_wconf 86' lang='lat' dir='ltr'>a</span> 
     </span>
     <span class='ocr_line' id='line_1_32' title="bbox 251 3151 1955 3220; baseline 0.001 -20"><span class='ocrx_word' id='word_1_202' title='bbox 251 3151 453 3200; x_wconf 88' lang='lat' dir='ltr'>Tibulli</span> <span class='ocrx_word' id='word_1_203' title='bbox 497 3152 663 3217; x_wconf 89' lang='lat' dir='ltr'>poesi.</span> <span class='ocrx_word' id='word_1_204' title='bbox 744 3152 929 3203; x_wconf 90' lang='lat' dir='ltr'>Aliena</span> <span class='ocrx_word' id='word_1_205' title='bbox 977 3154 1132 3204; x_wconf 89' lang='lat' dir='ltr'>etiam</span> <span class='ocrx_word' id='word_1_206' title='bbox 1177 3153 1520 3220; x_wconf 79' lang='lat' dir='ltr'>epanadiplosis</span> <span class='ocrx_word' id='word_1_207' title='bbox 1560 3161 1661 3215; x_wconf 88' lang='lat' dir='ltr'>est,</span> <span class='ocrx_word' id='word_1_208' title='bbox 1710 3169 1761 3202; x_wconf 80' lang='lat' dir='ltr'>v.</span> <span class='ocrx_word' id='word_1_209' title='bbox 1789 3169 1831 3202; x_wconf 88' lang='lat' dir='ltr'>c.</span> <span class='ocrx_word' id='word_1_210' title='bbox 1874 3152 1955 3201; x_wconf 88' lang='lat' dir='ltr'>Ah</span> 
     </span>
     <span class='ocr_line' id='line_1_33' title="bbox 251 3242 1955 3315; baseline 0 -20"><span class='ocrx_word' id='word_1_211' title='bbox 251 3243 533 3312; x_wconf 85' lang='lat' dir='ltr'>Corydon,</span> <span class='ocrx_word' id='word_1_212' title='bbox 588 3244 869 3314; x_wconf 85' lang='lat' dir='ltr'>Corydon!</span> <span class='ocrx_word' id='word_1_213' title='bbox 928 3257 1018 3298; x_wconf 85' lang='lat' dir='ltr'>aut</span> <span class='ocrx_word' id='word_1_214' title='bbox 1054 3244 1194 3315; x_wconf 86' lang='lat' dir='ltr'>apud</span> <span class='ocrx_word' id='word_1_215' title='bbox 1231 3246 1414 3297; x_wconf 88' lang='lat' dir='ltr'>Horat.</span> <span class='ocrx_word' id='word_1_216' title='bbox 1495 3242 1720 3307; x_wconf 86' lang='lat' dir='ltr'>Occidit,</span> <span class='ocrx_word' id='word_1_217' title='bbox 1772 3244 1955 3297; x_wconf 86' lang='lat' dir='ltr'>occidit</span> 
     </span>
    </p>
   </div>
  </div>
 </body>
</html>
