2086 3756
807 214 1114 267 TIBULLI.
1691 236 1816 271 cxm

106 363 375 426 feruntur,
421 370 473 413 et
507 369 758 413 ornatum
796 377 1006 425 rerum,
1052 358 1221 412 oculis
1262 376 1422 428 quem
1456 358 1663 427 videaS,
1713 380 1807 416 ex-

103 469 336 526 ponunt3
371 457 574 518 Tibulli
598 468 726 507 vero
755 453 1144 530 descriptione&
1181 456 1556 521 ingeniosiores
1590 468 1641 509 et
1668 461 1808 511 mul-

104 554 293 619 tiplicis
339 551 571 619 generis,
614 545 846 598 reddunt
879 550 1050 600 varias
1090 567 1202 613 reS,
1250 553 1426 604 varios
1467 570 1678 619 sensuS,
1726 556 1806 606 af-

105 649 295 710 fecum,
332 639 696 710 cogitationes,
729 642 1124 707 imaginationes
1161 657 1374 712 poetae,
1416 658 1475 699 ut
1509 649 1615 700 fert
1650 668 1807 716 argu·

101 752 333 792 mentum
369 737 676 801 carminum.
756 736 833 790 Ac
869 755 988 789 cum
1025 743 1318 804 praeclaras
1357 743 1552 796 formas
1593 763 1807 814 compo-

101 837 303 889 ationis
334 835 392 886 in
422 835 497 907 iia
522 831 717 898 videris
758 845 946 899 supra,
998 832 1300 902 Lygdamus
1340 839 1474 890 nihil
1505 841 1809 895 huiusmodi

102 934 259 989 hahet
296 927 737 1000 exquisitius,m
782 928 1153 997 sepulcralium
1187 947 1316 981 vero
1361 932 1566 992 rituum
1616 934 1809 986 descri-

98 1014 299 1091 priene
313 1024 482 1092 enam
503 1021 724 1087 madum
752 1023 983 1078 excessit
1014 1033 1069 1075 et
1105 1021 1175 1075 ad
1206 1026 1493 1078 minutiora
1526 1027 1810 1082 descendit.

99 1121 207 1171 Alii
248 1131 353 1172 tres
387 1117 602 1183 losicin
653 1119 973 1177 carminibus
1016 1125 1050 1173 3
1062 1154 1079 1183 ‚
1116 1118 1177 1182 4,
1211 1123 1263 1171 5.
1301 1137 1368 1171 ne
1419 1131 1544 1172 sunt
1591 1122 1806 1192 quidem

97 1197 502 1283 descriptiones,
504 1213 607 1271 sed
629 1214 968 1282 repetitiones
991 1214 1147 1265 unius
1172 1216 1458 1268 sententiae
1483 1215 1547 1267 ad
1574 1217 1804 1271 taedium

101 1303 453 1366 continuatae.
479 1312 642 1374 Ubi
686 1313 874 1378 igitur,
929 1329 1127 1380 quaero
1174 1313 1392 1379 iterum,
1444 1316 1536 1366 illa
1582 1334 1666 1368 ars
1714 1316 1807 1370 de-

98 1409 440 1476 scriptionum
467 1409 796 1473 Tibulliana,
829 1407 920 1458 illa
953 1407 1199 1471 varietas,
1234 1407 1355 1483 illae
1393 1411 1808 1478 coniunctiones,

96 1506 456 1573 oppositiones
498 1504 846 1570 complurium
885 1499 1295 1567 descriptionum
1339 1502 1615 1568 egregiae?
1701 1506 1810 1559 Sed

28 1608 31 1610 ’
98 1598 541 1676 considerabimus
570 1595 815 1664 ,denique
864 1596 1020 1668 etiam
1067 1597 1326 1664 reliquam
1373 1601 1808 1666 compositionem

96 1697 291 1748 horum
336 1676 631 1755 carminum
669 1672 924 1758 bfflvifter.
1012 1689 1105 1744 Est
1154 1695 1308 1744 etiam
1355 1693 1486 1744 haec
1533 1696 1808 1762 eiusmodi,

94 1800 157 1842 ut
190 1807 452 1859 nusquam
484 1781 818 1846 Tibullidnae
852 1793 1143 1843 ssructurae
1170 1789 1518 1855 >pulchritudo
1560 1809 1809 1859 expressa

94 1885 380 1949 habeatur,
424 1883 884 1957 quemadmodum
933 1884 1086 1934 facile
1135 1900 1413 1949 cognoscas
1426 1921 1442 1949 ,
1508 1887 1603 1938 ubi
1650 1898 1701 1939 te
1749 1891 1808 1940 in

96 1981 279 2032 talium
331 1996 517 2041 rerum
561 1979 794 2032 studium
845 1978 1212 2041 insinuaveris.
1313 1978 1452 2030 Nam
1507 1983 1677 2050 qualis
1731 1995 1810 2035 est

94 2077 231 2133 ratio
255 2075 493 2154 cumdii,-
526 2078 741 2141 exitus,
736 2076 942 2130 -divisio
969 2075 1161 2144 reliqui
1191 2073 1474 2128 carminis?
1534 2078 1808 2131 Faciamus

97 2192 130 2224 a
169 2183 348 2243 qutun-ta
386 2174 550 2244 elegia
580 2173 816 2226 initium.
890 2175 1148 2234 Versatur
1186 2173 1515 2241 querimonia
1550 2173 1809 2242 Lygdami

6 2275 11 2277 ’
100 2252 316 2320 omnino
357 2269 418 2318 in
456 2285 550 2332 eo,
597 2267 743 2336 quod
776 2267 1013 2330 Neaera,
1064 2284 1200 2335 quae
1243 2268 1343 2319 sibi
1387 2285 1582 2334 sponsa
1620 2270 1808 2331 fuerat,

97 2365 256 2414 alium
294 2365 470 2416 virum
507 2364 834 2430 praeferebat
877 2364 1031 2429 eique
1078 2364 1278 2413 nubere
1320 2365 1548 2415 volebat.
1631 2367 1808 2432 Atque

96 2461 200 2512 hoc
246 2462 474 2510 carmine
524 2459 788 2511 somnium
835 2459 1005 2523 fingit,
1062 2458 1206 2526 quod
1254 2459 1485 2525 primum
1530 2459 1807 2510 certiorem

96 2557 275 2607 fecerit
298 2554 363 2605 de
391 2554 528 2606 tristi
552 2571 635 2616 re,
670 2554 747 2604 ita
768 2570 898 2604 vero
924 2564 1288 2618 argumentum
1316 2564 1515 2606 tractat.
1567 2554 1806 2606 Exordio

31 2668 46 2698 ι
95 2661 340 2721 precatur
383 2662 444 2702 ut
489 2649 565 2702 dii
599 2650 822 2701 meliora
862 2650 1033 2700 ferant
1082 2667 1178 2701 nec
1217 2667 1343 2701 vera
1385 2650 1487 2699 sint
1532 2649 1809 2713 insomnia,

7 2759 10 2761 ’
96 2747 230 2819 quae
285 2765 437 2813 aegre
492 2745 658 2800 credit
707 2757 760 2798 et
811 2748 992 2798 inania
1046 2745 1186 2798 dicit.
1297 2746 1407 2796 Iam
1462 2748 1701 2814 sequitur
1751 2747 1808 2796 in

96 2845 268 2898 medio
310 2845 537 2897 carmine
582 2844 817 2909 amatio
855 2844 1045 2895 somnii
1088 2843 1267 2911 ipsius.
1355 2842 1447 2893 Est
1483 2843 1675 2910 Apollo
1713 2861 1808 2909 pa-

95 2950 282 2991 tronus
318 2940 750 3007 poetanun,.qui
781 2939 1045 3006 apparuit.
1113 2937 1286 2988 Huius
1327 2939 1558 3005 primum
1596 2939 1807 2989 habitus

97 3033 408 3087 describitur
441 3034 619 3086 multis
653 3035 853 3098 verbis,
891 3043 1008 3083 tum
1042 3033 1268 3100 loquens
1307 3032 1435 3084 deus
1474 3035 1685 3085 nuntiat
1722 3033 1811 3084 alii

97 3133 296 3183 nubere
341 3133 475 3184 vello
519 3130 807 3194 Neaeram,
852 3131 1135 3186 „consolari
1184 3141 1360 3182 tamen
1410 3130 1567 3182 simul
1618 3130 1809 3193 studet,

96 3246 214 3279 cum
252 3227 392 3280 flecti
428 3229 632 3296 possint
674 3229 880 3295 puellae
922 3226 1135 3283 blandis
1166 3227 1344 3280 verbis
1384 3237 1434 3282 et
1476 3226 1687 3280 servitio
1726 3243 1807 3276 se-

97 3320 248 3385 dulo,
285 3321 492 3391 dicique
526 3323 673 3376 iubet
708 3323 863 3376 etiam
889 3321 1127 3376 Neaerae
1165 3334 1221 3374 ut
1258 3323 1470 3374 absistat
1506 3341 1537 3373 a
1572 3321 1806 3383 consilio,

1291 3420 1328 3467 h
