2158 3750
298 191 383 252 88
750 187 1058 248 TIBULLI
1111 188 1253 251 LIB.
1288 188 1380 247 lv.
1417 199 1460 249 3.
1493 198 1535 248 4.

368 344 514 423 Quis
549 345 711 404 furor
739 358 848 417 est,
888 365 1032 426 quae
1062 365 1248 416 mens,
1295 342 1503 403 densos
1531 329 1809 427 indagine=
1832 345 2001 407 colles

456 450 820 511 Claudentem
867 465 1087 510 teneras
1133 449 1356 521 laedere,
1399 450 1537 512 velle
1579 455 1821 514 manus?

372 559 596 638 Quidve
640 558 793 618 iuvat
832 558 1028 618 furtim
1067 558 1312 618 latebras
1355 559 1569 620 intrare
1612 561 1863 622 ferarum

305 676 362 720 10
463 665 835 749 Candidaque
879 665 1120 726 hamatis
1164 691 1328 727 crura
1375 682 1572 728 notare
1615 669 1822 729 rubis?

369 772 485 831 Sed
522 787 740 848 tamen,
801 789 863 834 ut
899 788 1084 835 tecum
1128 773 1324 848 liceat,
1383 775 1678 850 Celinthe,
1721 776 1947 858 vagari,

459 881 591 962 Ipsa
634 904 738 962 ego
785 905 888 965 per
931 898 1152 943 montes
1197 883 1338 943 retia
1383 898 1529 944 toria
1572 883 1784 958 feram,

361 989 494 1070 Ipsa
535 1012 640 1070 ego
685 989 891 1051 velocis
938 1013 1206 1072 quaeram
1251 991 1484 1072 vestigia
1531 993 1679 1053 cervi

457 1097 529 1156 Et
563 1097 787 1158 demam
834 1091 1000 1158 celeri
1045 1098 1229 1158 ferrea
1272 1099 1455 1159 vincla
1501 1099 1643 1160 cani.

305 1216 361 1261 15
380 1205 544 1264 Tune
568 1204 726 1278 mihi,
756 1220 891 1265 tunc
919 1204 1180 1288 placeant
1204 1205 1392 1279 silvae,
1430 1206 1496 1280 si,
1531 1206 1630 1266 lux
1654 1229 1798 1281 mea,
1826 1222 2012 1268 tecum

459 1312 690 1393 Arguar
731 1328 860 1373 ante
903 1314 1059 1396 ipsas
1106 1314 1483 1374 concubuisse
1526 1313 1757 1398 plagas:

376 1421 540 1480 Tunc
584 1421 771 1480 veniat
815 1421 944 1482 licet
982 1421 1055 1482 ad
1095 1445 1314 1496 casseS‚
1371 1421 1600 1484 illaesus
1645 1423 1856 1498 abibit,

465 1530 549 1588 Ne
595 1529 831 1589 Veneris
882 1530 1123 1613 cupidae
1169 1530 1380 1611 gaudia
1425 1531 1643 1606 turbet,
1702 1556 1852 1616 aper.

398 1638 565 1696 Nunc
611 1637 732 1697 sine
776 1660 866 1697 me
908 1638 980 1697 sit
1023 1637 1180 1698 nulla
1218 1642 1430 1713 VenUS‚
1475 1639 1576 1699 sed
1616 1639 1738 1720 lege
1765 1640 2014 1716 Dianae,

306 1764 366 1807 20
469 1746 631 1805 Caste
676 1769 850 1828 puer,
902 1760 1055 1806 easta
1102 1746 1242 1806 retia
1291 1761 1456 1827 tange
1500 1771 1708 1808 manu:

368 1855 441 1914 Et
487 1877 859 1936 quaecunque
903 1877 1030 1914 meo
1070 1854 1267 1915 furtim
1310 1855 1568 1938 subrepit
1613 1855 1824 1933 amori,

456 1963 682 2023 Incidat
722 1963 783 2021 in
828 1986 1020 2023 saevas
1063 1962 1386 2045 diripienda
1426 1963 1591 2023 feras,

374 2070 450 2131 At
490 2085 551 2130 tu
595 2069 842 2131 venandi
882 2069 1134 2130 studium
1180 2070 1429 2131 concede
1468 2070 1722 2153 parenti,

458 2179 532 2239 Et
574 2178 721 2250 celer
762 2178 821 2240 in
866 2193 1094 2240 nostros
1138 2179 1259 2262 ipse
1304 2201 1538 2238 recurre.
1579 2178 1753 2239 sinus.

838 2458 1316 2511 CARMEN
1397 2461 1492 2511 lv.

371 2550 543 2659 Huc
589 2598 725 2659 ades
771 2615 822 2659 et
866 2615 1091 2661 tenerae
1132 2603 1364 2663 morbos
1411 2592 1622 2686 expelle
1665 2600 1914 2685 puellae,

469 2710 596 2768 Huc
643 2708 806 2782 adae,
850 2709 1076 2772 intonsa
1117 2710 1347 2771 Phoebe
1391 2711 1636 2794 superbe
1682 2734 1858 2771 coma.

429 2879 484 2922 V.
508 2883 578 2921 13.
623 2894 777 2922 cervae
811 2882 942 2935 vulgo
973 2881 1027 2924 de
1065 2883 1312 2925 coniectura
1345 2883 1660 2935 Bnoummsn,
1704 2895 1799 2936 „ne
1832 2882 1876 2924 in
1906 2893 2016 2938 pen-

310 2964 494 3002 tametro
536 2965 604 3003 ter
645 2967 771 3004 sonet
810 2957 862 3003 τὸ
903 2961 920 3003 ι’
960 2964 1086 3007 sibilo
1126 2963 1319 3008 odioso.”
1357 2987 1414 2997 —-
1492 2966 1543 3009 V.
1570 2969 1640 3008 15.
1682 2964 1746 3007 sic
1787 2964 1920 3018 vulgo
1960 2962 2016 3006 de

312 3042 558 3084 coniectura
589 3042 781 3086 Hmusn
819 3058 883 3100 pr.
914 3046 962 3088 si
998 3047 1156 3090 lectum
1188 3047 1359 3090 admisit
1389 3048 1733 3093 Bnonxnusms.
1754 3069 1810 3080 —-·
1871 3047 1925 3091 V.
1941 3049 2015 3090 20.

311 3129 482 3178 tange
514 3123 614 3166 Cm.
639 3137 743 3168 vss'r.
775 3139 870 3169 cum
902 3128 996 3170 aliis
1025 3130 1212 3185 optimae
1244 3135 1371 3173 notae
1397 3131 1529 3174 libris.
1593 3130 1678 3172 Alii
1707 3128 1863 3183 tende,
1899 3127 2015 3183 quod

311 3206 638 3250 Bnoummsms
671 3211 863 3263 reposuit
888 3223 943 3252 ex
966 3214 1150 3267 antiquis
1175 3213 1445 3256 editionibus.
1467 3237 1523 3244 —
1576 3213 1630 3257 V.
1647 3216 1720 3258 21.
1740 3213 2029 3268 *subrepit

312 3297 431 3333 recte
468 3290 565 3333 libri
595 3291 758 3346 optimi.
820 3291 1028 3349 subrepet
1058 3296 1189 3350 vulgo
1225 3309 1250 3339 e
1282 3296 1567 3340 deterioribus
1597 3296 1780 3340 duobus.
