2158 3750
351 309 453 360 452
746 299 1212 355 COMMENTAR.
1250 298 1325 350 IN
1363 298 1650 350 TIBULLI

352 450 542 502 LatiniS,
592 447 825 503 praemissa
867 444 1004 488 Indici
1045 440 1298 486 Scholarum
1328 441 1510 483 Kiliensi
1545 453 1640 483 ann.
1673 442 1804 482 1832.
1848 444 2042 484 semestr.

357 533 518 576 hibern.
571 545 668 588 pag.
699 530 845 582 XIV„
905 527 1051 570 laudat
1092 529 1169 568 Me
1214 525 1338 583 legat
1383 532 1436 566 ut
1483 538 1628 568 nemo,
1682 521 1799 578 quod
1841 523 2043 576 Vossms,

356 616 782 664 Wunnnnmcmus,
812 611 1019 652 BAcnms
1051 612 1348 664 reposuerunt.
1410 607 1469 650 At
1500 607 1637 660 enim,
1672 619 1769 648 cum
1802 618 1904 647 vera
1933 606 2044 648 ratio

357 696 594 738 sententiae
623 692 850 736 manifesto
882 690 987 734 haec
1017 691 1100 733 sit:
1143 695 1190 732 ut
1221 703 1348 732 nemo
1381 703 1450 732 me
1479 691 1623 744 legat,
1663 689 1781 731 vides
1813 700 2045 744 pronomen

357 792 422 818 me
453 789 679 834 perperam
707 775 830 817 initio
860 773 1088 825 collocari,
1135 771 1250 826 quod
1283 772 1495 827 potiorem
1533 772 1616 814 vim
1648 771 1774 827 plane
1803 782 1890 812 non
1919 767 2048 812 habet

359 858 439 902 hic.
499 859 567 901 Ea
607 860 652 901 in
682 858 912 911 negatione
942 860 1009 898 est
1049 851 1180 909 (dass
1209 856 1261 906 ja
1293 852 1500 895 niemand
1528 852 1656 908 lese).
1716 854 1855 896 Porro
1888 865 2047 907 quam

359 965 410 972 —
447 946 607 993 ante,
638 941 771 983 veluti
802 942 1038 982 Pnopunm.
1069 937 1126 990 ΙΙ,
1155 940 1228 990 25,
1258 940 1343 979 26:
1379 935 1578 991 Septima
1609 949 1743 993 quam
1774 941 1938 976 metum
1968 933 2052 975 tri-
2136 967 2150 982 ,ἢ

358 1021 475 1065 verit
506 1029 612 1063 ante
643 1028 761 1063 rota.
792 1045 850 1052 —
904 1020 1013 1062 Mox
1053 1019 1247 1062 vultus
1290 1031 1637 1074 componere
1667 1017 1884 1069 ⁸famae,
1933 1017 2051 1060 vultu
2134 1066 2135 1070 η

360 1105 628 1147 dissimulare
668 1116 759 1145 rem
800 1102 940 1145 famae
974 1113 1118 1143 causa.
1178 1098 1265 1141 Est
1295 1099 1452 1157 famae
1482 1100 1650 1143 dativus
1680 1099 1893 1143 commodi
1924 1112 2051 1154 quem
2111 1109 2158 1117 ‘¹

361 1185 525 1228 dicunt.
567 1207 627 1216 -
690 1197 808 1227 cum
855 1183 1030 1237 digno
1077 1181 1262 1223 fuisse
1309 1181 1478 1224 ferar.
1545 1183 1680 1225 Usum
1724 1183 1967 1226 absolutum
2012 1197 2053 1226 v.
2124 1167 2158 1203 .‘·

361 1269 525 1327 dignus
566 1268 752 1311 illustrat
792 1267 973 1310 BssN'rn.
1016 1265 1072 1308 ad
1114 1265 1270 1309 Horat.
1302 1267 1398 1308 Sat·
1426 1266 1483 1320 ΙΙ,
1518 1269 1558 1320 1,
1589 1270 1664 1308 85.
1741 1264 1918 1309 Phrasis
1949 1277 2052 1308 vero

361 1365 455 1394 esse
491 1365 589 1392 cum
619 1356 742 1403 nota,
786 1355 835 1391 ut
869 1350 1005 1392 Ovm.
1039 1349 1133 1391 Art.
1163 1348 1260 1389 Am·
1289 1347 1370 1399 111,
1401 1351 1513 1390 664:
1561 1347 1686 1389 crede
1718 1346 1853 1394 mihi,
1893 1360 2058 1388 mecum
2120 1376 2124 1383 .

363 1450 450 1477 ηοη
477 1433 610 1476 semel
637 1432 719 1474 illa
735 1431 857 1491 suit.
915 1433 1049 1476 Plura
1077 1429 1203 1472 affert
1227 1430 1599 1475 Bnoucxuusms.
1659 1429 1785 1474 Adde
1806 1430 2060 1474 Wsss'rnnn.
2112 1415 2117 1418 ⁵

366 1516 421 1559 ad
452 1517 631 1560 Terent.
665 1516 795 1559 Andr.
831 1516 867 1569 1,
901 1518 942 1569 1,
972 1518 1046 1558 58.
1089 1519 1144 1568 et,
1175 1515 1427 1559 Bonum-N.
1470 1515 1526 1557 ad
1567 1514 1739 1559 Anthol.
1770 1514 1868 1559 Lat.
1899 1514 1954 1568 V,
1984 1528 2056 1570 ep.

364 1599 485 1652 XIV,
519 1613 560 1654 p.
591 1600 694 1641 491.
756 1597 910 1640 Monet
944 1597 1131 1641 Vossms
1177 1598 1416 1653 turpiorem
1458 1599 1814 1652 significationem
1856 1599 2062 1642 locutioni
2118 1623 2119 1626 =

366 1695 445 1738 per
473 1694 520 1724 se
550 1694 634 1723 non
667 1681 833 1733 inesse,
864 1679 942 1723 sed
970 1693 995 1722 e
1023 1693 1138 1722 nexu
1163 1681 1392 1735 orationis,
1425 1682 1497 1723 ubi
1528 1683 1791 1739 reperiatur,
1822 1685 1967 1739 nasci,
1996 1683 2062 1726 af·
2119 1703 2122 1706 ·

365 1765 509 1809 ferens
541 1777 581 1808 V.
616 1778 654 1807 c.
687 1764 902 1806 TERENT.
939 1762 1098 1806 Heaut.
1130 1764 1165 1818 I,
1195 1767 1239 1818 2,
1269 1768 1349 1808 11:
1398 1767 1544 1822 Quam
1573 1765 1727 1808 vellem
1758 1766 2062 1807 Menedemum

367 1847 613 1890 invitatum
655 1853 709 1887 ut
749 1844 973 1888 nobiscum
1014 1853 1131 1888 esset
1170 1846 1298 1889 hodie
1344 1847 1551 1904 amplius.
1599 1849 1746 1894 Coun.
1777 1849 1892 1893 NEP.
1923 1849 2062 1893 Aleib.
2116 1864 2117 1867 ’

369 1932 428 1986 X,
456 1937 510 1975 5:
541 1933 660 1974 Erat
691 1946 789 1972 cum
818 1946 868 1973 eo
900 1930 1082 1989 quidam
1107 1945 1161 1972 ex
1190 1932 1398 1975 Arcadia
1427 1933 1597 1990 hospes,
1628 1935 1712 1977 alia
1741 1935 1907 1978 similia.
1968 1935 2063 1991 Op·
2128 1983 2129 1987 ,

369 2027 506 2069 ponas
536 2019 678 2057 tamen
706 2014 766 2056 ibi
797 2015 852 2056 de
881 2015 1050 2058 feminis
1080 2017 1253 2060 omnino
1282 2030 1367 2060 non
1398 2019 1498 2072 agi,
1531 2023 1576 2061 et
1605 2020 1817 2063 VAnnoN.
1849 2019 1904 2062 de
1936 2019 2063 2074 Ling.
2127 2037 2133 2047 ·

369 2096 470 2139 Lat.
505 2095 580 2149 VI,
614 2099 701 2138 80:
750 2097 794 2139 V
789 2094 951 2137 iolavit
982 2095 1196 2153 virginem
1217 2112 1305 2153 pro
1333 2097 1519 2141 vitiavit
1549 2097 1784 2150 dicebant5
1824 2114 1963 2159 aeque
1989 2115 2068 2143 ea-

373 2177 468 2219 dem
498 2177 715 2220 modestia
751 2177 907 2234 potius
939 2192 1038 2219 cum
1070 2176 1250 2220 muliere
1283 2178 1438 2237 fuisse
1469 2195 1605 2238 quam
1636 2179 1919 2225 concubuisse
1949 2181 2069 2224 dice-

374 2260 510 2314 bant,
551 2266 596 2304 et
633 2262 768 2316 ipsius
808 2261 1030 2316 Sulpiciae
1069 2262 1200 2304 verba
1236 2277 1444 2318 peccasse
1473 2276 1522 2306 se
1555 2263 1750 2307 dicentis.
1812 2266 1937 2311 Quae
1967 2278 2066 2309 cum

372 2343 433 2386 ita
474 2343 585 2396 siut,
631 2343 733 2397 quid
779 2343 1007 2387 dicemus?
1068 2346 1259 2402 Sulpicia
1299 2351 1479 2403 experta
1513 2327 1660 2390 furtim
1700 2348 1848 2391 oscula
1889 2353 1932 2392 et
1973 2363 2068 2392 nm-

372 2428 527 2483 plexus
570 2425 766 2469 Cerinthi
809 2441 893 2470 non
934 2427 1066 2472 habet
1110 2434 1237 2487 turpe
1279 2431 1395 2486 quod
1438 2444 1564 2487 passa
1607 2437 1723 2485 erat,
1771 2435 1924 2487 utpote
1967 2420 2066 2488 puri

375 2512 569 2565 castique
597 2512 754 2554 amoris
785 2512 867 2555 sibi
897 2514 1094 2568 conscia,
1143 2517 1393 2571 ceteroquin
1435 2529 1591 2571 magna
1631 2517 1675 2558 in
1718 2516 1879 2559 affectu
1920 2529 2069 2560 secum

374 2593 557 2647 loquens
598 2592 780 2636 necdum
822 2594 878 2636 ad
919 2595 1180 2640 sedatiorem
1220 2602 1379 2645 statum
1421 2598 1550 2640 animi
1589 2611 1775 2642 reversa.
1836 2599 1901 2642 Ac
1938 2595 2070 2655 poeta

378 2673 553 2716 exhibet
582 2675 790 2732 virginem
821 2677 967 2733 magni
998 2678 1141 2732 animi,
1182 2679 1300 2734 puris
1328 2679 1538 2733 sensibus,
1569 2683 1615 2723 at
1643 2679 1688 2723 in
1717 2692 1885 2724 summo
1915 2679 2070 2725 ardore

377 2756 571 2812 puellari.
