2158 3750
656 223 839 279 LIBR.
877 224 969 276 III.
1040 223 1245 281 ELEG.
1279 225 1347 277 V.
1746 234 1850 284 365

147 370 352 416 amatoris
381 372 468 417 iam
497 375 589 416 tum
620 372 761 416 minus
794 372 986 421 nefarius
1016 373 1156 428 visus,
1198 378 1250 417 ut
1277 371 1472 418 videmus
1501 372 1603 418 Tib.
1630 373 1669 429 Ι,
1695 378 1739 430 6,
1768 378 1841 420 23.

145 455 277 500 Quod
308 459 467 499 annoto
499 458 681 511 propter
709 456 849 499 virum
872 454 1050 500 doctum
1080 456 1305 510 Ossnssxss,
1334 457 1409 512 qui
1440 457 1485 502 in
1514 458 1845 514 Programmate

143 534 407 581 scholastico
451 538 791 592 Aquisgranensi
830 552 929 582 ann.
961 542 1095 584 1832.
1139 540 1269 584 etiam
1308 553 1367 583 ex
1407 539 1499 585 boc·
1529 541 1629 587 loco
1657 542 1846 599 probare

144 621 238 661 vult
283 619 556 674 Lygdamum
602 620 782 664 Tibullo
829 620 964 663 fuisse
1009 621 1202 676 priorem
1247 627 1421 667 aetate=
1484 637 1586 669 nam
1634 625 1844 670 detestari

143 702 419 758 Lygdamum
461 704 579 758 quod
620 709 774 760 postea
804 704 1014 747 Tibullus
1057 705 1219 748 audere
1262 719 1348 750 non
1388 706 1572 754 dubitet.
1640 709 1701 752 At
1730 709 1846 753 enim

140 798 225 829 non
258 785 314 829 de
346 786 498 830 eadem
532 800 580 831 re
618 789 868 843 loquuntur.
899 786 980 819 -“
1004 789 1160 849 Ulli
1202 791 1533 834 temeranda
1575 781 1863 848 virorum,

140 867 182 911 h.
210 881 251 911 e.
285 869 508 923 violanda,
537 869 661 924 quod
687 869 851 912 faciunt
879 868 1092 912 adeuntes
1127 874 1205 912 aut
1235 871 1366 914 etiam
1398 873 1665 928 evulgantes.
1726 874 1843 921 Nam

137 957 354 995 temerare
383 957 452 995 est
493 952 669 995 omnino
700 951 867 995 violare·
893 957 942 995 et
969 951 1263 996 contaminare
1291 966 1443 1008 sacra,
1488 944 1538 998 ut
1568 956 1748 1001 Fsss'rus
1776 959 1842 1002 ait

137 1039 182 1078 et
210 1035 479 1079 Eunomus
510 1038 661 1078 eontra
688 1035 1060 1083 Bmuexnusnm
1100 1041 1273 1092 monet,
1311 1042 1573 1083 statuentem
1614 1053 1853 1097 perperam,

133 1117 399 1174 irrumpendi
437 1119 658 1163 notionem
696 1118 838 1173 vedio
871 1131 955 1177 per
999 1133 1049 1164 se
1086 1120 1244 1165 inesse.
1317 1123 1571 1166 Generatim
1611 1124 1845 1181 signifieat,

133 1201 282 1246 videre
315 1207 391 1245 ant
419 1203 565 1246 facere
602 1202 723 1258 quod
751 1202 889 1247 nefas.
947 1203 1010 1247 At
1037 1202 1236 1246 virorum
1265 1203 1382 1248 idem
1413 1205 1681 1249 Huscmuus
1717 1213 1847 1263 post-

134 1285 266 1329 habet
306 1286 486 1329 Italicae
529 1285 707 1333 leetioni
734 1284 941 1342 piorum,
985 1283 1029 1329 h.
1059 1298 1102 1329 e.
1138 1286 1432 1340 initiatorum3
1458 1300 1580 1335 mam
1622 1289 1847 1344 vulgatam

135 1367 316 1411 deorum
356 1372 604 1424 corruptam
648 1381 757 1414 &e-
788 1373 924 1424 patet.
996 1368 1090 1412 Sed
1120 1369 1177 1413 de
1207 1369 1343 1412 saeris
1373 1370 1546 1414 Cereris
1575 1376 1622 1415 et
1651 1372 1844 1417 Liberae

133 1451 233 1505 agi,
260 1450 317 1494 de
346 1449 897 1505 quibua„cxessn.fVe1-rin.
929 1450 986 1503 V,
1016 1453 1108 1503 72„
1135 1451 1277 1506 iisqne
1309 1452 1522 1496 initiatum
1553 1458 1728 1509 poetam
1758 1457 1846 1499 mi-

132 1533 247 1576 nime
276 1532 524 1588 probabile,
567 1544 711 1587 neque
745 1529 862 1586 baec
900 1532 1153 1589 simpliciter
1189 1547 1316 1578 saera
1347 1535 1585 1579 laudandae
1615 1536 1724 1580 deae
1754 1538 1845 1582 diei

131 1621 381 1674 potuerunt.
408 1637 470 1648 —-
498 1615 566 1672 ',V.
599 1619 628 1659 9
658 1628 723 1671 sq.
765 1616 1094 1661 mortiferis
1123 1618 1344 1673 suecis,
1386 1619 1592 1673 venenis,
1623 1624 1674 1663 ut
1705 1625 1844 1676 patet.

129 1703 271 1746 Porro
313 1701 520 1746 infecit
559 1702 793 1759 pocula,
841 1706 893 1745 ut
930 1703 1072 1747 Vnm.
1114 1704 1284 1759 Georg.
1325 1702 1385 1758 H,
1428 1706 1540 1747 1282
1588 1703 1758 1760 pocula
1799 1703 1844 1747 si

129 1785 310 1844 quando
352 1798 521 1828 saevae
559 1785 755 1845 infecere
801 1799 1045 1831 novenam,
1074 1808 1136 1820 —
1191 1787 1372 1841 Pergit:
1426 1799 1531 1831 nec
1575 1787 1845 1842 cuiquam-

128 1881 347 1912 venena
387 1868 562 1912 dedit.
632 1867 769 1913 Vides
798 1868 937 1924 igitur
967 1868 1076 1913 duas
1106 1881 1177 1913 res
1208 1868 1442 1923 distingui3
1483 1881 1583 1912 nam
1613 1869 1682 1912 vel
1713 1866 1843 1925 parat

128 1957 174 1996 et
203 1952 390 1996 infundit
416 1953 571 2008 aliquis
600 1953 713 1996 elam
741 1965 908 1998 venena
940 1954 1116 2009 poculo,
1158 1953 1278 2008 quod
1306 1954 1418 1996 alter
1451 1957 1607 2006 sumet,
1636 1958 1713 1996 aut
1742 1955 1841 2009 ipse

127 2034 203 2077 dat
248 2034 453 2091 poculum
504 2039 551 2077 et
597 2034 729 2077 offert
777 2033 1024 2077 bibendum.
1087 2034 1391 2090 »comparavit
1431 2036 1840 2086 Wunmsnmcnms

126 2118 298 2163 Moschi
325 2118 451 2173 Idyll.
481 2118 562 2172 III,
597 2121 710 2163 118:
755 2121 836 2166 τίς·
857 2119 908 2161 δὲ
929 2111 1108 2176 ’βροτδς
1146 2118 1385 2160 τοσσοῦτον
1427 2113 1664 2175 οἷνὰμερος,
1707 2113 1735 2175 ἢ
1766 2134 1840 2160 κε-

127 2199 260 2262 ράσαι
286 2220 381 2254 τοι,
409 2197 486 2246 ”H
508 2204 664 2246 δοῦναι
701 2204 900 2246 alal-zm»
924 2199 977 2245 τό
1009 2197 1261 2259 φάρμακον,
1303 2201 1482 2257 ἔκφυγεν
1513 2199 1658 2260 aideb,-
1704 2203 1842 2247 Addit

124 2289 394 2332 Huscnnus
422 2289 567 2333 Cicer.
597 2288 788 2344 Philipp.
818 2288 900 2342 XI,
930 2292 974 2331 6.
1005 2287 1061 2330 de
1089 2287 1283 2331 Domitio
1317 2288 1489 2343 Apulo:
1537 2289 1610 2331 At
1640 2287 1715 2329 hic
1745 2302 1839 2330 nu-

117 2389 203 2431 per
241 2373 406 2416 sororis
437 2372 546 2429 filio
588 2371 768 2431 infudit
809 2384 1051 2424 venenum,
1099 2385 1190 2412 non
1222 2369 1359 2414 dedit.
1389 2393 1451 2403 —-
1494 2371 1695 2426 Denique
1735 2383 1840 2415 cum

125 2457 422 2500 Lacmumm
451 2459 583 2499 teneo
610 2455 779 2508 trita,
821 2453 926 2512 licet
963 2456 1097 2510 vulgo
1139 2461 1263 2496 tetra
1304 2467 1475 2496 venena
1505 2454 1729 2508 dicantur,
1777 2454 1836 2498 cf.

123 2539 492 2582 Baoucmmmm
541 2538 600 2583 ad
637 2534 942 2595 Properat-n,
985 2541 1059 2592 17,
1105 2540 1193 2582 14.·
1266 2537 1504 2594 comparat
1545 2538 1836 2597 Huscnxmp,

124 2623 206 2665 etsi
243 2634 328 2664 non
360 2621 551 2677 probam
578 2618 721 2668 trita,
757 2619 1150 2668 ssssmnunacnu
1180 2621 1502 2664 annotationem
1532 2620 1588 2664 ad
1618 2623 1834 2667 Phemon-

122 2705 346 2749 Phaedon.
389 2719 434 2761 p.
462 2708 570 2750 327.
608 2705 686 2748 ubi
727 2704 939 2761 'deinceps
981 2703 1090 2748 haec
1129 2706 1334 2760 leguntur
1365 2720 1408 2762 p.
1441 2709 1526 2749 96:
1572 2707 1647 2746 καὶ
1678 2699 1703 2747 ὅ
1727 2714 1842 2753 παῖς

120 2784 306 2835 ἐξελθών
333 2791 410 2830 καὶ
436 2783 775 2847 συνὲν-’χρόνον
804 2789 1046 2846 διατρίψας
1084 2774 1185 2846 ἧκεν
1225 2785 1341 2843 ἄγων
1379 2784 1458 2830 τόν
1498 2789 1712 2839 μέλλοντα
1741 2785 1834 2832 δώ-

121 2887 208 2914 σειν
247 2867 300 2913 ‘tei
331 2867 680 2929 astyanacta-lh
719 2867 862 2915 κύλικι
902 2876 1089 2930 φέροντα
1129 2874 1424 2930 τετριμμένον.
1494 2872 1667 2915 Tuetur
1716 2870 1835 2917 idem

121 2957 444 3000 LAcmumws
469 2956 777 3013 Properti-ll,
815 2960 888 3011 17,
924 2961 993 3001 14.
1026 2958 1054 3000 Ι.
1087 2957 1160 3001 cit.
1241 2958 1329 3003 Qui
1373 2957 1555 3000 alteram
1601 2957 1834 3000 lectionem

122 3045 248 3081 certa
276 3034 468 3094 tuentur,
483 3038 724 3083 >conferant
752 3041 883 3084 talia:
914 3040 1051 3095 hasta,
1081 3042 1244 3096 sagitta
1275 3046 1409 3084 certa.
1442 3063 1499 3072 —
1554 3041 1609 3084 V,
1644 3044 1698 3083 11
1732 3054 1831 3095 sqq.

121 3123 417 3178 sacrilegi.
478 3121 563 3166 Est
591 3123 725 3168 latine
752 3124 1030 3180 actilegium
1072 3125 1248 3168 omnino
1279 3124 1352 3178 id,
1395 3137 1483 3179 quo
1514 3137 1636 3167 sacra
1666 3124 1834 3167 violan-

123 3209 220 3257 tur,
267 3210 318 3248 nt
360 3206 490 3249 etiem
533 3204 676 3249 lexica
718 3204 905 3259 docent,
953 3209 1002 3249 et
1026 3207 1281 3261 sacrilegus
1324 3208 1569 3261 quicunque
1611 3218 1837 3248 sacrorum-

124 3287 324 3330 violator.
392 3286 666 3341 Exquisitior
707 3285 896 3341 quidem·
923 3286 1063 3330 altera
1103 3287 1234 3333 lectio
1276 3286 1546 3345 sacrilegos,
1594 3286 1649 3330 cf.
1691 3287 1827 3329 Ovm.

126 3369 233 3414 Met.
266 3368 385 3422 xlv,
414 3373 531 3415 5392
562 3369 708 3414 Irrita
735 3367 961 3429 sacrilega
988 3368 1137 3414 iactae
1169 3368 1375 3415 incendia
1406 3368 1596 3417 dextra,
1627 3372 1672 3411 et
1699 3378 1827 3420 quem
