2158 3750
350 284 453 332 462
746 277 1210 332 COMMENTAR.
1247 279 1322 331 IN
1361 279 1647 331 TIBULLI

349 423 531 467 Homeri
566 421 832 464 notlssimum
873 422 1014 463 locum
1055 426 1098 463 et
1126 421 1234 463 alios
1277 421 1536 466 laudantem.
1605 422 1768 466 Tibulli
1797 424 1927 467 verba
1956 426 2036 468 im-

350 507 499 562 primis
530 505 674 558 gravia
715 509 826 546 suut.
887 505 952 547 Ae
992 505 1287 548 recordaberis
1329 519 1439 560 quae
1480 519 1608 562 supra
1646 508 1690 549 in
1727 507 2037 551 Dissertatione

349 590 403 633 de
431 590 560 632 Poesi
584 589 744 631 Tibulli
776 603 870 644 cap.
895 589 928 631 I.
962 588 1016 631 de
1048 591 1267 644 praeclaro
1299 589 1379 632 hoc
1411 591 1507 632 loco
1540 590 1644 632 dixi.
1705 590 1772 632 De
1795 590 2036 646 anaphorae

349 675 390 717 vi
422 674 580 716 ibidem
610 687 703 729 cap.
735 673 813 717 III.
847 673 1021 717 dictum.
1050 697 1109 704 —-
1141 674 1194 717 V.
1229 677 1284 717 14
1318 688 1410 728 sqq.
1444 674 1804 728 deficietque
1835 675 2038 727 Venus,

349 757 635 811 deficientque
666 762 779 798 artes
811 756 1017 809 Veneris,
1063 769 1174 810 quae
1206 769 1275 798 me
1307 769 1332 797 a
1363 762 1406 798 te
1445 756 1499 798 ad
1529 758 1652 798 aliam
1684 758 1867 812 puellam
1899 756 2036 798 abdu-

349 855 449 884 cere
479 841 735 884 studuerint.
761 864 821 873 —
863 841 1098 884 Iunonis
1131 846 1286 895 tuae,
1319 841 1374 885 cf.
1405 842 1550 897 paullo
1581 845 1680 883 ante
1711 855 1842 883 carm.
1872 841 1948 883 VI.
1982 863 2039 874 —-

347 924 627 966 Lectionem:
679 923 832 966 Haec
864 923 972 966 tibi
1015 928 1215 966 sancta
1250 947 1307 954 —
1339 924 1560 967 numina
1591 925 1718 967 iuro
1748 936 1813 979 pr.
1849 937 1927 979 per
1957 936 2042 965 nu-

346 1007 486 1060 mina,
527 1005 723 1048 defendit
752 1011 796 1047 et
827 1007 1010 1047 illustrat
1043 1006 1428 1058 Bnormxmmms,
1474 1019 1600 1060 quem
1631 1007 1825 1061 sequitur
1857 1005 2041 1048 Huscn-

345 1101 466 1131 Kms.
526 1089 603 1132 Sic
633 1088 772 1131 VIRG.
805 1088 912 1130 Aen.
943 1087 1044 1140 XII,
1080 1091 1190 1130 197:
1240 1089 1369 1128 Haec
1411 1088 1584 1133 eadem,
1632 1088 1813 1134 Aenea,
1859 1095 2041 1134 terram,

344 1186 492 1219 mare,
535 1170 684 1214 sidera
712 1171 811 1213 iuro
841 1185 934 1226 sqq.
977 1171 1050 1213 ubi
1082 1172 1137 1216 cf.
1169 1173 1408 1215 Semnum:
1458 1178 1504 1212 et
1549 1171 1750 1213 ornatior
1788 1169 1954 1212 locutio
1992 1178 2039 1211 et

345 1252 499 1296 crebra
536 1253 662 1310 apud
690 1253 899 1301 maiores,
945 1269 1079 1312 quam
1119 1252 1159 1295 si
1200 1254 1309 1296 velis
1351 1254 1513 1296 addere
1550 1253 1945 1310 praepositionem,
1988 1260 2043 1296 ut
2125 1292 2141 1311 ,ἃ

346 1337 498 1379 dicas.-
539 1337 640 1379 iuro
678 1352 758 1393 per
801 1336 970 1383 maria,
1014 1351 1097 1392 per
1138 1343 1298 1379 terras.
1373 1337 1485 1380 Vide
1529 1336 1658 1379 etiam
1689 1337 1798 1379 Aen.
1829 1335 1905 1387 VI,
1935 1338 2038 1380 324.

344 1423 450 1464 351.
481 1420 618 1464 Ovm.
638 1419 747 1463 Met.
768 1419 830 1472 ΙΙ,
848 1422 948 1462 101.
979 1420 1224 1462 ΒΒΑΚΕΝΒ.
1251 1419 1306 1462 ad
1335 1419 1412 1461 Sil.
1438 1417 1493 1462 It.
1525 1419 1643 1472 VIII,
1673 1422 1773 1462 105.
1793 1442 1854 1451 —
1882 1419 2039 1464 Quae

343 1502 470 1544 sola
511 1505 644 1544 ante
686 1501 835 1543 alios
876 1505 959 1544 etc.
1021 1500 1217 1543 Natalem
1258 1500 1466 1544 Iunonem
1509 1502 1678 1557 puellae
1719 1514 1823 1545 suae
1864 1501 1948 1544 sibi
1977 1501 2039 1544 ait
2115 1546 2118 1555 ,

343 1587 534 1628 omnium
562 1585 740 1628 deorum
772 1598 867 1628 esse
893 1584 1137 1628 maximam.

461 1669 518 1713 V.
561 1668 728 1712 17-ad
759 1670 900 1711 finem.
975 1668 1203 1711 Exitus.
1288 1668 1391 1711 Vel
1443 1667 1580 1711 dura
1633 1669 1688 1712 iu
1748 1669 2038 1712 servitute

342 1751 669 1807 profitetur
713 1764 773 1795 se
818 1753 971 1795 velle
1015 1751 1350 1808 perdurare.

460 1836 517 1879 V.
551 1838 607 1879 17
637 1848 733 1890 sqq.
775 1849 893 1878 mea
924 1837 1170 1892 pignora
1201 1836 1366 1890 cedo,
1409 1835 1617 1891 siquidem
1645 1837 1815 1892 puellae
1843 1835 2041 1878 tImorem

339 1923 581 1966 iuramento
611 1920 778 1975 adimo,
811 1922 882 1976 qui
914 1923 1033 1964 solus
1062 1935 1157 1964 eam
1187 1925 1359 1976 poterat
1389 1921 1430 1963 in
1463 1920 1606 1963 officio
1635 1920 1869 1964 continere.
1931 1918 2039 1961 Erat

340 2006 470 2048 timor
515 2018 571 2048 ne
615 2005 754 2048 abiret
794 2004 1024 2059 aliquando
1067 2005 1295 2057 Tibullus,
1349 2003 1507 2058 pignus
1548 2002 1649 2045 fidei
1693 2007 1738 2045 et
1778 2003 1947 2044 amoris.
1977 2025 2037 2033 —

341 2087 498 2132 Nunc
529 2093 587 2131 tu
617 2088 796 2131 fortis
827 2089 967 2140 eris,
998 2087 1149 2141 ferox,
1180 2087 1397 2142 superba,
1429 2088 1583 2129 timore
1613 2086 1800 2129 ademto.
1834 2108 1894 2118 -
1923 2085 2037 2128 Iam

339 2169 545 2214 faciam
591 2169 966 2225 quodcunque
1015 2170 1191 2212 voles.
1268 2169 1492 2212 Patienter
1533 2180 1580 2211 se
1628 2169 1801 2212 subiicit
1843 2169 2038 2212 necessi-

338 2255 432 2296 tati.
464 2277 524 2286 —
568 2259 766 2307 notae,
811 2254 933 2296 cuius
966 2254 1141 2295 servitio
1177 2253 1309 2295 semel
1350 2257 1547 2294 assuetus
1577 2264 1687 2296 sum.
1731 2251 1972 2297 Pnopssnw.
2002 2251 2038 2304 Ι,

338 2338 381 2388 4,
416 2338 468 2378 4:
518 2342 700 2377 assueto
742 2333 890 2376 vivere
933 2333 1130 2376 servitio.
1167 2357 1224 2365 —·
1276 2334 1330 2378 V.
1363 2336 1436 2377 23.
1479 2336 1551 2376 24.
1613 2334 1853 2390 Superqus
1893 2340 2037 2378 tamen

337 2416 509 2460 habitus
537 2417 776 2473 implorabo
807 2419 1051 2468 Venerem,
1096 2421 1145 2459 ut
1176 2418 1287 2459 servi
1319 2417 1430 2458 male
1463 2414 1595 2459 habiti
1626 2430 1652 2459 a
1682 2416 1863 2461 dominis
1894 2417 2039 2472 fugie-

338 2498 444 2542 bant
485 2499 540 2542 ad
584 2512 682 2542 aras
725 2500 916 2543 deorum.
978 2501 1071 2543 Res
1113 2506 1228 2544 uota.
1290 2500 1457 2545 Eume.
1496 2502 1648 2557 Suppl.
1681 2505 1793 2544 267:
1842 2501 1924 2554 ἔχει
1953 2495 2037 2557 γάρ

338 2580 592 2640 καταφυγήν
621 2579 713 2640 θήρ
745 2585 820 2633 μὲν
851 2586 1036 2640 πέτραν,
1069 2583 1234 2632 Δοῦλος
1266 2586 1314 2626 δὲ
1343 2580 1515 2637 βωμούς
1546 2588 1675 2630 θεῶν.
1714 2584 1816 2628 LIV.
1847 2583 2034 2638 XXVII,

338 2670 421 2709 17:
466 2665 548 2708 Ad
577 2666 678 2708 deos
709 2682 880 2725 quoque
909 2669 1151 2727 confugere
1182 2668 1416 2725 supplices,
1448 2667 1526 2726 qui
1556 2675 1778 2726 nequeant
1809 2667 2034 2710 hominum

337 2748 428 2790 vim
457 2756 596 2807 atque
624 2749 817 2792 iniurias
845 2749 959 2806 pati.
1021 2750 1131 2794 Vide
1156 2751 1290 2793 multa
1314 2749 1428 2805 apud
1455 2751 1763 2793 Vunmtm.—
1793 2751 1986 2793 vinctu
2000 2763 2036 2803 s,
2118 2807 2119 2810 Ἰ

340 2847 438 2876 cum
470 2835 649 2877 vinculis
678 2837 786 2878 meis
825 2849 859 2878 s,
891 2837 1079 2888 catenis,
1126 2840 1177 2878 ut
1218 2848 1366 2878 servus
1407 2836 1562 2888 miser,
1610 2835 1689 2877 nisi
1724 2833 1840 2889 quod
1870 2835 2037 2877 vincula

338 2919 506 2973 tropice
535 2918 764 2973 intelliges.
800 2942 855 2951 —
902 2924 1086 2972 notat,
1131 2922 1276 2975 punit,
1321 2924 1365 2962 et
1408 2919 1580 2974 quidem
1621 2920 1685 2960 sic
1723 2924 1772 2960 nt
1811 2921 1912 2959 nota
1957 2930 2037 2959 ex-

337 3001 463 3042 sistat
505 3001 548 3043 in
594 3014 790 3055 corpore.
852 3002 1001 3044 Veluti
1044 3001 1245 3043 laudante
1287 3003 1466 3046 Vunmo
1510 2999 1716 3043 Horatius
1748 2998 1828 3051 III,
1857 3001 1933 3050 26,
1963 3000 2034 3039 11.
2120 2991 2126 2999 ’

336 3081 552 3125 Venerem
586 3087 812 3137 precatum
857 3080 1036 3139 Regina
1081 3080 1260 3124 sublimi
1290 3081 1481 3140 flagello
1521 3088 1658 3138 tange
1704 3079 1865 3122 Chloen
1906 3078 2040 3121 semel
2114 3098 2120 3147 ζ’

341 3173 642 3222 arrogantem.
701 3150 864 3209 L‘evem
906 3171 1052 3209 notam
1091 3168 1334 3221 intelliges,
1380 3166 1458 3209 sed
1499 3171 1641 3208 tamen
1685 3170 1829 3235 potam
1858 3166 1899 3207 in
1937 3177 2036 3207 cor-

337 3260 444 3302 pore
476 3247 689 3302 formoso,
738 3261 823 3303 quo
856 3262 1017 3304 genere
1048 3262 1213 3305 poenae
1255 3248 1354 3292 nihil
1387 3249 1556 3293 videtur
1587 3249 1729 3305 aptius
1759 3248 1814 3291 ad
1845 3249 2032 3304 puellam

338 3329 596 3374 terrendam.

905 3433 1472 3459 --—--——-—-—-—-—
