2158 3750
705 266 887 318 LIBR.
922 266 963 317 I.
1036 264 1237 317 ELEG.
1275 266 1340 318 Π.
1814 267 1878 318 49

185 409 309 453 Adde
343 411 554 453 Jacomm
585 407 641 452 ad
669 408 828 452 Lucilii
859 407 1042 451 Aetnam
1086 384 1186 463 pagi.
1221 409 1321 451 162.
1353 428 1413 439 -
1458 409 1548 448 ter
1590 416 1743 458 cane,
1791 408 1876 447 ter

178 492 357 547 despu
372 505 409 535 e.
483 491 679 534 Observa
719 502 943 533 numerum
982 491 1216 532 ternarium
1258 490 1303 532 in
1346 487 1514 543 magia,
1554 491 1602 530 ut
1633 487 1804 530 omnino
1833 488 1876 530 in

176 577 336 630 sacris,
377 577 594 632 religiosis
634 575 764 619 rebus
801 574 1039 629 legitimum
1057 605 1071 627 ‚
1118 587 1215 617 cum
1257 576 1395 631 impar
1423 585 1625 616 numerus
1656 573 1876 629 potentior

176 664 291 702 esset
321 664 366 702 et
396 660 607 703 ternarius
636 659 807 713 quidem
839 658 1026 700 maxime
1057 658 1304 714 perfectus3
1334 659 1471 701 Pmn.
1504 657 1712 711 XXV.111‚
1742 660 1787 700 2.
1828 663 1874 700 et

176 742 304 784 VoSS.
334 740 390 782 ad
415 741 540 795 Virg.
569 740 727 794 Eclog.
758 739 879 794 VIII,
911 755 955 795 p.
980 742 1083 782 426.
1133 720 1364 783 Scmrmzr.
1395 739 1451 782 ad
1479 739 1634 782 Horat.
1664 738 1805 795 Epist.
1837 739 1874 794 I,

175 824 217 867 1,
248 824 320 864 37.
380 821 595 878 Exempla
624 821 710 863 alia
748 820 838 864 vid.
867 821 1058 864 Vmen..
1090 820 1179 864 Cir.
1210 823 1301 862 370
1329 834 1422 876 sqq.
1466 822 1603 865 Ovm.
1635 822 1743 865 Met.
1777 822 1873 876 VII,

173 908 276 948 190.
322 906 533 949 Parnon.
574 918 612 948 c.
645 907 746 948 131.
805 904 966 948 Iisdem
1008 903 1179 946 duobus
1221 905 1386 947 ultimis
1423 894 1703 948 locis'habes
1743 907 1872 949 etiam

171 988 407 1045 despuendi
435 988 478 1031 in
508 989 650 1032 sinum
676 1000 866 1042 morem,
909 987 1008 1032 add.
1038 987 1151 1031 infra
1191 999 1233 1030 v.
1265 990 1339 1030 98.
1411 986 1648 1030 Faciebant
1678 987 1732 1030 ad
1761 989 1874 1032 mala

170 1072 503 1118 averruncanda.
562 1071 676 1117 Vide
713 1077 888 1130 praeter
925 1073 1063 1116 Pam.
1095 1071 1306 1124 XXVIII,
1341 1073 1385 1114 4.
1433 1084 1545 1126 quae
1577 1072 1873 1115 wasa-umn-

171 1167 261 1198 rws
291 1154 347 1197 ad
376 1153 596 1198 Theocrit.
624 1155 702 1209 VI,
732 1158 805 1198 39.
837 1153 985 1198 laudat
1015 1159 1060 1198 et
1091 1154 1448 1198 Bnoucxmssws
1482 1155 1538 1198 ad
1567 1154 1680 1198 hunc
1711 1155 1874 1198 Tibulli

171 1237 326 1280 locum.
387 1236 535 1281 Etiam
560 1238 637 1281 ubi
666 1238 770 1294 quid
800 1239 1074 1294 arrogantius
1105 1239 1267 1282 dictum
1299 1243 1415 1282 esset
1444 1244 1520 1282 aut
1549 1239 1675 1282 nimis
1704 1240 1875 1295 magni-

171 1321 253 1362 fice
303 1321 626 1377 praedicatum,
690 1321 929 1365 Adrasteae
978 1322 1086 1365 iram
1138 1322 1202 1364 sic
1250 1326 1446 1364 avertere
1495 1320 1752 1374 studebant,
1818 1320 1872 1363 cf.

171 1401 369 1447 Lucum.
409 1416 473 1459 pr.
506 1403 700 1447 Merced.
747 1403 887 1447 Cond.
935 1417 974 1447 c.
1006 1407 1050 1448 6.
1094 1402 1198 1458 ibiq.
1244 1405 1416 1447 SoLAN.
1457 1408 1502 1446 et
1542 1403 1698 1458 Navig.
1732 1416 1769 1446 c.
1802 1406 1873 1446 15.

172 1487 241 1529 Ad
273 1487 493 1530 Tibullum
523 1493 574 1530 ut
601 1486 790 1541 redeam,
822 1487 905 1530 hoc
935 1489 1034 1531 loco
1065 1500 1117 1529 ea
1148 1486 1202 1530 de
1234 1500 1364 1530 causa
1396 1489 1584 1543 praecipi
1617 1501 1708 1530 rem
1739 1486 1874 1539 vides,

173 1582 228 1611 ne
255 1570 357 1624 quid
387 1570 499 1613 forte
529 1584 761 1616 occurrens
790 1573 939 1615 turbet
966 1572 1301 1615 incantationem
1332 1576 1377 1614 et
1409 1571 1594 1626 frangat.
1625 1583 1693 1605 —'
1715 1571 1769 1616 V.
1800 1574 1873 1613 58.

174 1655 359 1708 molli,
400 1656 530 1699 etiam
562 1655 630 1700 hic
661 1670 747 1700 uou
779 1658 978 1701 otiosum.
1039 1657 1180 1712 Licet,
1214 1658 1286 1711 ait,
1318 1670 1372 1700 eo
1403 1657 1447 1699 in
1477 1658 1575 1699 loco
1605 1656 1773 1710 viderit,
1802 1657 1877 1710 qui

173 1739 360 1782 maxime
399 1739 552 1782 invitat
590 1740 647 1784 ad
686 1742 947 1798 amplexum.
1009 1740 1216 1784 Ceterum
1258 1740 1313 1783 cf.
1353 1740 1590 1783 PROPERT.
1619 1739 1696 1792 IV,
1728 1742 1773 1792 5,
1806 1741 1876 1780 15.

175 1819 232 1863 de
263 1821 385 1864 lena:
410 1821 559 1877 possit
588 1829 635 1864 et
666 1821 862 1865 intentos
892 1829 1000 1864 astu
1033 1836 1213 1864 caecare
1243 1820 1444 1864 maritos.
1471 1843 1528 1852 -·
1569 1821 1622 1864 V.
1652 1823 1724 1863 60.
1756 1832 1878 1862 sen—

174 1905 286 1946 tiet
328 1905 431 1947 ille
473 1887 635 1948 nihil.
696 1906 772 1949 Sic
804 1905 1034 1960 legendum
1068 1918 1133 1960 pr.
1164 1903 1283 1960 ipse,
1313 1903 1427 1958 quod
1459 1915 1649 1958 pravum.
1713 1902 1879 1944 Obser-

171 1988 292 2030 vabis
334 2002 600 2044 pronomen,
639 1991 682 2033 in
714 2003 844 2047 prosa
885 1991 1081 2033 oratione
1110 2003 1196 2032 nou
1227 1989 1543 2040 necessarium,
1587 1989 1630 2029 in
1660 1988 1783 2042 poesi
1813 1988 1877 2030 sic

171 2075 279 2117 scite
308 2074 407 2118 addi
437 2076 640 2131 solitum,
668 2081 718 2118 ut
746 2088 884 2120 novus
915 2076 1041 2130 vigor
1070 2074 1261 2118 secundo
1291 2074 1486 2116 membro
1517 2072 1722 2125 accedat,
1754 2071 1809 2114 cf.
1839 2071 1876 2124 I,

174 2161 217 2212 4,
245 2161 320 2201 52.
354 2162 429 2204 72.
462 2162 509 2212 5,
538 2162 611 2204 18.
641 2162 686 2212 8,
720 2161 792 2202 48.
825 2161 899 2212 10,
929 2161 1002 2200 60.
1064 2157 1177 2201 Vide
1209 2161 1435 2212 praeterea
1465 2155 1519 2197 ad
1555 2158 1596 2208 1,
1626 2158 1699 2197 37.
1731 2165 1875 2209 supra.

291 2242 345 2283 V.
378 2244 563 2284 61-88.
637 2240 887 2284 MedIum
934 2253 1171 2282 carmen.
1246 2239 1452 2281 Tertia
1502 2249 1634 2293 pars
1678 2249 1878 2279 rerum.

174 2323 333 2366 Dicit
366 2324 513 2366 enim
539 2334 687 2366 nnnc
718 2323 784 2367 de
813 2323 1028 2366 amoris
1059 2323 1147 2365 sui
1189 2321 1529 2366 constantia
1571 2325 1627 2362 et
1667 2321 1878 2375 magni-

176 2398 392 2450 tudine.

303 2491 355 2534 V.
389 2494 463 2535 61.
525 2490 675 2538 Quid
705 2489 970 2534 credam?
1031 2489 1227 2545 Egregio
1256 2489 1440 2532 transitu
1469 2487 1619 2531 utitur.
1681 2484 1762 2528 Est
1782 2484 1880 2527 ‘sor-

177 2573 294 2615 mula
327 2573 562 2616 nuntiantis
591 2573 830 2616 mirabilem
860 2586 967 2627 rem,
999 2573 1053 2616 de
1082 2587 1167 2628 qua
1195 2574 1361 2616 nescias
1389 2571 1492 2626 quid
1524 2574 1703 2623 statuas,
1732 2569 1882 2611 fierine

176 2656 366 2710 potuerit
395 2667 544 2699 necne.
606 2656 801 2710 Vulgare
828 2661 946 2699 erat:
979 2655 1099 2713 Quin
1124 2655 1275 2702 etiam,
1311 2661 1355 2698 et
1387 2654 1499 2713 quid
1522 2653 1653 2712 quod.
1713 2652 1883 2706 Exqui-

174 2740 323 2782 sitiora
355 2743 399 2782 et
429 2740 570 2794 magis
599 2740 771 2796 poetica
802 2738 934 2782 haecz
976 2739 1103 2781 Mira
1137 2737 1318 2796 loquor,
1367 2737 1486 2780 Vera
1515 2733 1732 2794 loquor?‚
1772 2732 1884 2775 Fal-

176 2819 280 2863 lor?
323 2821 503 2876 similia,
543 2823 632 2867 suis
674 2835 872 2878 quaeque
915 2822 1023 2865 locis
1067 2821 1281 2876 eligenda.
1314 2844 1373 2852 —
1419 2833 1629 2877 nempe.
1704 2818 1886 2861 Fallitur

176 2902 508 2947 Hssmnonrms
538 2903 593 2946 ad
616 2903 773 2947 Horat.
801 2906 894 2948 Sat.
925 2905 961 2958 I,
985 2908 1058 2959 10,
1083 2909 1127 2948 9.
1159 2905 1424 2948 contendens
1453 2904 1614 2958 ubique
1644 2901 1754 2945 hanc
1783 2916 1885 2958 par-

181 2987 355 3030 ticulam
387 2999 486 3030 esse
516 2999 613 3030 cum
644 2987 982 3043 interrogatione
1024 2971 1207 3043 quadam
1252 2988 1530 3039 affirmantis,
1578 2991 1627 3028 ut
1667 2990 1883 3028 nostrum:

182 3069 293 3114 doch
311 3069 456 3113 wohl!
489 3071 563 3115 ubi
587 3072 681 3128 ipse
707 3071 838 3115 creda
860 3076 927 3116 set
951 3073 1136 3116 alterum
1162 3086 1334 3128 quoque
1362 3084 1667 3115 concessurum
1694 3082 1884 3114 censeaS.

182 3156 271 3201 Sed
301 3154 384 3200 hoc
409 3156 744 3201 vides'aliennm
776 3170 873 3202 esse
904 3171 930 3201 a
961 3160 1186 3215 proposito
1212 3160 1325 3202 loco.
1385 3158 1525 3201 Immo
1557 3170 1628 3200 res
1658 3156 1765 3200 haec
1797 3161 1885 3200 est:

179 3238 388 3282 Refertur
430 3252 580 3295 nempe
621 3239 784 3295 ubique
827 3239 883 3283 ad
929 3241 1190 3285 antecedens
1231 3241 1335 3296 quid
1376 3242 1468 3284 sive
1501 3253 1752 3297 expressum
1796 3241 1888 3283 sive

181 3320 444 3375 cogitatione
474 3322 776 3379 supplendum,
807 3328 855 3366 ut
888 3336 984 3367 cum
1016 3338 1087 3381 ap.
1118 3326 1332 3368 Pnnsum
1364 3325 1458 3367 Sat.
1483 3324 1562 3367 111.
1594 3328 1638 3366 et
1668 3323 1775 3365 alias
1805 3323 1892 3364 ini-

184 3403 244 3444 tio
286 3404 487 3458 ponitur,
530 3410 574 3449 et
606 3411 671 3450 est
704 3404 792 3448 fere
828 3405 1107 3461 explicantis,
1154 3406 1444 3451 confirmantis
1476 3409 1550 3447 aut
1579 3403 1887 3456 concludentis,

1404 3491 1436 3538 4
