2086 3756
804 222 1113 275 TIBULLI.
1713 240 1830 273 chx

133 377 294 426 genus
342 360 659 413 schematum
677 399 693 425 ,
750 379 857 430 quo
906 363 1043 414 forte
1083 363 1230 415 istius
1281 362 1640 430 descriptionis
1696 363 1830 414 ratio

134 456 372 508 duxerat.
437 458 693 524 Exempla
739 458 1046 523 ceteroquin
1087 458 1548 525 plura,schematis
1583 458 1638 508 in
1656 482 1658 485 v
1675 456 1832 513 Com-

134 551 390 603 mentario
437 548 556 602 vide
609 548 762 600 etiam
811 565 878 598 ex
927 548 1143 615 ovidio,
1202 551 1295 621 qui
1340 570 1493 621 saepe
1542 552 1834 619 usurpavit.

136 646 309 712 Atque
344 646 472 694 haec
507 640 720 709 quidem
755 640 820 692 de
854 642 964 707 his3
1021 662 1193 713 neque
1233 647 1371 697 enim
1408 646 1529 698 data
1562 663 1721 714 opera
1748 655 1834 698 to-

136 749 247 789 tum
295 740 470 789 locum
515 735 580 787 de
617 737 847 789 venustis
896 719 1171 792 schematis
1209 742 1579 808 repetitionum
1615 752 1835 794 tractare

134 833 287 896 vole,
330 833 424 900 qui
458 833 727 884 Tibullum
744 869 760 898 ,
810 849 921 884 non
958 833 1088 884 alios
1122 844 1300 902 poetas
1335 836 1420 887 hic
1459 838 1731 905 explicem.
1767 863 1838 875 —

135 927 351 977 Praeter
384 926 538 976 allata
570 925 828 994 pathetica
878 928 1140 980 schemata
1188 946 1307 980 cum
1346 931 1498 980 etiam
1535 930 1636 982 alia
1677 932 1840 982 multa

137 1021 276 1090 apud
305 1022 583 1090 scriptores
614 1024 933 1089 habeantur,
973 1021 1059 1076 hic
1094 1023 1309 1094 quidem
1343 1026 1573 1092 primum
1610 1036 1842 1093 praeter-

135 1118 212 1168 ire
247 1134 359 1168 non
399 1115 566 1170 debeo
598 1111 1028 1190 συναθροισμόν
1040 1155 1055 1183 ,
1100 1121 1210 1172 sive
1247 1124 1504 1185 congeriem
1542 1138 1702 1172 rerum
1735 1138 1840 1171 ner-

135 1230 325 1276 vosam,
378 1230 547 1281 aeque
590 1223 765 1282 aptam
812 1212 871 1265 in
918 1214 1282 1280 obiurgatione
1330 1226 1383 1265 et
1426 1217 1642 1284 querela
1689 1225 1843 1284 atque

136 1306 194 1358 in
228 1308 366 1358 laeto
404 1317 754 1374 argumetum*
785 1307 846 1358 in
878 1321 987 1376 qua
1023 1308 1215 1361 eximia
1254 1309 1332 1360 vis
1370 1319 1465 1359 est.
1551 1309 1725 1360 Huius
1758 1327 1847 1376 ge-

139 1403 282 1453 neris
322 1400 462 1469 apud
496 1403 767 1459 Tibullum
803 1411 879 1455 est
920 1404 1218 1469 praeclarus
1260 1403 1407 1454 locus
1440 1403 1495 1461 1,
1533 1410 1583 1467 7,
1620 1405 1686 1455 43
1725 1422 1841 1473 sqq.

140 1494 206 1547 de
243 1493 416 1550 Osiri:
718 1514 721 1515 ⁷
794 1551 796 1553 .
1114 1507 1120 1511 ·
1599 1499 1602 1503 ’

284 1590 407 1642 Non
446 1590 544 1641 tibi
577 1600 702 1641 sunt
727 1591 900 1641 tristes
937 1607 1093 1642 curae
1135 1607 1229 1642 nec
1263 1590 1464 1653 luctus,
1514 1587 1680 1656 Osiri,

278 1708 282 1712 ·
353 1683 460 1738 Sed
496 1686 688 1736 chorus
723 1695 776 1736 et
815 1688 998 1737 cantus
1034 1695 1085 1736 et
1118 1686 1249 1738 levis
1285 1696 1437 1753 aptus
1473 1703 1649 1751 amor,

283 1778 387 1831 Sed
422 1779 556 1834 varii
589 1779 746 1831 flores
782 1788 834 1831 et
868 1780 1017 1830 frons
1049 1778 1290 1831 redimita
1324 1780 1614 1849 corymbis,

360 1875 502 1926 Fusa
535 1872 629 1926 sed
664 1873 732 1925 ad
766 1883 976 1926 teneros
1010 1875 1153 1925 lutea
1187 1876 1327 1942 palla
1361 1873 1550 1942 pedes,

287 1970 354 2021 Et
392 1969 590 2039 Tyriae
618 1980 786 2022 vestes
822 1979 875 2021 et
911 1968 1075 2021 dulcis
1110 1970 1240 2020 tibia
1276 1970 1428 2020 cant'u
1444 2006 1459 2034 ,

360 2065 427 2115 Et
459 2064 591 2117 levis
628 2063 842 2116 occultis
877 2065 1083 2115 conscia
1121 2065 1246 2114 cista
1280 2062 1458 2114 sacris,

150 2156 203 2206 in
243 2174 348 2225 quo
385 2158 545 2210 sentis
586 2169 842 2228 quantum
876 2158 942 2210 sit
976 2158 1254 2210 alacritatis
1291 2167 1344 2208 et
1379 2154 1572 2224 vigoris
1587 2191 1602 2219 ,
1645 2170 1858 2205 succur-

84 2271 87 2273 ·
149 2263 296 2303 rente
332 2253 563 2305 suaviter
594 2253 752 2305 etiam
775 2252 1098 2320 repetitione
1127 2251 1445 2318 anaphorica
1485 2249 1859 2316 particularum

152 2350 237 2398 sed
270 2358 425 2416 atque
461 2357 523 2400 et.
557 2375 630 2386 --
698 2346 837 2399 Vide
871 2363 1036 2414 porro
1073 2345 1205 2397 illud
1241 2347 1409 2397 alacre
1446 2346 1682 2407 schema,
1718 2342 1863 2411 quod

153 2446 391 2492 omissione
441 2443 708 2510 particulae
752 2446 798 2493 si
842 2443 1039 2506 oritur,
1095 2451 1333 2492 notatum
1371 2438 1436 2489 ad
1472 2441 1524 2503 Ι,
1562 2444 1593 2488 6
1614 2476 1629 2503 ,
1668 2441 1755 2488 53.
1789 2464 1861 2474 --

154 2537 428 2587 Postremo
464 2547 728 2599 memoro,
775 2553 844 2586 ne
897 2534 1026 2603 quid
1060 2534 1269 2600 gravius
1310 2534 1568 2595 omittam,
1617 2535 1865 2583 transitum

152 2632 353 2682 subitum
403 2631 468 2681 ab
513 2635 724 2682 oratione
766 2631 957 2698 obliqua
1005 2631 1075 2680 ad
1122 2631 1382 2692 directam,
1438 2620 1553 2682 ἀπὸ
1594 2623 1698 2680 τοῦ
1744 2623 1867 2693 διη-

155 2721 478 2794 γηματικοί]
535 2725 618 2785 εἷς
674 2720 739 2776 τὸ
796 2716 1110 2793 μιμητικὸν
1161 2721 1356 2792 γένος,
1423 2718 1487 2771 de
1542 2737 1654 2788 quo
1711 2719 1867 2785 plura

157 2817 278 2871 vide
322 2816 388 2868 ad
429 2819 481 2880 Ι,
518 2820 549 2868 5
564 2821 708 2881 ,2210
755 2816 939 2883 'Nihil
981 2814 1321 2868 iniucundius
1369 2815 1436 2866 sit
1479 2825 1529 2866 et
1567 2812 1866 2880 languidius

160 2913 216 2962 in
266 2912 413 2979 poesi
464 2913 796 2975 narratione,
855 2929 990 2980 quae
1043 2911 1289 2980 obliquae
1341 2909 1592 2962 orationis
1643 2909 1866 2960 formam

162 3009 382 3073 habeat3
438 3025 601 3075 quare
647 3008 787 3058 ultro
823 3023 882 3058 se
928 3007 1120 3057 obtulit
1161 3009 1291 3059 haec
1336 3006 1558 3056 mutatio
1605 3015 1709 3055 tam
1748 3020 1870 3054 ner-

163 3120 292 3156 vosa
342 3113 392 3154 et
442 3100 651 3163 vivida,
725 3100 879 3151 etiam
936 3119 965 3151 a
1018 3119 1176 3169 prosa
1230 3102 1466 3152 oratione
1520 3116 1629 3150 non
1687 3096 1872 3148 aliena.

163 3198 405 3250 Tibullus
446 3198 669 3264 pulchra
708 3196 948 3264 exempla
987 3197 1161 3248 habet.
1248 3197 1315 3246 Et
1362 3212 1504 3246 nunc
1556 3194 1873 3246 absolvimus

164 3295 265 3345 hoc
305 3302 459 3360 caput
497 3308 694 3343 rerum.

1363 3380 1381 3427 l
