2158 3750
318 287 417 333 186
712 277 1178 332 COMMENTAR.
1217 277 1292 329 IN
1332 276 1613 330 TIBULLI

311 425 347 478 Ι,
380 427 482 468 477.
514 446 573 456 -
620 422 851 466 clausas
895 425 1026 477 post
1068 420 1250 474 fores,
1293 420 1426 463 intus.
1499 421 1690 464 Vossms
1730 420 1916 475 puellam
1956 418 2011 461 ad

312 507 494 550 amantis
523 503 654 547 aedes
685 505 858 557 venire,
899 516 951 546 ac
986 503 1152 547 foribus
1181 503 1385 546 reseratis
1423 503 1653 546 intromitti
1681 501 1736 544 ab
1764 501 2012 558 insperante

311 572 475 631 statuit.
539 587 597 629 At
626 599 753 629 nemo
782 586 966 639 dixerit,
1012 586 1152 641 inquit
1183 586 1616 638 Wmvnssnmcmus,
1655 588 1756 627 ante
1785 583 1903 626 fores
1931 583 2014 626 ad-

311 675 495 713 stantem
524 667 666 710 latere
689 675 796 725 post
816 668 964 726 fores.
1023 668 1145 711 Idem
1174 667 1394 710 Hurmus
1424 667 1616 719 monuit,
1658 666 1732 720 qui
1759 676 1904 708 veram
1935 675 2014 706 ex—

312 751 586 807 plicationem
618 751 704 794 loci
734 750 897 793 dudum
926 747 1203 793 indicaverat.
1234 772 1294 780 —
1338 747 1646 804 adoperta,
1677 735 1821 790 velato
1851 745 2012 801 capite,

311 833 428 888 quod
460 835 570 877 male
599 837 733 889 negat
762 834 1196 885 Wunmssumcmus3
1227 844 1310 874 nec
1339 830 1454 887 apud
1482 831 1722 873 Puerum.
1753 828 1813 879 II,
1839 830 1915 881 21,
1940 830 2014 870 45.

310 917 525 960 adiectum
568 922 637 961 est
677 925 842 975 caput,
883 930 1011 972 quem
1049 917 1194 960 locum
1223 914 1491 958 laudavimus
1520 913 1576 956 ad
1615 913 1651 966 Ι,
1678 915 1723 965 3,
1752 915 1827 955 30.
1886 910 2018 954 Venit

311 999 458 1056 puella
479 999 622 1042 velata
653 1012 679 1042 e
709 988 908 1042 c'ubiculo
937 1003 982 1042 et
1012 997 1284 1054 exspectavit
1314 1001 1549 1040 amatorem
1573 998 1712 1039 latens
1738 995 1867 1037 intus.
1929 992 2017 1035 Ubi

314 1080 474 1125 deinde
513 1082 714 1137 querelas
761 1082 855 1124 eius
898 1080 1088 1133 audivit,
1134 1083 1315 1134 repente
1358 1079 1632 1134 necopinanti
1675 1077 1792 1120 fores
1833 1074 2014 1132 aperuit.

309 1164 448 1206 Posse
480 1163 723 1220 adopertus
753 1175 819 1218 pr.
848 1161 1151 1214 absconditus,
1181 1159 1356 1202 abditus
1386 1159 1498 1213 dici,
1532 1164 1582 1201 ut
1611 1159 2014 1202 Wmcmmmcmus

310 1247 643 1301 interpretatur,
673 1258 759 1288 non
789 1244 936 1288 credo.
958 1263 1018 1277 —-
1049 1243 1183 1292 Tum
1214 1243 1387 1286 miser
1417 1241 1642 1294 interii,
1674 1245 1766 1283 tum
1795 1240 2014 1283 interitum

310 1326 412 1370 mihi
441 1328 535 1384 ipse
567 1329 729 1384 paravi,
759 1333 860 1385 post
890 1329 992 1372 talia
1025 1328 1170 1371 officia
1201 1328 1275 1383 qui
1305 1339 1484 1372 securus
1514 1338 1600 1369 non
1629 1323 1860 1368 credebam
1890 1335 1959 1366 me
1991 1335 2017 1366 a

309 1414 352 1451 te
385 1409 615 1466 deceptum
644 1410 698 1452 iri
727 1423 931 1466 unquam.
963 1433 1024 1441 -
1054 1410 1121 1453 ad
1152 1410 1392 1465 laqueos
1425 1413 1580 1462 tuos,
1615 1407 1670 1451 ad
1701 1407 1875 1450 fraudes
1906 1411 2018 1459 tuas,

308 1494 381 1546 qui
412 1506 482 1536 me
521 1494 584 1536 sic
613 1493 834 1537 induxisti.
898 1495 1070 1536 Graeca
1102 1495 1301 1549 exempla
1334 1494 1626 1535 Gssnnmnus
1657 1493 1895 1545 comparat.
1957 1487 2016 1530 Et

307 1581 512 1619 cautus
561 1577 628 1619 ad
668 1576 791 1620 vides
832 1589 954 1621 esse:
1010 1584 1165 1620 cautus
1205 1575 1438 1628 adversae,
1491 1579 1643 1617 cautus
1684 1572 1740 1615 ad
1781 1571 2013 1615 vitandum.

309 1658 445 1701 Vmc.
464 1658 588 1705 Aen.
618 1658 676 1712 ΙΙ,
706 1660 820 1702 443:
867 1657 931 1699 ad
959 1657 1054 1700 tela
1083 1657 1296 1715 protecti.
1358 1658 1556 1712 Denique
1595 1669 1713 1700 nam
1744 1655 1930 1699 refertur
1960 1654 2016 1697 ad

308 1745 578 1788 stulte.—
608 1745 663 1789 V.
685 1748 743 1788 47
768 1759 865 1800 sqq.
895 1743 1149 1788 attonita
1179 1747 1392 1797 mente,
1423 1747 1653 1798 percussus
1682 1752 1844 1784 amore.
1876 1741 2014 1783 Ovm.

305 1829 397 1870 Art.
429 1829 524 1871 Am.
555 1829 613 1882 ΙΙ,
644 1832 756 1872 295:
802 1827 893 1871 Sed
909 1836 991 1893 ¹te,
1021 1828 1269 1888 cuicunque
1291 1834 1361 1872 est
1392 1826 1653 1871 retinendae
1681 1841 1796 1869 cura
1817 1825 2017 1884 puellae,

306 1904 554 1954 attonitum
587 1911 748 1970 forma
779 1913 871 1972 fac
908 1922 1046 1970 putet
1086 1928 1199 1956 esse·
1222 1927 1325 1960 sua.
1387 1913 1594 1956 Ceterum
1624 1910 1880 1955 interierunt
1908 1907 2015 1951 haec

306 1997 508 2038 carmina.
540 2020 599 2029 —-
639 1997 710 2039 At
739 2010 817 2040 me
856 2010 998 2040 nunc
1030 1997 1215 2053 pudet.
1276 1997 1433 2039 Lectio
1463 2004 1534 2042 et,
1563 1997 1602 2039 si
1636 2008 1764 2048 vera,v
1794 1993 2012 2048 significa*

304 2079 389 2122 bit:
438 2083 580 2135 Atque
610 2081 684 2123 ita.
748 2080 857 2122 Cum
890 2081 1002 2122 enim
1033 2094 1100 2120 me
1126 2080 1318 2135 positum
1347 2083 1450 2121 ante
1484 2092 1604 2119 nunc
1633 2079 1717 2130 sit,
1762 2076 1878 2132 quod
1909 2089 2014 2132 pro—-

306 2174 463 2204 nomen
506 2160 574 2203 bic
614 2174 698 2204 non
742 2166 808 2204 est
846 2160 1162 2216 emphaticum,
1203 2164 1325 2216 patet
1355 2159 1610 2215 particulam
1639 2159 1845 2203 initialem
1876 2161 2012 2216 ipsam

301 2250 524 2288 accentum
567 2244 828 2288 rhetoricum
870 2244 1053 2298 habere,
1102 2247 1228 2300 eique
1269 2244 1509 2288 adiuvando
1549 2244 1813 2296 subiectam,
1859 2248 1909 2286 ut
1949 2243 2012 2295 fit,

302 2329 542 2370 encliticam
574 2329 787 2371 voculam.
850 2327 941 2370 Sed
970 2328 1097 2370 nimis
1129 2327 1272 2370 debile
1302 2335 1380 2376 et,·
1426 2327 1692 2383 probabilius
1722 2333 1775 2368 at
1809 2341 1875 2368 me
1903 2329 2012 2370 seri-

302 2413 438 2467 psisse
467 2387 667 2467 poetam,
700 2409 815 2466 quod
847 2412 978 2466 vulgo
1009 2411 1193 2464 legitur,
1220 2410 1331 2452 -licet
1360 2410 1526 2452 incerto
1556 2414 1749 2454 auctore.
1823 2410 2014 2466 Compa-

300 2495 459 2538 rnndus
491 2496 620 2537 etiam
652 2508 770 2550 supr.
801 2495 923 2537 locus
964 2508 1004 2538 v.
1038 2497 1112 2538 29.
1145 2498 1247 2547 30.‚
1289 2494 1363 2536 ubi
1403 2493 1633 2537 manifesto
1666 2500 1719 2533 at
1749 2493 2012 2548 cogitatione

299 2577 597 2633 supplendum.
661 2577 866 2620 Ceterum
898 2576 1119 2619 Pieridum
1152 2575 1314 2631 pudet,
1361 2576 1476 2630 quod
1508 2576 1631 2619 donis
1659 2587 1807 2617 eorum
1838 2574 1893 2617 ad
1924 2579 2012 2617 tam

299 2661 523 2715 indignum
564 2674 746 2716 puerum
789 2661 1048 2706 laudandum
1087 2673 1192 2702 usus
1234 2664 1314 2702 est.
1345 2681 1405 2689 —-
1441 2638 1725 2711 Torreat,
1771 2657 2009 2701 comburat.

301 2728 437 2790 O‘VID.
474 2745 612 2802 Epist.
647 2759 703 2788 ex
736 2747 881 2789 Ponto
911 2745 970 2799 Il,
1001 2747 1046 2798 9,
1075 2746 1160 2786 442
1208 2742 1383 2801 Quique
1415 2750 1679 2798 repertorem
1710 2739 1879 2783 torruit
1911 2749 2026 2796 arte,

298 2842 386 2870 sua
419 2827 641 2883 (Phalaris
669 2828 918 2884 Perillum).
941 2852 1000 2860 —-
1032 2826 1258 2883 liquida
1287 2840 1372 2870 non
1403 2828 1601 2870 otiosum.
1664 2827 1751 2868 Aut
1781 2825 2010 2878 diluantur,

297 2910 381 2965 ait,
425 2916 470 2954 et
512 2911 736 2954 deleantur
775 2924 902 2966 aqua.
965 2911 1108 2966 Atque
1148 2910 1395 2967 oppositum
1437 2914 1504 2951 est
1542 2907 1718 2966 liquida
1752 2921 1791 2951 v.
1824 2898 2010 2952 torreat.

299 2994 504 3037 Ceterum
540 2994 632 3048 igni
661 2998 736 3035 aut
764 3006 876 3047 aqua
907 2992 1042 3035 deleri
1075 2998 1142 3035 est
1171 3005 1265 3036 sors
1294 2993 1501 3035 librorum
1531 2989 1763 3032 infeliciter
1794 2994 2007 3034 natorum,

301 3075 410 3117 Vide
439 3088 549 3130 quae
578 3060 893 3119 PAssssuAmms
924 3075 1104 3118 notavit.
1136 3098 1193 3106 --
1235 3075 1379 3128 Atque
1411 3072 1518 3116 haec
1549 3071 1724 3127 quidem
1755 3069 2011 3129 obiurgatio

300 3160 379 3198 est.
441 3156 569 3199 Nunc
599 3156 655 3199 ad
686 3158 866 3199 alteram
898 3169 1041 3200 rerum
1075 3161 1240 3212 partem
1274 3155 1446 3212 pergit,
1477 3154 1532 3198 ad
1558 3168 1808 3212 poenarum
1839 3151 2012 3196 denun-

298 3237 559 3286 nationem,
590 3254 617 3283 a
648 3253 686 3283 v.
719 3243 775 3282 51
794 3244 904 3284 -74,
937 3266 996 3275 -

418 3321 482 3365 Ac
513 3323 696 3379 primum
726 3338 768 3367 v.
793 3320 874 3368 515
897 3329 969 3369 52.
1004 3326 1101 3369 vide
1133 3338 1260 3382 quam
1288 3338 1425 3382 puero
1456 3335 1639 3381 poenam
1669 3321 1895 3366 decernat:
1928 3321 2008 3364 Tu

299 3405 503 3458 procul
547 3403 677 3450 hinc
727 3407 896 3454 absis.
960 3408 1059 3453 Non
1103 3409 1190 3451 vult
1233 3408 1366 3464 igitur
1406 3420 1496 3451 rem
1526 3405 1682 3450 habere
1716 3405 1758 3449 in
1790 3408 2007 3460 posterum

2138 1400 2158 1843 -.mmmmm-*am
2143 1266 2158 1394 ’.ια-»ιι-
2146 1244 2154 1257 -2
2154 1230 2156 1235 .
2154 1214 2158 1222 .
2148 1196 2158 1202 ι
2139 1136 2158 1162 -s
2155 1122 2158 1129 .
2150 1055 2158 1063 r

2145 1847 2158 1961 g

2148 1975 2158 2024 ε
