2158 3750
711 235 891 286 LlBR.
927 234 966 284 1.
1038 229 1236 284 ELEG.
1271 232 1311 282 1.
1788 234 1852 278 21

170 397 268 449 lege
297 392 722 437 Senatnscousultum
752 391 808 433 de
838 387 1178 432 Bacchanalibus
1208 401 1247 431 v.
1271 383 1454 442 ecqud
1486 383 1726 425 Dmxuun.
1761 382 1856 424 Liv.

167 479 293 522 Tom.
324 477 423 531 vll,
455 492 497 533 p.
531 479 659 528 198„
698 480 775 517 aut
805 475 848 516 in
879 474 982 516 edit.
1012 473 1171 516 noviss.
1203 469 1389 526 repetita
1416 465 1638 520 Stutgard.
1671 464 1724 508 T.
1755 463 1852 506 XV.

166 576 209 616 p.
239 562 359 611 378„
389 557 503 612 quod
532 557 691 600 sactum
720 568 815 598 aun.
846 555 940 597 urb.
973 557 1103 607 568„
1144 553 1310 596 videbis
1341 551 1499 604 ubique
1530 549 1588 591 ibi
1619 547 1729 590 hunc
1759 547 1855 588 infi-

166 642 357 684 nitivum.
434 639 634 682 Occurrit
677 636 791 679 idem
832 635 875 677 in
916 634 1282 690 Inscriptionibus.
1362 633 1461 676 Non
1502 636 1569 675 est
1610 643 1635 673 e
1675 629 1855 672 Graecis

166 723 371 765 translata
394 733 478 763 τω.
493 739 553 752 -
574 719 628 762 V.
643 719 716 760 48.
743 729 970 760 somnos
994 715 1171 769 sequi.
1201 715 1284 757 Est
1307 716 1482 758 verbum
1506 715 1560 756 de
1583 726 1650 766 eo,
1674 712 1746 766 qui
1770 723 1855 753 uon

165 805 360 846 turbatus
389 802 608 844 continuat
635 810 832 842 somnum
862 809 948 839 nou
977 797 1277 851 interruptum.
1302 819 1359 827 -—
1391 795 1570 839 imbre
1605 796 1855 844 iuvante,

165 899 260 928 cum
300 885 497 939 voluptas
539 879 655 936 quod
701 883 821 922 tutus
859 879 918 920 sis
961 878 1018 920 ab
1062 878 1222 929 imbre,
1269 883 1430 930 augeat
1476 876 1614 919 somni
1660 873 1855 918 iucundi-

163 976 307 1013 tatem.
369 968 572 1010 Ceterum
606 965 781 1008 laudant
813 976 912 1007 cum
942 963 1148 1006 Mune-ro
1180 960 1410 1018 Sophoclis
1448 962 1578 1004 verba
1610 974 1665 1003 ex
1696 960 1856 1001 C1cssu.

162 1051 218 1094 ad
236 1053 322 1093 Att.
340 1049 397 1101 11,
415 1053 443 1090 7
455 1062 467 1090 =
500 1043 580 1090 κᾶν
600 1041 681 1090 §aa
702 1048 832 1104 στέγῃ
853 1045 1015 1102 πυκνῆς
1038 1040 1205 1087 ἀκούειν
1228 1040 1418 1095 ψεκάδος
1441 1038 1626 1099 εὖδούσῃ
1652 1047 1782 1099 φρενί.
1800 1064 1857 1073 --

163 1132 300 1176 v.49
327 1144 422 1186 sqq.
464 1130 714 1173 furorem
745 1129 920 1172 maris
963 1132 1020 1170 et
1057 1128 1269 1170 tristes
1304 1127 1544 1183 pluvias.
1607 1126 1727 1168 Bene
1763 1138 1857 1167 mo-

162 1218 237 1259 not
276 1211 344 1257 hic
385 1214 575 1258 Vossms
616 1210 852 1255 secundum
893 1210 1031 1253 Dion.
1076 1209 1203 1271 Qnss,
1234 1210 1290 1263 L,
1323 1213 1392 1252 ll.
1433 1209 1579 1264 copias
1621 1209 1857 1251 Antonium

163 1298 452 1342 debellaturus
495 1298 612 1340 circa
651 1296 819 1339 initium
861 1295 967 1338 Mai.
1004 1308 1110 1338 ann.
1143 1298 1244 1337 723.
1289 1307 1314 1337 e
1357 1293 1588 1336 Brundisio
1632 1292 1674 1334 in
1717 1291 1859 1332 Grae-

163 1358 274 1424 ciam
303 1381 531 1435 traiectas,
560 1393 648 1435 quo
677 1385 874 1436 tempore
901 1384 1022 1423 ortus
1053 1379 1254 1434 Hyadum
1287 1378 1456 1435 pluvias
1485 1377 1720 1420 afferebat:
1762 1374 1860 1417 vide

164 1466 346 1510 eundem
383 1445 444 1510 'ad
486 1467 627 1511 Vme.
669 1466 834 1520 Georg.
879 1464 915 1517 Ι,
957 1466 1060 1506 313.
1139 1463 1238 1505 Hoc
1278 1475 1390 1504 nunc
1436 1462 1565 1504 timet
1607 1460 1859 1514 defugitque

165 1551 377 1596 Tibullus.
437 1550 547 1594 Nam
579 1550 733 1594 eodem
768 1547 836 1592 liic
868 1547 1084 1604 pertinere
1117 1547 1283 1603 pluvias
1319 1550 1364 1588 et
1394 1545 1522 1587 maris
1555 1543 1740 1585 furorem
1777 1555 1859 1584 non

164 1636 361 1690 dubium,
392 1641 436 1679 et
468 1637 626 1679 erravit
654 1636 1057 1679 thnnnmcums
1088 1645 1185 1675 cum
1215 1631 1409 1674 Hermo
1442 1629 1604 1685 pluvias
1635 1626 1690 1669 ad
1721 1630 1861 1668 terre-

167 1721 272 1763 stria
305 1721 457 1762 itinera
492 1717 677 1762 trahens.
750 1718 861 1761 Cum
893 1717 1004 1760 enim
1037 1715 1207 1772 pluviae
1239 1727 1318 1769 per
1348 1725 1395 1756 se
1425 1713 1468 1754 in
1500 1711 1714 1753 maritimo
1747 1710 1863 1765 pari-

168 1810 234 1847 ter
274 1817 326 1846 ac
368 1804 563 1846 terrestri
606 1804 760 1845 itinere
801 1803 1010 1845 molestae
1050 1801 1159 1852 sint,
1208 1797 1306 1840 addi
1339 1801 1564 1852 praeterea
1593 1792 1753 1847 aliquid
1785 1792 1864 1834 de-

169 1886 356 1939 buisset,
387 1886 501 1929 unde
545 1885 734 1929 disceres
774 1886 828 1928 ad
861 1890 1065 1928 terrestre
1097 1897 1192 1926 esse
1225 1881 1299 1924 has
1331 1882 1413 1924 iter
1443 1878 1700 1930 trallendas3
1747 1876 1864 1931 quod

167 1981 263 2011 cum
296 1981 379 2011 non
411 1968 468 2010 sit
494 1967 679 2020 factum,
709 1968 826 2010 nulla
856 1971 924 2009 est
952 1965 1181 2022 oppositio.
1214 1986 1270 1995 —

286 2053 339 2096 V.
370 2055 527 2096 51-75.
597 2052 800 2096 Tertia
848 2063 978 2108 pars
1025 2049 1326 2099 carminis,
1377 2058 1517 2102 qnae
1566 2045 1631 2087 de
1679 2056 1864 2086 amore

168 2137 372 2180 Deliae
410 2140 511 2180 est.

286 2221 341 2262 V.
370 2223 443 2263 51.
505 2218 546 2260 Ο
576 2222 846 2272 quantum
878 2222 960 2261 est
989 2217 1113 2260 auri
1145 2217 1347 2273 potius
1380 2217 1696 2271 pereatqu¹e
1729 2223 1866 2253 sma-

169 2301 350 2356 ragdi.
412 2299 537 2342 Hauc
575 2312 661 2354 ego
703 2299 932 2342 verborum
975 2298 1302 2341 collocationem
1343 2311 1369 2338 a
1412 2297 1588 2338 Tibullo
1629 2294 1867 2349 profectam

172 2386 314 2428 credo.
378 2386 534 2427 Amant
551 2384 670 2427 ‘enim
700 2388 857 2440 poetae
885 2383 1063 2426 verbum
1089 2383 1258 2426 duobus
1286 2381 1487 2424 membris
1514 2381 1722 2423 orationis
1739 2391 1867 2421 com-

172 2481 299 2511 mune
329 2468 372 2509 in
405 2468 615 2523 principio
642 2467 820 2510 secundi
854 2480 1030 2523 ponere,
1062 2467 1163 2509 licet
1193 2467 1408 2522 oppositio
1439 2466 1480 2507 in
1512 2465 1787 2508 substantivis
1814 2463 1871 2504 sit

173 2556 216 2593 et
245 2552 428 2592 alterum
458 2550 769 2592 substantivum
801 2548 996 2591 videatur
1028 2548 1214 2604 priorem
1247 2549 1387 2590 locum
1414 2560 1629 2602 occupare
1656 2545 1869 2587 debuisse.

171 2635 246 2676 Sic
265 2633 372 2675 infra
390 2633 427 2687 1,
448 2635 491 2686 3,
511 2621 601 2676 538
623 2631 886 2675 -Messalam
916 2639 1040 2674 terra
1074 2631 1179 2673 dum
1209 2631 1499 2690 sequiturque
1532 2630 1644 2672 mari
1677 2644 1740 2686 pr.
1768 2631 1869 2672 dum

171 2723 284 2760 terra
315 2717 509 2771 marique
537 2716 744 2772 sequitur.
816 2714 899 2758 Est
941 2728 1044 2758 vero
1087 2716 1317 2759 collocatio
1361 2716 1419 2756 ita
1464 2714 1602 2766 facta,
1641 2715 1763 2767 quasi
1805 2712 1869 2754 bis

173 2800 344 2842 adesset
372 2799 579 2843 verbum:
620 2799 721 2843 dum
762 2806 880 2843 terra
920 2801 1115 2855 sequitur
1145 2800 1422 2855 sequiturque
1454 2800 1583 2851 mari,
1627 2810 1867 2852 quanquam

174 2884 305 2926 semel
338 2888 502 2926 tantum
535 2882 659 2926 adeat
687 2896 769 2927 nec
800 2897 951 2927 sensus
982 2886 1234 2941 plerumque
1266 2885 1398 2927 ferret
1435 2884 1500 2925 bis
1531 2883 1731 2938 positum.
1794 2881 1866 2923 Si-

175 2965 331 3008 militer
360 2965 521 3009 dIctum
550 2965 588 3019 I,
618 2968 661 3019 4,
689 2969 744 3009 2:
777 2967 843 3008 Ne
868 2966 1009 3025 capiti
1042 2967 1157 3010 soles
1188 2982 1242 3009 ne
1271 2973 1546 3024 noceantque
1577 2964 1699 3006 nives
1715 2980 1730 3013 ,·
1762 2964 1797 3017 Ι,
1827 2967 1870 3014 8,

174 3051 228 3091 22
260 3046 371 3105 quid
398 3055 540 3091 nutus
571 3048 792 3097 amantis,
824 3050 984 3109 quidve
1010 3051 1176 3110 serant
1205 3050 1304 3094 miti
1334 3050 1453 3092 lenia
1485 3047 1620 3092 verba
1648 3063 1781 3096 801105
1815 3049 1878 3107 ll,

175 3133 218 3181 6,
236 3132 317 3172 23:
349 3129 459 3171 haec
483 3128 643 3189 laqueo
673 3129 886 3179 volucres,
918 3132 1027 3174 haec
1058 3141 1215 3191 captat
1248 3132 1469 3175 arundine
1495 3132 1654 3189 pisces.
1689 3130 1869 3173 HonA'r.

181 3211 211 3261 Ι,
247 3215 314 3265 11,
345 3214 400 3255 4:
431 3214 517 3254 Seu
543 3212 699 3269 plures
730 3213 891 3257 hiemes
924 3230 999 3257 seu
1037 3214 1197 3258 tribuit
1229 3216 1434 3273 Iuppiter
1466 3214 1684 3257 ultimam.
1748 3213 1870 3256 Adde

180 3294 442 3338 nemnem».
474 3295 528 3338 ad
560 3295 713 3340 Horat.
746 3296 839 3341 snt.
873 3296 908 3350 1,
937 3300 982 3351 6,
1011 3300 1084 3342 43.
1128 3299 1201 3353 qui
1243 3303 1383 3341 tamen
1431 3300 1470 3339 iu
1513 3311 1566 3339 eo
1600 3301 1714 3339 errat
1756 3295 1870 3348 quod

180 3378 407 3433 particulas
440 3393 536 3437 que,
573 3393 639 3427 ne,
677 3394 727 3421 ve
758 3380 1035 3437 transpositas
1067 3385 1212 3424 censet
1243 3381 1284 3424 in
1316 3379 1554 3423 huiusmodi
1589 3380 1703 3420 locis.
1767 3377 1872 3418 Col-
