2158 3750
298 270 363 317 96
694 261 1162 319 COMMENTAR.
1197 262 1274 318 IN
1311 262 1600 317 TIBULLI

308 422 446 466 victor
489 416 663 477 prodiit.
742 413 1002 460 Emendatio
1044 414 1175 473 prius
1219 417 1466 462 necessaria
1509 417 1636 473 plane
1680 430 1765 462 non
1810 419 1993 465 videtur.

298 506 443 560 Atque
474 502 582 545 haec
613 499 837 544 hactenus.
897 499 1103 544 Ceterum
1134 506 1255 545 recte
1284 499 1443 544 habere
1475 506 1562 545 est
1592 506 1691 556 post
1720 502 1886 555 Eleo,
1913 513 1996 543 nec

296 586 452 629 abesse
483 582 656 636 debere,
686 585 737 624 ut
766 580 1005 636 HBYNmS,
1038 583 1246 636 Vossms,
1276 583 1680 626 thnssnmcmus
1715 585 1886 637 volunt,
1917 584 1996 627 do-

303 667 374 710 cui
405 665 460 708 ad
491 664 527 719 I,
559 667 601 717 1,
632 666 782 707 34.—
812 663 868 708 V.
898 667 957 707 33
983 677 1048 719 sq.
1080 664 1338 707 iuvenem
1368 662 1409 707 h.
1441 665 1468 708 l.
1498 664 1713 720 intelliges
1741 665 1786 708 in
1816 665 1901 708 fine
1930 665 1999 707 iu-

296 747 485 791 ventutis
515 745 825 799 constitutum,
870 749 921 788 ut
951 743 1110 789 docent
1138 745 1312 803 adiecta
1354 745 1510 790 verbax
1550 751 1840 803 premeret
1879 759 1999 790 cum

295 831 487 876 serior
529 834 714 883 aetas,
759 827 804 872 h.
835 841 878 873 e.
906 828 1103 873 instaret.
1183 830 1382 873 Pertinet
1411 835 1556 873 autem
1587 842 1643 873 ex
1673 841 1756 874 usu
1784 830 2001 884 Romano,

294 918 346 957 ut
377 917 575 968 constat,
616 912 829 956 iuniorum
860 916 980 957 aetas
1010 926 1147 969 usque
1178 913 1233 957 ad
1265 915 1584 970 sexagesimum
1626 920 1802 958 sextum
1831 926 2002 970 annum,

299 997 400 1042 inde
430 997 569 1040 serior
597 1000 718 1039 aetas
748 995 944 1052 sequitur
973 1008 1010 1039 s.
1040 1000 1092 1038 ut
1121 997 1253 1051 vulgo
1290 995 1462 1051 dicitur,
1493 997 1726 1042 seniorum.
1757 1021 1814 1030 —
1854 997 2002 1041 stul-

293 1087 383 1126 tos
414 1079 836 1138 praeteriisse,
880 1075 924 1123 h.
955 1091 997 1123 e.
1028 1079 1165 1122 stulto
1195 1078 1354 1133 modo,
1394 1081 1488 1124 sine
1517 1081 1704 1124 Venere.
1767 1079 2000 1138 comparat

294 1164 502 1209 Vunpms
531 1162 656 1205 Pers.
688 1160 783 1203 Sat.
815 1158 852 1212 I,
882 1162 966 1202 602
1011 1165 1123 1200 tunc
1165 1153 1341 1201 crassos
1380 1161 1598 1203 transisse
1642 1161 1736 1204 dies
1774 1161 2003 1221 lucemque

283 1244 541 1304 palustrem
570 1250 617 1284 et
648 1240 734 1285 sibi
764 1240 856 1283 iam
885 1239 974 1284 seri
1002 1240 1145 1284 vitam
1173 1240 1425 1300 ingemuere
1456 1242 1673 1288 relictam.
1731 1245 1844 1289 Add.
1865 1248 2002 1291 Ovm.

292 1327 478 1375 Heroid.
502 1327 538 1382 1,
561 1330 613 1371 82
645 1341 724 1368 nec
753 1340 960 1386 quererer
986 1325 1145 1368 tardos
1173 1324 1239 1368 ire
1268 1325 1429 1368 relicta
1459 1326 1568 1370 dies.
1626 1328 1858 1372 Postremo
1882 1342 2009 1372 mens

294 1413 444 1471 Priapi
475 1414 620 1456 clara:
650 1410 797 1453 Etiam
830 1416 906 1464 tu,
937 1411 1025 1465 ait,
1066 1411 1147 1453 nisi
1181 1414 1357 1454 strenue
1387 1411 1604 1454 studueris
1635 1424 1793 1468 capere
1823 1425 2006 1468 puerum

293 1501 432 1549 tuum,
460 1498 613 1551 postea
642 1492 856 1535 moerebis
885 1493 1017 1535 vitam
1047 1492 1140 1536 sine
1170 1493 1396 1549 voluptate
1423 1495 1628 1550 elapsam,
1660 1495 1732 1538 ubi
1760 1496 1858 1538 anni
1881 1507 2005 1538 amo-

290 1580 410 1624 ribus
451 1578 543 1635 apti
584 1577 664 1620 tibi
706 1576 953 1620 effluxerInt
993 1581 1125 1632 atque
1156 1577 1286 1620 etiam
1319 1578 1442 1634 pueri
1487 1578 1553 1621 tui
1583 1578 1830 1623 formositas
1858 1578 2004 1635 perie-

289 1663 362 1705 rit.
382 1683 442 1694 --
471 1661 527 1705 V.
558 1662 634 1703 35.
663 1671 902 1715 serpens
932 1671 1114 1703 novus
1145 1657 1186 1703 h.
1215 1672 1253 1702 e.
1281 1664 1531 1704 renovatus.
1593 1661 1856 1718 comparant
1885 1663 2005 1706 Vm·-

293 1757 390 1788 Gm.
423 1744 590 1797 Georg.
620 1742 699 1795 111,
730 1745 816 1784 437
830 1725 857 1785 τ’
893 1743 1000 1784 Cum
1037 1741 1204 1799 positis
1244 1757 1389 1787 novus
1434 1743 1610 1786 exuviis
1639 1744 1900 1803 nitidusque
1929 1743 2005 1786 iu-

295 1832 458 1880 venta,
503 1830 549 1869 et
580 1825 717 1868 Ovm.
750 1824 859 1867 Met.
892 1823 973 1878 IX,
1002 1827 1120 1868 266:
1169 1831 1309 1884 utque
1340 1840 1483 1868 novus
1513 1840 1692 1883 serpens
1719 1823 1876 1882 posita
1906 1840 2006 1868 cum

285 1909 404 1967 pelle
442 1915 635 1951 senecta.
697 1908 961 1951 Annotatum
1011 1914 1078 1952 est
1123 1908 1178 1952 ab
1226 1909 1536 1965 interpretibus
1583 1922 1640 1952 ex
1686 1910 2000 1963 Amswo'rssLB,

291 2005 397 2037 vere
427 1996 472 2034 et
502 1995 732 2033 auctumno
764 1988 845 2032 hoc
875 1991 982 2039 fieri,
1013 1990 1128 2033 Hist.
1161 1991 1243 2034 An.
1274 1991 1395 2045 VIII,
1430 1995 1502 2035 17.
1522 2016 1580 2023 —
1612 1993 1778 2035 exuit
1807 2003 1998 2045 annos,

291 2079 342 2118 ut
371 2074 612 2117 videbatur.
672 2073 883 2116 Veterum
919 2073 1039 2116 locos
1072 2075 1315 2129 complures
1346 2076 1491 2117 attulit
1523 2075 1664 2118 Lusus
1693 2077 1997 2118 Gnmmnntrs.

291 2157 467 2202 Revera
488 2160 646 2210 tamen,
678 2155 739 2197 ait
765 2155 999 2209 Hssrnms,
1030 2169 1116 2199 non
1148 2157 1287 2211 magis
1315 2156 1370 2199 ad
1393 2157 1659 2200 iuventutem
1683 2157 1795 2200 redit
1819 2170 1999 2214 serpens

287 2253 421 2294 quam
451 2239 543 2281 avis
573 2237 724 2293 pennis
755 2237 944 2279 mutatis.
977 2259 1034 2268 —
1085 2237 1135 2280 V.
1160 2241 1219 2280 37
1250 2251 1313 2293 sq.
1359 2237 1592 2281 Phoebo
1638 2237 1999 2293 Bacchoque,

288 2327 340 2366 ut
371 2327 521 2365 notum
562 2333 619 2364 ex
662 2320 819 2364 fabulis
863 2324 909 2363 et
949 2320 1086 2375 signis
1128 2324 1337 2365 veterum.
1398 2321 1545 2365 Locos
1582 2321 1742 2364 multos
1782 2322 2002 2366 Bnoucx-

291 2416 456 2448 nusms
486 2402 730 2457 congessit,
774 2415 879 2458 prae
923 2403 1080 2445 ceteris
1123 2402 1341 2446 Hermus
1373 2403 1502 2448 Ovid.
1533 2404 1645 2448 Met.
1675 2404 1754 2459 111,
1785 2407 1889 2447 421.
1931 2404 2000 2448 in-

290 2487 400 2545 spici
439 2486 561 2530 iubet
597 2499 695 2530 cum
735 2486 1016 2529 annotatione
1056 2487 1356 2544 interpretum.
1419 2488 1481 2532 Ut
1511 2501 1643 2545 porro
1674 2487 1806 2531 etiam
1836 2485 1891 2532 de
1924 2500 1998 2531 or-

291 2573 392 2617 dine
433 2573 652 2616 nominum
695 2571 914 2626 dicamus‚
959 2571 1003 2615 in
1044 2572 1139 2615 aliis
1180 2571 1302 2616 libris
1346 2576 1441 2615 est=
1498 2571 1680 2615 Baccho
1721 2569 2001 2631 Phoeboque»

290 2655 653 2713 quemadmodum
694 2654 810 2711 apud
854 2655 1065 2698 Ovnmm
1106 2654 1137 2696 1.
1167 2654 1239 2697 cit.
1283 2655 1469 2709 legitur:
1518 2660 1565 2695 et
1607 2653 1765 2713 dignos
1805 2653 2000 2702 Baccho,

290 2732 450 2800 dignos
482 2747 528 2782 et
557 2737 772 2796 Apolline
803 2737 960 2782 crines.
1020 2738 1111 2781 Sed
1151 2738 1213 2781 ibi
1253 2743 1374 2782 recte
1415 2737 1546 2781 habet
1590 2735 1830 2795 patheticus
1859 2750 1887 2780 a
1916 2736 2001 2779 mi-

290 2824 387 2867 nori
417 2822 472 2867 ad
503 2823 640 2866 maius
669 2833 951 2878 progressus,
991 2819 1075 2864 hoc
1106 2822 1204 2867 loco
1235 2823 1352 2865 nulla
1384 2822 1482 2865 talis
1512 2821 1576 2865 vis
1610 2821 1836 2865 orationis.
1905 2819 2000 2864 Te-

289 2908 478 2953 nendum
507 2908 642 2962 igitur
670 2919 783 2949 nunc
808 2905 992 2961 simplex
1023 2910 1092 2949 est
1121 2906 1418 2949 collocationis
1449 2918 1618 2960 genus,
1649 2904 1777 2960 quale
1807 2904 1851 2947 in
1881 2904 1998 2948 omni

291 2992 476 3048 simplici
507 2989 777 3033 enarratione
807 2985 1004 3041 habetur,
1036 3001 1093 3031 ex
1123 3001 1209 3042 quo
1243 2989 1428 3044 primum
1459 2987 1703 3030 nominatur
1731 2986 1874 3043 potior
1896 2998 1998 3044 per-

293 3085 423 3126 sona,
455 3072 599 3128 potior
623 3082 710 3114 res,
771 3067 903 3115 Quod
934 3073 1078 3112 autem
1111 3070 1303 3114 Vossms
1334 3075 1483 3113 censet
1513 3070 1674 3126 Priapo
1704 3069 1888 3126 primum
1917 3081 1998 3124 pa·-

292 3156 370 3199 tris
401 3154 543 3198 carius
575 3165 731 3197 nomen
773 3151 976 3195 debuisse
1016 3152 1062 3194 in
1105 3158 1294 3194 mentem
1325 3152 1472 3195 venire
1503 3151 1688 3206 ideoque
1726 3150 1770 3194 id
1810 3163 1997 3207 praepo-

292 3240 506 3293 nendum,
540 3238 726 3282 alienum
758 3241 826 3280 est
857 3251 883 3279 a
914 3240 1110 3280 veterum
1141 3237 1402 3293 scriptorum
1434 3236 1708 3292 simplicitate
1741 3235 1826 3278 tale
1859 3235 1996 3277 artifi-

291 3325 429 3378 cium,
479 3323 554 3366 ubi
600 3334 684 3366 non
730 3321 1042 3374 necessarium3
1087 3325 1310 3377 spectatur
1354 3327 1500 3362 autem
1546 3332 1656 3360 nunc
1703 3318 1795 3360 sola
1840 3330 1911 3360 res
1951 3321 1997 3359 et

292 3407 560 3463 cognationis
602 3405 712 3450 ratio
753 3409 819 3448 est
857 3404 1032 3449 inutilis
1065 3428 1124 3438 —
1169 3404 1434 3448 intonsus
1477 3403 1672 3447 crinis.
1739 3379 1895 3445 fAlebat
1926 3401 1995 3444 iu-

2140 1441 2158 1713 ’,ἒ
