2086 3756
238 242 424 277 cmm
816 205 826 213 ’
915 230 1012 279 DE
1054 227 1255 283 PoEsi

236 369 687 439 amplificationes,
734 374 886 422 etiam
926 372 1228 424 huiusmodi
1269 373 1398 442 quid
1443 393 1661 444 perraro
1701 377 1936 434 invenies

237 465 376 533 apud
413 466 702 517 Tibullum.
774 466 923 517 Talia
959 478 1080 518 sunt
1117 469 1172 527 I,
1207 474 1270 534 2,
1308 475 1369 521 8:

379 561 456 610 Te
492 560 633 611 Iovis
666 560 890 627 imperio
928 562 1148 612 fulmina
1191 563 1349 614 missa
1386 575 1583 632 petant,

237 655 291 704 h.
321 671 367 703 e.
407 654 570 703 caelo.

235 746 371 799 Ibid.
417 764 467 799 v.
498 752 594 798 13:

378 840 456 891 Te
492 840 788 892 meminisse
825 839 996 907 decet,
1045 859 1182 910 quae
1217 842 1445 912 plurima
1481 861 1608 899 voce
1642 848 1821 914 peregi
1893 915 1899 918 ι

455 933 726 1002 Supplice,
771 935 825 986 h.
855 952 899 988 e.
941 954 1139 1003 preces·
1582 978 1605 1003 0

236 1028 303 1080 Et
339 1029 418 1092 II,
457 1034 518 1092 3,
553 1030 653 1079 48:

376 1122 444 1172 At
482 1122 580 1172 tibi
617 1123 754 1172 laeta
793 1123 1002 1173 trahant
1038 1122 1244 1174 Samiae
1285 1124 1528 1176 convivia
1563 1133 1754 1192 testae,

453 1215 703 1283 Fictaque
738 1215 976 1266 Cumana
1009 1218 1214 1268 lubrica
1247 1227 1387 1269 terra
1420 1228 1567 1284 rota,

237 1311 293 1361 h.
321 1327 366 1360 e.
404 1320 456 1360 et
492 1309 731 1360 Cumana
771 1308 965 1376 figlina.

238 1407 408 1456 Porro
446 1405 523 1467 ΙΙ,
565 1408 624 1467 5,
666 1405 763 1456 14:

381 1526 882 1538 —————
932 1515 1032 1565 per
1066 1508 1117 1550 te
1153 1499 1439 1565 praesentit
1473 1515 1725 1567 aruspex,

450 1591 683 1643 Lubrica
722 1592 944 1658 signavit
983 1611 1102 1644 cum
1139 1591 1268 1646 deus
1310 1604 1430 1645 exta
1464 1593 1630 1659 notia,

238 1687 293 1737 h.
321 1703 368 1736 e.
406 1703 474 1737 ex
513 1688 651 1738 notis
688 1697 951 1738 extorum.

238 1779 306 1830 Et
344 1778 472 1830 ibid.
509 1799 560 1832 v.
585 1786 682 1832 59:

381 1871 605 1942 Quaque
640 1885 821 1943 patent
856 1886 1029 1939 ortuS,
1076 1883 1129 1925 et
1165 1891 1270 1943 qua
1310 1872 1635 1926 fluitantibus
1671 1871 1825 1925 undis

456 1967 594 2019 Solis
632 1970 935 2020 anhelantes
973 1970 1137 2021 abluit
1174 1970 1340 2019 amnis
1379 1985 1572 2037 equoe,

239 2063 295 2111 h.
318 2079 363 2112 e.
391 2079 600 2130 quaque
629 2074 774 2130 patet
801 2080 1029 2115 occaSUS.
1097 2063 1236 2114 Nam
1260 2064 1319 2112 in
1346 2063 1428 2114 his
1455 2061 1668 2131 quidem
1699 2060 1951 2129 exemplis

241 2167 481 2222 apertum
511 2167 612 2222 est,
647 2158 803 2208 metri
831 2168 881 2210 et
910 2167 1128 2208 ornatus
1162 2157 1355 2224 poetici
1389 2174 1546 2208 causa
1570 2157 1642 2208 sic
1669 2167 1726 2207 ut
1755 2157 1952 2207 factum

241 2251 611 2316 amplificatum
655 2251 940 2302 secundum
986 2254 1310 2316 membrum,
1361 2254 1519 2317 vulgo
1563 2261 1738 2301 autem
1776 2268 1838 2300 ea
1875 2260 1953 2302 est

240 2344 573 2394 Tibullianae
637 2343 877 2401 dictionis
938 2346 1103 2410 ratic,
1178 2357 1238 2397 ut
1294 2344 1440 2415 quod
1498 2344 1724 2411 dictum,
1796 2346 1953 2397 etiam

239 2450 462 2506 propter
512 2443 821 2491 sententiam
875 2440 1115 2492 debuisse
1165 2439 1267 2492 dici
1315 2441 1526 2492 sentias·
1615 2443 1692 2492 Ac
1732 2439 1805 2491 ‘de
1853 2443 1955 2492 cir-

241 2535 629 2585 cumlocutione
675 2536 813 2586 satis.
850 2561 923 2572 —
1007 2536 1247 2585 Alterum
1299 2535 1612 2602 palmarium
1664 2537 1954 2600 artificium,

223 2625 308 2677 .de
348 2644 454 2694 quo
492 2646 642 2692 agere
675 2627 947 2692 debemus,
978 2632 1230 2679 cumulatio
1266 2631 1550 2681 verborum
1580 2628 1760 2680 similis
1795 2630 1952 2696 signi-

241 2721 495 2772 ficationis
547 2721 671 2798 (ἑεῐβ,Ι
725 2740 831 2790 qua
876 2733 928 2772 et
978 2724 1057 2774 vis
1115 2741 1300 2788 magna
1350 2734 1568 2790 paratur
1620 2725 1849 2776 orationi
1900 2737 1952 2777 et

244 2827 477 2867 ornatus.
577 2818 652 2868 Ac
704 2818 1150 2869 substantivorum
1203 2817 1423 2869 duorum
1481 2821 1537 2868 in
1595 2819 1780 2872 eodem
1829 2827 1952 2874 casu

245 2911 545 2962 coniunctio
590 2913 820 2963 nonest
862 2912 948 2961 hic
991 2911 1272 2963 admodum
1316 2915 1590 2982 frequens,
1641 2916 1805 2968 veluti
1847 2917 1952 2970 sic:

243 3008 384 3057 Rura
421 3025 605 3069 meam,
658 3007 898 3069 Cerinthe,
952 3016 1102 3056 tenent
1139 3010 1362 3076 villaeque
1399 3011 1622 3075 puellam.
1660 3052 1663 3054 .
1709 3007 1951 3072 Quorum

245 3098 504 3167 quaedam
541 3100 692 3168 quasi
729 3117 797 3149 ex
832 3100 1061 3151 formula
1097 3099 1368 3166 dicuntur,
1419 3114 1480 3153 ut
1512 3121 1702 3172 remque
1736 3106 1952 3156 domum-

245 3212 336 3261 que
374 3195 425 3258 I,
465 3199 520 3258 9,
559 3200 674 3252 72.,
715 3212 803 3261 per
837 3195 1035 3244 caedem
1071 3194 1330 3260 etfacinus
1368 3198 1442 3262 II,
1473 3198 1537 3261 -4,
1569 3202 1682 3262 21.,
1730 3201 1851 3267 lapis
1885 3210 1952 3250 est

238 3288 515 3356 ferrumque
550 3289 602 3353 I,
643 3292 742 3351 10,
779 3292 893 3354 59„
931 3289 1103 3355 fruges
1142 3292 1396 3342 lustramus
1428 3293 1483 3343 εἰ
1508 3311 1651 3358 agros
1687 3293 1764 3358 II,
1808 3299 1862 3359 1,
1904 3300 1949 3346 1.
