2158 3750
326 273 387 314 τε
719 257 1184 313 COMMENTAR.
1220 258 1297 312 IN
1332 260 1619 315 TIBULLI

325 413 545 464 spectasse
576 403 767 457 videtur,
798 401 916 457 quod
941 404 1119 447 mortuls
1151 404 1278 447 etiam
1311 417 1433 448 sacer
1459 406 1538 449 flos
1569 412 1676 450 erat.
1735 407 1847 452 Nam
1877 409 1921 452 in
1954 406 2018 451 his

323 491 565 534 fictionibus
595 488 700 530 alias
729 485 846 528 aliud
875 491 1112 540 sequuntur
1142 491 1325 543 poetae,
1354 487 1614 543 minimeque
1641 490 1770 535 etiam
1798 492 1836 534 si
1865 491 2019 534 similia

321 575 522 626 afferunt,
554 575 620 614 est
647 583 778 613 causa
805 569 967 625 ubique
997 570 1163 617 eadem.
1224 571 1352 628 Apud
1380 571 1600 616 Tibullum
1631 586 1735 616 vero
1763 573 1861 617 vide
1891 587 2019 630 quam

323 655 501 713 pulchre
531 654 587 697 ad
616 653 660 696 id
692 653 940 710 conspirent
969 655 1136 709 emula,
1175 659 1225 698 ut
1255 657 1377 700 locus
1409 655 1464 699 ad
1495 669 1664 700 amores
1695 655 1836 700 faetus
1860 656 2018 714 depin-

323 745 468 795 gatur.
529 737 641 781 Nam
673 736 715 780 hi
744 737 915 792 odores,
945 744 1096 782 cantus
1118 741 1275 794 avium,
1306 739 1607 784 defunctorum
1636 738 1819 784 choreae
1849 743 1895 782 et
1924 751 2022 782 car-

320 822 463 874 mina,
501 833 644 864 nonne
674 821 883 864 eiusmodi
913 827 1014 866 sunt
1044 825 1212 877 omnia,
1255 823 1410 878 quibus
1440 824 1660 867 molliores
1689 823 1872 868 affectus
1901 825 2023 868 exci-

321 909 469 948 tentur
499 908 544 947 et
573 904 742 947 alantur
771 903 990 948 mirifice?
1050 905 1266 948 Mirumne
1298 905 1414 960 quod
1443 905 1487 948 in
1510 906 1586 948 tali
1614 906 1711 950 loco
1733 905 1868 949 Amor
1891 918 2022 962 proe-

320 988 381 1030 lia
409 985 598 1031 miscet?
659 987 785 1032 Quae
813 999 909 1030 cum
940 987 1000 1030 ita
1029 988 1128 1041 sint,
1159 993 1341 1044 apparet
1370 988 1458 1032 duo
1487 1002 1600 1044 quae
1631 989 1814 1044 legimus
1843 987 2023 1034 disticha

321 1076 503 1127 propter
532 1069 706 1112 tertium
737 1069 878 1126 posita
904 1082 1015 1122 esse,
1045 1069 1100 1112 ad
1129 1070 1244 1124 quod
1276 1084 1388 1115 nunc
1413 1072 1670 1116 accedimus.
1687 1095 1749 1104 -·
1780 1073 1837 1117 V.
1854 1076 1928 1118 63.
1949 1077 2021 1118 64.

320 1154 394 1196 At
424 1153 685 1196 iuvenum
719 1153 912 1195 series
941 1176 1002 1183 -
1030 1152 1200 1199 ludit.
1260 1154 1327 1197 De
1358 1156 1585 1199 saltatione
1615 1157 1798 1211 cogitari
1827 1169 1912 1200 non
1943 1157 2021 1202 de-

321 1235 422 1290 bet,
474 1235 575 1289 quia
608 1233 663 1277 de
693 1232 863 1277 choreis
893 1234 937 1276 in
968 1234 1122 1288 Elysio
1154 1234 1283 1278 modo
1324 1235 1487 1279 dictum
1522 1241 1602 1280 est.
1664 1237 1882 1281 Describit
1910 1251 2023 1282 nunc

319 1319 490 1375 proelia
530 1317 715 1362 iucunda
754 1317 939 1372 amoris,
982 1319 1126 1374 qualia
1167 1319 1251 1362 iste
1280 1320 1402 1363 locus
1434 1319 1578 1364 habet·
1638 1321 1707 1365 Ita
1737 1321 1867 1366 etiam
1898 1322 2025 1367 Mu·-

319 1414 657 1445 scnssanrcmus
687 1401 901 1444 intellexit
931 1400 987 1444 ad
1013 1401 1169 1444 Horat·
1199 1402 1236 1456 I,
1267 1406 1310 1457 6,
1342 1406 1412 1447 17.
1475 1404 1634 1460 Cogita
1661 1407 1796 1462 igitur
1823 1407 2024 1452 iuvenum

318 1487 476 1530 seriem
522 1490 566 1530 et
607 1486 845 1542 puellarum
889 1486 1018 1530 variis
1059 1485 1225 1530 lusibus
1266 1488 1486 1532 amatoriis
1515 1502 1563 1533 se
1594 1488 1885 1546 delectantes,
1926 1492 2024 1534 illos

317 1569 531 1625 impetum
573 1569 781 1613 facientes
818 1570 860 1613 in
894 1567 984 1624 has„
1017 1576 1318 1626 penetrantes,
1361 1573 1510 1616 oscula
1545 1574 1787 1630 rapientes,
1815 1574 2024 1619 iocantes

318 1651 450 1695 alium
483 1665 581 1695 cum
611 1653 711 1695 alia.
770 1652 887 1695 Huic
931 1653 1075 1696 sensui
1118 1655 1258 1697 oratio
1303 1654 1359 1697 ab
1405 1656 1519 1698 omni
1562 1661 1686 1712 parte
1727 1661 1844 1713 apta.
1906 1657 2025 1702 Con-

320 1734 512 1796 iecturas
553 1734 718 1776 innexa
761 1740 807 1778 et
847 1733 1042 1791 implexa
1085 1736 1327 1780 refutarunt
1366 1738 1637 1783 SAN'rssmUs
1678 1740 1724 1783 in
1752 1739 2026 1786 Bibliotheca

323 1820 421 1863 crit.
452 1835 496 1876 p.
526 1822 630 1874 71„
677 1819 948 1863 Huscmcms
981 1825 1025 1864 et
1056 1822 1484 1877 Wmvnssnmcmus,
1515 1836 1624 1878 quos
1654 1823 1769 1868 vide.
1827 1825 2027 1887 Denique

325 1905 490 1960 optime
530 1915 558 1946 a
587 1903 884 1948 Lacnmmso
916 1912 967 1947 at
999 1906 1247 1951 restitutum
1277 1920 1345 1963 pr.
1388 1907 1490 1958 hic,-
1539 1909 1773 1964 opponitur
1802 1909 1915 1953 enim
1944 1907 2033 1959 hoc

321 1985 535 2030 distichon
567 1987 794 2030 commode
825 1987 1205 2044 antecedentibus,
1251 1991 1351 2045 quia
1382 1990 1527 2046 pergit
1555 1991 1611 2034 ad
1641 1991 1710 2045 id,
1742 1992 1864 2035 cuius
1895 2005 2028 2036 causa

323 2070 624 2114 antecedentia
655 2071 808 2127 posita.
841 2096 900 2103 —
947 2073 1166 2116 miscet.
1215 2074 1454 2118 Paorssn'r.
1486 2074 1544 2129 II,
1574 2078 1648 2129 27,
1678 2078 1733 2118 8:
1778 2077 1887 2118 Cum
1914 2078 2028 2119 Ma-

322 2168 428 2196 vors
473 2151 632 2195 dubias
675 2153 828 2195 miscet
872 2152 1098 2212 utrimque
1142 2169 1316 2199 manus.
1379 2155 1583 2200 Ceterum
1613 2162 1783 2201 constat
1813 2158 1941 2202 etiam
1971 2158 2027 2202 de

322 2237 587 2282 certantibus
631 2237 737 2293 ipsis
781 2238 1044 2280 locutionem
1089 2239 1313 2294 usurpari,
1362 2243 1411 2282 ut
1452 2240 1593 2283 Vmc..
1637 2241 1804 2296 Georg.
1836 2241 1894 2294 11,
1921 2243 2026 2286 282.

321 2322 402 2376 111,
433 2325 537 2366 220.
567 2344 626 2352 -
675 2322 730 2365 V.
765 2326 837 2365 65.
871 2326 944 2366 66.
1006 2322 1218 2366 Absoluta
1253 2322 1393 2377 Elysii
1425 2323 1714 2380 descriptione
1742 2325 1864 2381 ipsa,
1894 2331 2029 2371 restat

322 2410 371 2448 ut
396 2419 610 2462 praesens
641 2402 809 2446 Tibulli
840 2419 973 2448 casus
1017 2419 1071 2450 eo
1104 2412 1359 2461 revocetur,
1403 2413 1584 2465 propter
1612 2423 1740 2466 quem
1771 2409 1888 2455 dieta
1928 2417 2032 2457 sunt

322 2490 468 2545 priora
487 2489 644 2532 omnia.
686 2487 822 2544 quue
850 2489 912 2534 fit.
955 2489 1077 2532 Bene
1101 2503 1214 2534 nunc
1241 2491 1431 2547 positum
1455 2491 1598 2536 illic.
1642 2493 1784 2537 Porro
1807 2500 2030 2549 myrtea

325 2576 479 2615 serta
510 2571 699 2614 suaviter
729 2569 950 2624 additum3
984 2573 1080 2626 quis
1108 2573 1248 2616 nescit
1271 2578 1458 2628 myrtum
1486 2574 1646 2619 Veneri
1669 2587 1837 2627 sacram
1860 2575 2029 2622 fuisse?

329 2656 387 2699 Et
428 2656 651 2711 insigni
693 2660 760 2699 est
792 2660 941 2698 ornata
973 2654 1037 2699 his
1067 2657 1172 2712 ipsis
1203 2658 1343 2701 sertis.
1377 2679 1437 2690 —-
1491 2659 1634 2713 Atque
1671 2656 1778 2702 haec
1809 2658 2028 2706 hactenus.

326 2738 445 2781 Alias
475 2737 789 2794 descriptiones
819 2751 933 2781 nunc
960 2750 1046 2781 non
1077 2751 1306 2795 comparo,
1342 2738 1495 2795 quodsi
1535 2753 1671 2784 <amen
1700 2741 1889 2788 Vmen..
1920 2745 2028 2789 Aen.

327 2821 404 2874 Vl,
438 2823 525 2864 637
557 2833 650 2875 sqq.
682 2820 946 2876 Inspexeris,
994 2820 1176 2864 observa
1205 2820 1310 2875 quid
1341 2822 1452 2864 inter
1484 2823 1650 2879 epicam
1684 2828 1729 2867 et
1759 2825 1935 2879 lyricam
1962 2826 2030 2870 fa-

326 2903 522 2946 bularum
564 2903 864 2947 tractationem
905 2903 1162 2947 discriminis
1196 2904 1392 2958 intersit,
1433 2905 1487 2950 de
1518 2921 1604 2962 qua
1634 2921 1684 2951 re
1711 2921 1796 2964 ego
1826 2909 1883 2952 ad
1915 2910 2031 2954 Pm-

327 2999 489 3030 mnmr
522 2968 749 3043 disputavi*
780 2986 906 3030 Tom.
933 2987 969 3030 I.
1001 3002 1043 3044 p.
1066 2988 1184 3032 LlV.
1215 3011 1267 3020 —-
1314 2990 1368 3034 V.
1407 2994 1466 3034 67
1503 3004 1598 3046 sqq.
1659 2993 1870 3048 Sequitur
1905 2995 2030 3038 Tar—

328 3070 423 3112 tari
454 3070 702 3126 descriptio.
765 3069 927 3113 Credat
966 3070 1120 3125 aliquis
1164 3072 1334 3115 nonnisi
1366 3085 1444 3128 per
1473 3074 1807 3118 associationem
1837 3074 2030 3121 idearum

325 3167 455 3209 quam
497 3154 644 3197 dicunt
691 3157 861 3209 poetam
908 3151 991 3196 huc
1034 3152 1282 3210 delapsum,
1329 3161 1460 3209 atque
1491 3160 1540 3198 ut
1577 3156 1704 3198 etiam
1736 3155 1791 3199 de
1823 3159 2027 3214 opposito

327 3236 519 3290 dicatur,
564 3249 662 3280 cum
695 3227 755 3279 de*
792 3235 944 3291 Elysio
978 3236 1140 3281 dictum
1171 3239 1254 3292 sit,
1299 3251 1380 3282 nec
1412 3239 1563 3282 dubito
1602 3240 1748 3283 multis
1780 3241 1841 3284 ita
1877 3243 2026 3287 visum.

326 3318 396 3362 Tu
428 3332 581 3362 caveas
614 3318 668 3362 ab
702 3332 849 3363 errore
887 3321 986 3374 tali,
1022 3323 1095 3376 qui
1128 3322 1440 3378 digressionem
1472 3323 1638 3366 inanem
1669 3323 1826 3367 inserat
1857 3325 1899 3368 in
1930 3327 2030 3381 pul-

325 3401 583 3446 cherrImum
627 3415 811 3446 carmen.
875 3404 1036 3448 Verum
1079 3405 1302 3450 consilium
1343 3411 1500 3461 poetae
1550 3411 1761 3461 apertum.
1821 3405 1934 3450 Nam
1979 3413 2025 3450 ut

2151 1948 2158 1957 v
2154 1890 2158 1904 -
2146 1867 2158 1877 τ
2135 1649 2158 1846 ,”μΙι-ῥι’1“
