2158 3750
330 251 432 299 466
507 247 736 304 COMM.
773 247 848 299 IN
886 247 1019 298 TIB.
1058 245 1241 296 LIBR.
1278 247 1372 295 IV.
1450 246 1809 299 APPENDIC.

335 393 566 437 obsidet
595 393 747 434 sores
775 391 946 443 situs,
977 393 1026 431 ut
1053 389 1194 431 solent
1223 389 1318 431 loca
1352 386 1549 442 deserta,
1583 394 1797 432 vetustate
1827 394 1871 432 et
1901 405 2033 446 squa-

335 481 426 521 lore
456 477 663 520 deformia
693 475 860 516 araneis
889 487 984 516 esse
1013 473 1212 515 obducta.
1274 473 1360 515 Hie
1390 478 1639 527 comparant
1663 473 1867 517 Ouum..
1890 473 2030 519 XXV.

335 563 389 604 ad
431 560 657 603 Thallum:
723 557 794 599 vel
834 571 946 614 pene
993 555 1209 614 languido
1260 554 1403 601 senis,
1465 554 1645 612 situque
1703 568 1931 597 araneos-0.
1974 578 2031 587 --

340 646 387 686 V.
418 645 472 684 31
507 656 598 696 sqq.
646 639 927 696 profunda
962 640 1140 691 fossa,
1177 650 1354 679 cunnus.
1418 637 1486 680 Cf.
1519 638 1770 680 Smmmm.
1801 637 1855 679 ad
1886 638 2035 695 Priap.

334 730 407 769 79.
438 726 508 767 fin.
541 747 600 755 -—
634 727 721 764 ter
751 728 847 764 aut
877 726 1083 775 quater
1112 723 1317 772 Voret‚
1349 721 1518 775 penitus
1549 720 1780 763 demissum
1810 722 1854 763 in
1882 734 1931 763 se
1964 733 2037 764 re·-

335 809 467 864 cipiat
498 812 542 850 et
571 806 819 849 abscondat.
851 828 911 836 —-
952 806 1194 859 lentior,
1226 805 1484 857 flexibil10r‚
1509 818 1593 847 non
1624 805 1802 860 rigiduS.
1835 829 1894 838 —
1934 806 2037 850 Va-

334 905 456 945 gum
496 895 692 946 caput,
741 891 914 941 laxum,
956 901 1040 930 non
1075 893 1349 940 contentum,
1398 895 1442 929 et
1486 887 1775 942 Superbia
1818 887 1929 929 ista
1971 893 2038 931 est

333 975 502 1016 inertia.
547 996 606 1002 ——
669 973 723 1014 V.
757 974 814 1012 39
859 984 952 1023 sqq.
1012 970 1234 1010 inultus
1281 969 1508 1010 auferas
1557 969 1747 1010 semel.
1821 968 2037 1012 Tannum.

335 1056 464 1098 Andr.
487 1055 565 1107 Ill,
605 1059 647 1107 5,
683 1057 734 1095 4:
767 1051 816 1092 id
844 1050 1040 1092 inultum
1071 1065 1299 1108 nunquam
1333 1051 1528 1106 auferet.
1591 1051 1773 1108 Adelph.
1802 1051 1882 1106 Ill,
1910 1057 1954 1107 5,
1981 1058 2038 1096 8:

333 1139 421 1180 nisi
440 1137 651 1195 facient,
695 1150 809 1194 quae
841 1134 941 1176 illos
977 1148 1167 1191 aequum
1199 1141 1296 1180 est,
1340 1133 1468 1173 haud
1497 1132 1560 1173 sic
1591 1133 1818 1189 auferent.
1847 1158 1906 1166 —
1953 1149 2036 1178 so·
2119 1131 2125 1134 i

333 1226 501 1262 naute
529 1219 698 1275 pede,
729 1217 783 1260 cf.
816 1231 946 1273 supra
976 1215 1012 1268 Ι,
1045 1219 1088 1268 2,
1119 1219 1193 1257 20.
1228 1216 1363 1258 Ovm.
1400 1216 1506 1258 Met.
1542 1216 1594 1268 V,
1625 1220 1726 1259 616.
1757 1240 1817 1249 --
1869 1230 2041 1260 excu-
2119 1201 2142 1288 ’Δ

332 1306 451 1357 bet,
484 1305 524 1345 in
559 1303 751 1345 excubiis
783 1302 864 1354 sit,
898 1305 1071 1356 praesto
1102 1300 1159 1343 sit
1189 1303 1232 1342 et
1263 1303 1450 1355 paratus.

679 1662 967 1717 DOMITH
1004 1660 1224 1712 MARSI
1260 1647 1704 1711 EPIGRAMMA.

333 1829 593 1902 Domitius
640 1853 811 1896 Marsus
860 1854 967 1897 vixit
1012 1853 1280 1911 temporibus
1329 1852 1544 1908 Augusti,
1612 1849 1804 1904 aequalis
1855 1847 2041 1900 Horatii,

335 1939 532 1992 Virgilii,
578 1938 754 1980 Tibulli.
816 1939 1002 1995 Scripsit
1047 1939 1172 1994 epica
1213 1943 1258 1980 et
1300 1937 1495 1991 elegiaca
1526 1936 1713 1978 carmina
1744 1933 2038 1990 imprimisque

334 2022 655 2076 epigrammatis
702 2021 934 2074 excelluit,
981 2021 1103 2063 cuius
1150 2020 1323 2073 generis
1373 2019 1503 2061 etiam
1547 2016 1630 2060 hoc
1673 2021 1741 2060 est
1779 2013 2040 2072 epitaphium

337 2108 632 2145 consecratum
665 2103 803 2144 amico
843 2115 939 2144 suo.
999 2101 1107 2155 Egit
1138 2101 1193 2143 de
1225 2100 1305 2143 hoc
1335 2105 1467 2155 poeta
1499 2100 1857 2142 Bnoucrcmssms
1889 2096 2062 2154 impri—'

336 2186 501 2240 misque
532 2186 847 2227 Wmcnssnws
877 2185 919 2225 in
950 2184 1128 2226 Poetar.
1159 2182 1257 2223 Lat.
1292 2181 1466 2235 Reliqq.
1497 2196 1538 2237 p.
1567 2183 1651 2223 241
1687 2194 1780 2234 sqq.

455 2267 509 2309 V.
540 2270 569 2308 2
600 2281 663 2319 sq.
697 2278 924 2320 campos
954 2264 1112 2306 misit
1142 2262 1207 2304 ad
1237 2261 1488 2316 Elysios.
1549 2262 1818 2304 Huscnxms
1848 2259 2041 2316 reposuit

335 2350 382 2390 in
413 2349 593 2406 Elysios
626 2355 669 2391 et
699 2362 827 2404 supra
859 2349 894 2400 Ι,
925 2351 968 2399 3,
999 2350 1071 2389 58.
1116 2346 1279 2387 mavult
1321 2343 1384 2384 ad
1412 2342 1606 2401 Elysios.
1668 2344 1718 2386 In
1749 2356 1835 2399 quo
1865 2343 2041 2385 fallitur.

337 2433 564 2474 Domrrms
595 2430 660 2470 ad
686 2431 882 2486 scripsit,
914 2443 1011 2472 cum
1043 2427 1146 2471 nihil
1178 2428 1293 2470 dicat
1322 2428 1427 2469 nisi:
1459 2427 1710 2483 absumpsit,
1743 2427 1858 2469 misit
1888 2426 1941 2468 ad
1975 2415 2074 2468 iii-⁴
2119 2462 2121 2464 .

336 2515 478 2569 feros,
510 2516 710 2558 Tibullus
741 2527 845 2557 vero
876 2515 967 2570 ipsa
998 2514 1071 2555 illa
1102 2514 1199 2555 loca
1229 2511 1476 2555 describens
1507 2512 1733 2566 disertius,
1762 2513 1805 2555 in
1836 2525 1948 2566 quae
1975 2512 2042 2554 in-

339 2599 539 2640 troducat
570 2599 744 2650 VenuS‚
790 2597 834 2638 iu
878 2595 1032 2650 quibus
1077 2594 1164 2636 vita
1207 2594 1334 2636 beata
1378 2593 1522 2636 futura
1562 2595 1648 2647 sit,
1687 2579 1807 2636 'bene
1839 2594 2044 2650 praetulit

336 2683 397 2726 in.
428 2708 488 2716 —
528 2684 639 2726 Mox
669 2683 691 2724 f
699 2683 811 2725 orti
842 2681 985 2738 pede
1016 2684 1106 2722 est:
1139 2678 1390 2721 hexametro
1422 2677 1620 2730 heroico,
1654 2684 1699 2720 et
1729 2678 1872 2733 placet
1901 2677 2043 2720 suavis
2126 2675 2142 2716 2}

337 2767 556 2821 oppositio
600 2767 729 2808 etiam
769 2766 824 2807 ab
868 2765 1110 2808 Huscmuo
1151 2764 1387 2814 illustrata,
1433 2763 1478 2804 in
1518 2762 1807 2805 locutionibus
1851 2762 2042 2817 elegis

338 2849 546 2890 molles
578 2861 797 2891 amores
829 2849 963 2891 flere
998 2853 1043 2891 et
1073 2860 1282 2891 canere
1324 2845 1466 2888 forti
1501 2845 1641 2902 pede
1680 2845 1844 2900 regia
1875 2845 2041 2897 bella,

339 2929 379 2971 h.
413 2944 451 2973 e.
490 2944 642 2985 regum
676 2936 724 2973 ut
755 2932 859 2974 dicit.
889 2933 1028 2975 Vme.
1059 2930 1217 2984 Eclog.
1247 2929 1325 2983 VI,
1358 2932 1412 2972 3:
1464 2944 1563 2970 cum
1606 2942 1802 2969 canerem
1846 2942 1968 2984 reges
1998 2933 2044 2968 et

2127 2495 2143 2526 *ὁ

2132 2580 2138 2598 2

2128 2718 2148 2758 2,

2127 2760 2147 2825 'i

2115 2825 2148 2891 ,τε

337 3014 522 3070 proelia.
584 3016 895 3064 Suntamores
938 3027 1018 3070 per
1056 3027 1104 3056 se
1146 3014 1324 3066 molleS‚
1367 3012 1444 3054 sed
1488 3011 1678 3054 additum
1711 3016 1777 3053 est
1808 3009 2043 3066 epitheton,
2126 3025 2144 3067 ,21

338 3103 387 3139 ut
418 3099 640 3141 uervosior
668 3100 887 3154 oppositio
917 3102 1047 3141 esset.
1127 3097 1257 3144 Quod
1287 3097 1470 3152 denique
1489 3097 1673 3153 flevisse
1704 3097 1859 3140 dicitur
1887 3096 2043 3139 Tibul-

342 3183 408 3223 lus
438 3196 633 3229 czmores‚
680 3183 850 3226 abunde
892 3183 1154 3239 explicatum
1184 3181 1325 3224 vidisti
1354 3182 1398 3224 in
1431 3181 1739 3224 Dissertatione
1771 3180 2041 3224 Carminibus

340 3264 503 3306 Tibulli
537 3277 666 3320 supra
698 3266 957 3321 praemissa,
988 3279 1083 3321 cap.
1110 3265 1146 3309 Ι.
1176 3286 1233 3295 -·-

911 3390 1522 3414 w

2129 3071 2144 3146 ’ἐ
