2086 3756
859 172 1165 225 TIBULLI.
1634 190 1853 225 mxxxvii

156 318 416 372 bellorum
446 315 670 369 Veneris
710 313 1015 384 descriptio,
1062 323 1205 385 patet
1243 312 1525 368 iucundam
1567 331 1675 366 esse
1715 315 1852 366 mix-

155 416 355 468 tionem
393 431 588 466 rerum.
656 412 722 462 In
757 413 985 464 maximo
1023 429 1202 464 errore
1239 410 1491 474 versariS,
1539 407 1688 462 siad
1729 410 1850 461 sim-

154 510 431 577 pliciorum
467 506 746 572 elegiarum
781 506 1212 572 compositionem
1235 506 1432 559 Tibulli
1466 505 1640 573 copias
1672 504 1852 570 exigis,

154 607 247 658 Est
301 621 428 658 vero
481 601 814 667 ingeniorum
865 603 1092 653 aliorum
1144 605 1244 654 alia
1295 601 1498 654 indoles
1551 611 1602 651 et
1652 601 1852 652 habent

154 700 307 750 etiam
348 697 622 748 liberiores
665 705 839 748 motus
883 696 1181 750 animorum
1222 699 1305 749 ius
1349 715 1530 761 suum,
1583 713 1715 766 quos
1759 695 1851 766 qui

152 793 382 842 sublatos
413 792 623 856 volunt,
658 789 726 842 ad
756 791 1001 842 miseram
1031 790 1314 842 exilitatem
1342 802 1592 844 revocant
1627 792 1849 859 optimos

149 896 349 952 poetas.
417 885 503 935 Tu
538 882 658 937 vide
693 903 900 936 mecum
938 885 1066 936 alias
1101 885 1354 954 quasdam
1392 887 1693 937 harmonias
1729 904 1850 954 per-

147 980 393 1046 pulchras
425 977 787 1046 oppositarum
816 996 1013 1032 rerum.
1083 980 1225 1031 Talis
1256 991 1333 1031 est
1364 980 1668 1048 compositio
1700 981 1852 1031 belli-

149 1094 326 1127 carum
381 1084 434 1127 et
483 1085 787 1144 pacatarum
836 1094 1015 1128 rerum
1065 1078 1191 1142 eleg.
1239 1076 1287 1141 I,
1331 1084 1408 1142 7.,
1482 1075 1591 1126 ιώὶ
1619 1075 1849 1142 primum

146 1170 365 1222 victoria
409 1180 463 1222 et
504 1171 803 1239 triumphus
848 1172 1104 1224 Messalae
1149 1170 1212 1223 de
1247 1172 1523 1240 Aquitanis
1562 1171 1849 1239 ceterisque

145 1265 298 1317 sociis
331 1266 543 1334 populis
579 1266 810 1332 canitur,
848 1276 959 1318 tum
993 1284 1093 1334 per
1121 1275 1286 1317 terras
1321 1276 1372 1317 et
1404 1266 1641 1316 nationes
1675 1265 1850 1316 orien-

143 1364 300 1428 tales,
348 1379 479 1432 quas
521 1361 709 1413 deinde
752 1372 1115 1430 composuerat
1150 1363 1399 1426 Messala,
1448 1364 1521 1413 ita
1565 1378 1663 1425 nos
1708 1358 1851 1412 ducit

142 1471 300 1526 poeta
326 1470 388 1511 ut
413 1470 654 1528 pacatum
679 1469 869 1511 statum
894 1461 1134 1511 locorum
1164 1458 1452 1524 adumbret,
1486 1457 1847 1525 imprimisque

143 1553 207 1606 de
234 1555 454 1622 Aegypti
484 1555 751 1606 fertilitate
788 1565 839 1607 et
870 1552 1076 1608 Osiride
1113 1553 1263 1606 dicat.
1336 1555 1443 1605 Iam
1477 1553 1605 1622 quid
1636 1554 1846 1605 suavius

139 1651 464 1718 proeliorum
493 1649 716 1717 strepitu
742 1659 795 1701 et
820 1659 1125 1717 pacatarum
1148 1650 1423 1716 regionum
1443 1649 1580 1700 laeta
1608 1648 1847 1714 imagine,

141 1745 327 1796 bellica
370 1743 526 1795 laude
565 1754 615 1795 et
650 1743 865 1812 pacifica
900 1754 1074 1796 mente
1108 1744 1364 1796 Messalae
1409 1743 1465 1793 in
1513 1743 1696 1795 eodem
1734 1759 1847 1793 car-

138 1838 281 1890 mine
324 1835 641 1906 propositis!
714 1835 817 1889 Sed
861 1839 1175 1890 luculentius
1217 1838 1372 1888 etiam
1413 1837 1469 1887 in
1512 1839 1612 1889 hoc
1657 1855 1846 1904 genere

141 1953 351 1987 carmen
397 1935 475 2000 II,
518 1941 567 1988 5.
618 1944 725 2000 est,
795 1935 891 1985 ubi
935 1935 1148 2003 politica
1195 1931 1497 2000 magnitudo
1547 1932 1746 1982 Romae
1798 1943 1845 1982 et

138 2031 332 2082 rustica
363 2028 473 2084 vita
508 2038 927 2097 componuntur,
968 2039 1019 2080 et
1054 2026 1182 2097 quid
1216 2027 1378 2093 magis
1412 2027 1710 2077 Romanum
1748 2026 1844 2077 hac

139 2123 539 2188 coniunctione,
612 2141 730 2175 cum
781 2123 866 2174 hic
916 2125 1147 2190 populus
1199 2122 1348 2173 urbis
1400 2120 1735 2189 splendorem
1796 2134 1847 2173 et

67 2246 70 2249 ·
139 2219 518 2288 simplicitatem
551 2219 691 2269 ruris
727 2220 925 2286 pariter
964 2229 1176 2269 amaret.
1245 2219 1474 2268 Tantum
1511 2217 1669 2282 igitur
1703 2219 1846 2268 abest

140 2325 201 2367 ut
253 2313 574 2383 reprehendi
623 2314 709 2365 hic
763 2314 1054 2383 quidquam
1107 2314 1301 2381 possit,
1372 2324 1435 2365 ut
1483 2312 1845 2366 suavissimum

141 2421 452 2461 concentum
493 2410 856 2478 oppositorum
904 2411 1142 2461 locorum
1192 2407 1259 2460 ad
1306 2426 1465 2460 unam
1511 2407 1683 2462 ideam
1715 2426 1846 2462 con-

137 2506 448 2574 spirantium
479 2524 785 2574 expressum
811 2505 1098 2559 videamus.
1169 2505 1392 2573 Propria
1422 2516 1498 2557 est
1520 2508 1637 2557 laus
1661 2506 1846 2557 Tibul-

135 2602 304 2653 lianae
340 2619 559 2670 poeseos
594 2602 723 2654 haec
761 2601 1116 2670 oppositarum
1147 2619 1328 2654 rerum
1357 2602 1607 2666 varietas,
1643 2611 1695 2653 et
1727 2621 1845 2654 cum

134 2696 362 2750 maxime
410 2715 594 2750 cavere
643 2696 830 2754 debeat
878 2699 1038 2764 elegia
1084 2716 1151 2749 ne
1187 2699 1486 2766 languescat
1532 2699 1747 2750 affectus
1789 2699 1845 2749 in

135 2810 412 2862 processu,
463 2793 596 2845 nihil
637 2796 798 2862 magis
843 2804 1098 2846 sustentat
1141 2795 1246 2848 vim
1286 2814 1344 2848 ac
1380 2795 1612 2862 vigorem
1655 2805 1843 2847 tracta-

135 2891 311 2942 tionis.
398 2891 488 2942 Et·
513 2901 688 2943 tamen
736 2891 870 2944 nihil
906 2891 1216 2960 'perversius
1268 2904 1536 2960 acceptum
1578 2902 1656 2944 est
1705 2891 1844 2961 apud

136 2987 436 3051 Tibullum,
487 3005 644 3056 quem
678 2996 961 3055 propterea
996 2987 1120 3038 artis
1156 2987 1396 3052 ignarum
1434 2985 1698 3039 dixerunt.

245 3084 532 3152 Postquam
569 3082 633 3134 de
675 3093 783 3135 tota
826 3082 1030 3135 ratione
1076 3082 1280 3150 poetica
1317 3080 1727 3151 descriptionum
1767 3080 1844 3133 di-

138 3179 415 3233 sertissime
454 3178 771 3248 explicatum
807 3189 907 3243 est,
942 3178 1310 3247 persequimur
1345 3179 1524 3247 paucis
1556 3179 1760 3247 reliqua
1795 3188 1844 3226 et

139 3276 482 3341 absolvimus,
535 3294 668 3347 quae
714 3274 778 3334 de
826 3286 1086 3327 structura
1129 3272 1288 3325 medii
1338 3275 1578 3326 carminis
1624 3270 1844 3323 dicenda
