2158 3750
718 232 900 284 LIBR.
938 233 979 283 1.
1052 229 1252 283 ELEG.
1290 232 1332 281 1.
1809 237 1871 281 15

173 379 297 422 bonis
316 379 458 422 Vitam
471 377 649 422 Tibulli.
671 397 725 410 —
760 378 812 420 V.
832 379 904 419 20.
937 388 1015 419 mu
1032 388 1161 418 nera
1183 375 1356 418 fertis
1382 373 1565 418 illustrat
1589 373 1871 429 Huscnmus,

170 468 216 504 et
241 466 431 503 vestra
458 465 548 502 est:
580 459 704 502 vobis
730 458 888 501 debita·
951 458 1164 512 Loquitur
1186 462 1331 501 autem
1360 457 1415 500 de
1438 458 1749 502 ambarvalibus
1773 472 1872 502 vere

169 545 322 599 quovis
353 543 563 587 celebrari
592 542 753 595 solitis,
785 554 882 584 cum
913 540 1053 584 hostia
1084 548 1151 584 ter
1181 541 1472 586 circumducta
1505 542 1599 596 agri
1628 554 1871 596 gregesque

174 628 470 670 lustrarentur.
541 625 606 667 Ac
634 623 813 666 ditiores
842 621 1043 675 vitulam,
1089 623 1228 666 minus
1257 622 1412 666 divites
1440 636 1620 678 agnam,
1661 636 1871 680 pauperes

172 723 348 767 porcam
377 705 700 758 sacrificabant,
745 703 815 746 ubi
848 708 991 746 autem
1033 704 1279 747 solemniori
1311 705 1441 748 modo
1472 706 1700 750 coniuncta
1727 710 1870 748 essent

171 795 276 837 llaec
307 794 388 836 tria
419 803 607 846 genera,
658 787 964 831 suovetaurilia
995 788 1197 830 lactentia
1227 787 1506 842 dicebantur,
1556 789 1612 832 cf.
1648 790 1772 833 Voss.
1813 789 1869 832 ad

167 875 320 930 virgil.
353 875 518 926 Georg.
558 871 593 923 1,
626 885 667 926 p.
704 872 804 912 157.
857 867 1011 922 Eclog.
1045 868 1081 921 Ι,
1117 883 1160 923 p.
1190 871 1260 910 18.
1316 868 1586 915 Hssmnonr.
1627 870 1683 912 ad
1712 870 1864 914 Horat.

161 957 258 1000 Sat.
290 955 350 1007 11,
380 958 424 1007 3,
453 956 528 998 65.
588 952 883 996 Baoucxmss.
916 949 971 992 ad
1014 948 1054 994 h.
1089 950 1116 992 l.
1155 953 1202 993 et
1231 949 1329 992 vide
1360 950 1471 993 infra
1500 951 1866 996 Introductionem

159 1039 215 1083 ad
233 1038 292 1091 Π,
309 1041 350 1082 1.
367 1057 418 1070 -
443 1037 496 1079 V.
514 1038 588 1080 22.
615 1034 807 1091 hostia
837 1046 1007 1091 parva
1031 1037 1099 1078 est
1120 1033 1283 1090 optima
1309 1033 1454 1087 lectio,
1482 1046 1562 1078 nec
1581 1034 1726 1077 obstat
1749 1035 1863 1090 quod

161 1120 363 1175 exigui
391 1117 543 1171 adest3
573 1119 765 1173 graviter
791 1118 982 1172 loquitur
1010 1121 1056 1160 et
1079 1116 1308 1160 cumulate.
1372 1117 1548 1173 Magna
1579 1116 1651 1170 qui
1683 1116 1867 1171 probant

159 1207 223 1250 sic
253 1206 509 1259 ⁴intelligere
545 1204 730 1248 debent=
782 1217 900 1246 nunc
930 1215 1054 1260 agna
1094 1200 1222 1258 apud
1259 1215 1324 1242 me
1355 1214 1521 1259 magna
1551 1199 1703 1244 hostia
1733 1200 1867 1242 audit

158 1303 194 1334 s.
237 1287 439 1332 maxima
478 1297 574 1335 est,
618 1303 754 1349 qaam
797 1286 964 1345 afferre
1001 1300 1197 1344 possum.
1269 1286 1341 1330 Ex
1373 1287 1508 1331 altera
1539 1287 1706 1330 ratione
1736 1286 1865 1331 dicit:

160 1375 293 1416 Nunc
327 1389 413 1431 pro
443 1377 606 1431 exiguo
632 1387 745 1431 agro
771 1385 921 1429 parva
952 1370 1103 1412 hostia
1132 1367 1357 1426 affertur,
1396 1383 1547 1426 agna,
1593 1370 1708 1424 quod
1739 1370 1865 1414 flebi-

157 1459 250 1502 lius.
267 1482 324 1490 —
356 1472 395 1500 v.
408 1460 481 1501 23.
504 1459 579 1500 24.
609 1458 764 1512 Agna
793 1454 966 1498 cadet
995 1453 1185 1507 vobis,
1214 1452 1396 1496 vividius
1423 1457 1628 1508 surgente
1651 1454 1862 1507 oratione,

155 1541 284 1596 idque
317 1541 504 1596 optime,
549 1551 648 1582 cum
677 1541 912 1593 sequantur
945 1537 1100 1580 verba:
1148 1537 1197 1579 io
1227 1549 1444 1579 messes
1477 1541 1532 1579 et
1562 1537 1705 1579 bona
1736 1538 1863 1580 vina

155 1623 299 1668 date.
362 1624 438 1667 Sic
467 1621 647 1680 pulchre
674 1635 731 1666 ex
761 1621 976 1665 flebilibus
1003 1620 1143 1664 modis
1173 1619 1230 1663 ad
1261 1621 1442 1663 laetiora
1470 1621 1594 1663 redit.
1657 1621 1862 1665 Ceterum

153 1706 416 1751 antecedens
446 1706 624 1749 fertis
663 1719 706 1751 v.
735 1709 810 1750 20.
850 1717 937 1749 nou
967 1711 1058 1749 est:
1104 1705 1278 1759 feretis,
1321 1709 1369 1747 ut
1399 1704 1573 1758 quidam
1602 1705 1861 1761 intelligunt,

152 1788 254 1831 sed:
276 1788 408 1846 ferre
434 1786 587 1829 soletis
597 1803 615 1838 ,·
645 1800 759 1831 nunc
783 1793 930 1831 autem
950 1793 1175 1831 crescente
1197 1787 1421 1830 alacritate
1444 1789 1650 1831 orationis
1671 1789 1861 1833 futurum

152 1872 299 1916 inserti
320 1871 520 1914 debuisse
544 1870 676 1914 vides.
697 1891 755 1904 -—
785 1870 1008 1914 rustica
1039 1869 1243 1926 pubes,
1274 1882 1404 1923 quam
1432 1869 1476 1912 in
1506 1870 1684 1926 praedIo
1715 1869 1860 1917 habet.

270 1958 325 2001 V.
355 1958 513 2000 25-28.
573 1953 755 1998 Redit
782 1954 1057 2011 primaria
1087 1953 1402 1996 sententia.

270 2038 498 2082 Transitus
530 2035 599 2080 bic
629 2042 721 2080 est:
752 2036 924 2080 dixerat
947 2035 1002 2080 de
1033 2036 1230 2081 Laribus.
1292 2035 1428 2080 Lares
1458 2041 1601 2080 autem
1630 2037 1701 2091 qui
1735 2038 1858 2092 cogi—

150 2124 236 2174 tat,
282 2121 409 2164 simul
451 2119 804 2174 tranquillitatem
847 2119 961 2163 vitae
1008 2118 1125 2161 domi
1154 2126 1201 2161 et
1231 2118 1279 2162 in
1317 2118 1475 2175 patria
1514 2124 1637 2164 actae
1679 2121 1857 2175 cogitat,

59 2237 64 2240 -
151 2205 227 2248 ubi
258 2207 302 2248 in
334 2205 510 2263 proprio
539 2205 636 2247 solo
667 2203 827 2258 degas,
859 2216 939 2247 nec
970 2203 1076 2247 foris
1100 2215 1197 2247 cum
1229 2203 1331 2245 belli
1362 2202 1580 2247 laboribus
1609 2207 1654 2246 et
1684 2205 1857 2259 pericu-

148 2287 203 2330 lis
225 2288 417 2330 lucteris.
479 2287 631 2332 Quare
658 2285 861 2328 facillime
889 2290 935 2328 et
964 2284 1214 2327 suavissime
1245 2289 1374 2340 poeta
1412 2284 1467 2326 ab
1503 2285 1857 2328 antecedentibus

151 2370 207 2413 ad
237 2369 462 2424 sequeutia
492 2369 677 2413 ducitur.
747 2369 850 2409 Iam
878 2365 995 2410 enim
1024 2366 1215 2425 contigit
1245 2365 1368 2413 mihi,
1397 2368 1459 2409 ait
1485 2367 1638 2420 laetus,
1670 2373 1724 2408 ut
1747 2381 1858 2422 pos-

151 2454 233 2496 sim
263 2453 380 2495 domi
410 2459 648 2496 contentus
680 2450 828 2495 uivere
853 2465 1024 2508 parvo,
1054 2465 1132 2493 nec
1161 2465 1328 2507 semper
1358 2450 1518 2508 longae
1546 2449 1646 2493 viae
1677 2449 1856 2493 deditus

151 2549 245 2578 esse
275 2541 357 2578 etc.
420 2534 509 2578 Hic
537 2535 577 2578 si
607 2546 735 2578 verus
762 2546 902 2578 nexus
934 2537 1016 2587 est,
1046 2538 1095 2575 ut
1126 2533 1294 2576 videtur
1324 2546 1436 2586 esse,
1467 2546 1551 2575 non
1583 2533 1854 2589 probaverim

150 2619 431 2661 Laeuinum
463 2618 548 2660 mei
579 2617 893 2660 coniecturam:
937 2618 1037 2657 Iam
1070 2616 1195 2658 modo
1223 2616 1264 2659 .ςί
1289 2631 1497 2673 possum,
1531 2619 1654 2672 quasi
1686 2617 1855 2662 dubitet

147 2716 202 2746 an
234 2703 368 2759 possit
401 2707 630 2746 contentus
661 2702 807 2745 vivere
853 2714 1013 2758 parvo,
1053 2714 1140 2756 quo
1178 2701 1390 2756 frangitur
1431 2701 1609 2758 pulchra
1652 2704 1715 2746 vis
1757 2704 1855 2746 loci.

151 2784 246 2828 Nec
276 2786 421 2841 placet
453 2786 553 2826 Iam
580 2782 705 2831 volo,
735 2783 826 2826 iam
853 2798 1058 2840 possum,
1094 2783 1172 2828 sed
1203 2785 1328 2828 unice
1353 2799 1537 2841 possum
1568 2784 1637 2829 hic
1669 2800 1694 2828 a
1726 2792 1854 2843 poeta

150 2869 358 2924 scriptum
386 2880 558 2923 censeo,
588 2867 663 2923 qui
692 2867 880 2912 laetatur
909 2879 958 2910 se
989 2880 1131 2923 posse,
1161 2867 1243 2909 sibi
1276 2852 1526 2922 contigisse⁶
1544 2868 1741 2924 propitiis
1772 2868 1854 2912 diis

148 2956 197 2993 ut
237 2955 489 2994 contentum
528 2949 646 2994 domi
685 2951 832 2994 vivere
874 2951 1016 2993 liceat.
1079 2950 1223 2993 Multo
1265 2951 1403 2992 minus
1443 2951 1544 2990 Iam
1583 2949 1707 2997 volo,
1749 2964 1854 2992 nam

143 3049 325 3092 possum
355 3035 558 3078 Tibullus
599 3034 722 3079 dixit.
792 3035 988 3079 Ieiunum
1023 3035 1153 3078 etiam
1195 3039 1240 3078 et
1280 3035 1453 3078 minime
1491 3045 1638 3077 verum
1681 3031 1854 3089 Quippe

146 3132 227 3177 ego
256 3116 349 3160 iam
373 3132 583 3174 possum,
634 3122 712 3162 aut
747 3120 940 3162 Possum
971 3116 1132 3176 quippe
1171 3131 1252 3175 ego
1292 3116 1406 3163 iam,
1455 3116 1511 3159 ab
1541 3114 1853 3170 antiquioribus

146 3200 447 3244 coniectatum.
507 3200 721 3257 Displicet
751 3213 886 3258 porro
915 3202 1015 3242 Iam
1046 3199 1198 3247 modo,
1242 3199 1334 3242 iam
1356 3214 1568 3256 possum,
1609 3197 1726 3253 quod
1757 3209 1852 3239 cum

146 3281 315 3324 Gra-ro
348 3283 537 3326 Vossius
568 3283 685 3337 vult,
732 3282 807 3327 ubi
837 3283 1003 3328 nescias
1033 3282 1136 3338 quid
1178 3283 1235 3327 sit
1277 3282 1432 3336 modo,
1476 3284 1678 3325 monente
1722 3280 1850 3322 etiam

146 3362 412 3415 Huscnno,
455 3365 527 3418 qui
560 3369 702 3409 tamen
735 3364 850 3418 quod
880 3369 1042 3409 tentat:
1091 3367 1190 3407 Iam
1223 3379 1430 3422 possum,
1474 3364 1598 3407 modo
1629 3377 1714 3403 mm
1748 3375 1852 3400 ‹fon-
