2158 3750
337 270 443 317 208
736 260 1205 317 COMMENTAR.
1243 261 1320 315 IN
1356 263 1642 318 TIBULLI

339 409 445 454 haec
476 413 542 453 est
580 408 679 463 quia
705 406 750 449 in
790 406 928 462 primo
960 407 1277 462 Georgicorum
1319 407 1428 451 libro
1470 407 1525 453 de
1562 413 1713 464 segete
1743 412 2039 457 tantummodo

340 508 484 539 sermo
515 497 608 546 est,
658 504 743 535 non
774 490 829 534 de
860 491 1007 534 vitium
1039 490 1328 546 arborumque
1359 492 1478 534 cultu
1515 497 1559 535 et
1589 493 1789 548 pecuaria
1823 506 1899 548 re;
1945 496 2039 552 ipse

339 591 438 621 cum
469 575 630 618 Cerere
670 571 889 617 Bacchum
929 574 1150 629 componit
1190 572 1346 628 Eclog.
1379 574 1435 627 V,
1459 577 1538 617 πθ.
1583 579 1630 617 ut
1664 575 1708 618 in
1739 573 1822 619 hoc
1853 578 2039 622 carmine

338 660 564 714 Tibullus,
603 658 678 714 qui
707 663 850 701 tamen
882 656 992 700 deus
1023 670 1109 700 non
1138 659 1280 714 potuit
1310 659 1519 702 interesse
1554 657 1620 702 his
1648 661 1783 704 sacris
1813 664 2040 715 antequam

340 744 424 786 coli
472 745 516 787 in
562 744 688 787 ltalia
732 743 962 798 coepisset.
1040 743 1278 786 Praeterea
1324 743 1369 785 in
1414 749 1583 800 partem
1633 745 1860 788 veniebant
1907 746 2042 788 ceteri

338 831 536 883 agrestes
566 827 639 881 dii,
669 828 782 870 inter
811 839 919 882 quos
953 826 1090 871 Lares
1122 829 1300 881 rurales,
1326 827 1382 871 de
1413 828 1567 882 quibus
1599 826 1697 871 vide
1725 827 1761 880 Ι,
1794 830 1836 881 1,
1868 830 1926 870 19
1946 839 2041 882 sqq.

338 915 385 953 et
413 911 543 957 Voss,
575 909 630 953 ad
663 910 786 964 Virg.
819 909 973 964 Eclog.
1005 910 1059 954 V.
1093 925 1133 966 p.
1166 914 1296 964 255„
1340 923 1422 953 nec
1452 924 1538 953 non
1567 911 1641 953 alii
1671 911 1817 967 plures
1847 923 1874 953 a
1904 911 2042 954 maio-

338 993 456 1035 ribus
500 992 687 1035 familiae
726 992 916 1034 invocari
957 992 1103 1045 soliti;
1154 991 1281 1035 Cimo
1326 998 1498 1050 praeter
1537 993 1688 1037 Ianum
1730 997 1774 1037 et
1804 993 1954 1037 Iovem
1985 993 2041 1037 ad

338 1074 527 1117 Martem
559 1079 728 1130 patrem
767 1074 953 1116 maxime
995 1085 1149 1128 preces
1179 1072 1340 1127 dirigit.
1402 1076 1640 1130 Appositae
1679 1075 1746 1120 his
1788 1075 1948 1133 dapes,
1993 1081 2043 1119 ut

337 1156 516 1214 pulchre
546 1158 746 1201 Tibullus
786 1157 830 1198 in
866 1156 952 1198 fine
993 1155 1194 1197 carminis
1235 1155 1364 1198 etiam
1395 1157 1600 1200 Amorem
1641 1157 1699 1200 ad
1735 1158 1870 1216 dapes
1900 1165 2042 1214 vocat,

339 1247 384 1284 et
414 1242 565 1284 libatio
603 1242 657 1284 iis
699 1240 814 1283 facta
854 1243 922 1282 est
962 1244 1008 1282 et
1037 1244 1139 1282 vota
1179 1246 1452 1295 nuncupata,
1500 1240 1537 1283 si
1567 1253 1704 1284 annus
1733 1240 1840 1284 felix
1875 1241 2042 1287 fuisset.

338 1329 483 1381 Atque
513 1324 621 1368 haec
663 1323 894 1377 hactenus3
938 1323 1174 1380 disputavit
1214 1323 1270 1366 de
1313 1322 1643 1367 Ambarvalibus
1683 1324 1816 1368 etiam
1855 1324 2044 1369 Vossms

338 1408 392 1451 ad
422 1409 577 1462 Virgil.
609 1409 775 1462 Georg.
807 1407 842 1460 Ι,
874 1422 920 1463 p.
951 1409 1038 1450 156
1071 1419 1165 1462 sqq.
1197 1410 1243 1450 et
1273 1405 1431 1462 Eclog.
1464 1408 1520 1453 V.
1551 1422 1594 1465 p.
1625 1411 1748 1463 265„
1779 1420 1910 1463 quem
1937 1421 2044 1453 con-

337 1490 469 1534 feres,
526 1489 622 1532 Nos
660 1488 726 1532 his
765 1488 1011 1546 praemissis
1050 1490 1228 1546 propius
1265 1490 1513 1534 accedimus
1554 1490 1609 1533 ad
1640 1491 1911 1548 propositum
1946 1504 2046 1536 car-

339 1587 454 1618 men.
510 1572 747 1616 Tractatur
789 1571 922 1626 igitur
960 1572 1007 1614 in
1055 1584 1110 1615 eo
1155 1584 1326 1616 sacrum
1370 1572 1630 1618 ambarvale.
1663 1599 1666 1602 «
1702 1571 1860 1629 Neque
1899 1579 2044 1618 tenen

338 1658 528 1702 narratio
558 1656 627 1701 hic
654 1655 838 1699 habetur
862 1661 939 1699 aut
965 1655 1204 1712 descriptio
1233 1658 1576 1712 generalis÷talis
1600 1657 1899 1712 solemnitatis,
1927 1658 2046 1714 quod

337 1754 426 1787 non
457 1743 707 1786 conveniret
736 1741 874 1796 lyrico
915 1746 962 1784 et
1001 1740 1198 1796 elegiaco
1239 1746 1424 1797 poetae,
1471 1741 1552 1785 sed
1584 1741 1807 1786 celebrans
1839 1744 1935 1800 ipse
1963 1744 2046 1787 ali·-

339 1815 512 1884 quando
551 1826 660 1870 haec
699 1839 824 1870 sacra
865 1826 908 1869 in
952 1825 1130 1882 praedio
1161 1837 1242 1869 suo
1271 1824 1498 1881 Tibullus,
1544 1825 1612 1870 sic
1654 1827 1857 1870 carmine.
1885 1827 2045 1872 festum

341 1925 547 1969 praesens
574 1911 871 1968 persequitur,
907 1915 957 1953 ut
987 1911 1124 1967 ipsam
1143 1922 1244 1953 rem
1276 1909 1377 1953 dum
1409 1909 1556 1965 agitur
1584 1914 1688 1953 ante
1716 1910 1869 1954 oculos
1897 1915 2043 1967 ponat.

340 1995 511 2041 Quodsi
541 1993 639 2037 hinc
669 1993 724 2036 de
754 1990 964 2035 divisione
999 1997 1044 2035 et
1075 1992 1366 2048 dispositione*
1387 2004 1531 2036 rerum
1563 1991 1936 2047 quaerimm,?='ita
1964 2004 2044 2036 ra-

337 2081 502 2123 tionem
545 2079 713 2134 elegiae
753 2078 965 2121 adornare
1005 2077 1158 2120 debuit
1203 2081 1270 2118 ut*
1298 2076 1468 2132 potiora
1507 2081 1713 2133 'tempera
1736 2077 2046 2120 .,solemnitatis

339 2163 727 2219 complecteretur,
766 2161 1061 2216 conderetque
1090 2165 1231 2204 totum
1260 2161 1481 2217 expressis
1508 2161 1952 2218 praecipuis-actibus
1980 2162 2046 2204 rei

339 2244 518 2302 pulchre
551 2245 810 2288 absolutum.
838 2268 842 2272 ·
871 2247 1016 2300 Atque
1045 2245 1108 2287 ita
1136 2244 1300 2288 sactum
1329 2255 1429 2288 esse
1459 2257 1572 2287 nunc
1603 2244 1894 2288 ostendemus.
1953 2243 2046 2299 Igi-

338 2333 411 2370 tur
449 2325 635 2384 primum
680 2317 900 2370 indicitur
931 2341 1138 2374 sacrans.
1212 2328 1395 2372 Iubetur
1436 2328 1680 2383 silentium,
1724 2327 2048 2382 vocanturzzdii,

343 2413 609 2470 praecipitur
637 2414 810 2468 requies
852 2417 995 2457 terrae
1026 2412 1361 2469 hominumque,
1401 2417 1604 2457 arcentur
1630 2413 1840 2471 a'sacris.
1858 2412 2049 2468 quasis-n

340 2498 462 2542 casti.
521 2497 605 2542 Est
633 2496 703 2540 hic
733 2485 897 2554 primus
928 2503 973 2541 et
1005 2499 1204 2554 praevius
1232 2502 1380 2552 actus,
1407 2502 1461 2541 ut
1485 2498 1547 2541 ita
1577 2497 1746 2552 dicam,
1766 2497 2050 2541 -in-omnibuu

340 2585 492 2628 sacris.
563 2578 914 2639 'Sequitur-*nunc
945 2582 1100 2626 divina
1130 2597 1211 2625 res*
1229 2581 1374 2639 ipsas
1414 2582 1489 2626 ubi
1514 2581 1636 2626 -duos
1660 2587 1782 2627 actus
1812 2582 2049 2638 distinguo.

337 2666 534 2710 PrImum
575 2666 697 2711 etnim¹
722 2652 783 2710 'fit‘
820 2666 1162 2714 circumductio,
1210 2665 1484 2713 immolatio,
1525 2666 1746 2723 precatio.
1782 2668 1952 2722 ‘Atque
1979 2665 2050 2709 hic

340 2748 528 2792 observa·
562 2748 770 2792 iudicium
801 2751 972 2805 poetae.
1023 2747 1146 2791 ··Non
1178 2747 1386 2791 describit
1415 2747 1611 2804 pluribus
1640 2747 2050 2793 circumductionem

339 2830 508 2876 hostiae
550 2837 596 2876 et
619 2833 976 2876 immolationem
1005 2837 1082 2875 aut
1100 2837 1212 2876 ante
1244 2823 1393 2876 oculos
1415 2837 1594 2875 nostros
1625 2831 1699 2887 agi
1730 2830 1892 2885 voluit,
1932 2842 2052 2885 quae

339 2925 410 2958 res
442 2915 525 2958 nisi
562 2902 693 2959 illatis
723 2915 985 2958 ornamentis
1015 2914 1158 2957 ieiuna
1197 2914 1374 2968 fuisset,
1423 2914 1502 2958 sed
1536 2913 2050 2970 hanc-quidempartem

339 3008 485 3040 rerum
514 2996 704 3040 breviter
733 3002 779 3039 et
817 2997 1059 3040 summatim
1090 2996 1349 3040 adumbrans
1381 2995 1572 3044 cernite,
1613 2996 1696 3050 ait,
1718 2993 1977 3053 'fulgentes
1995 2999 2051 3037 ut
2131 3010 2154 3060 ,Γ

340 3087 419 3120 eat
449 3067 577 3121 sacer
606 3083 754 3138 agnus
784 3077 847 3119 ad
876 3092 984 3121 aras
996 3085 1010 3127 ,'
1050 3079 1292 3138 vinctaque
1316 3086 1424 3136 post
1453 3077 1553 3120 olea
1583 3075 1779 3119 eandida
1808 3074 1947 3118 turba
1976 3090 2050 3118 co-

341 3174 439 3201 mas
455 3187 467 3207 ‚
511 3161 667 3215 quibus
713 3155 856 3206 verbis
899 3164 994 3218 quis
1034 3177 1120 3208 non
1161 3165 1294 3209 sentit
1335 3164 1499 3207 dictum
1540 3161 1659 3218 quod
1676 3161 1806 3204 vastis
1842 3165 1903 3204 et.
1933 3160 2051 3215 quod

344 3244 649 3304 aptissimum?
720 3247 915 3290 Alterum
952 3261 1058 3291 vero
1074 3281 1087 3303 ,
1130 3262 1285 3306 preces
1311 3249 1428 3292 inter
1457 3245 1742 3299 sacrificium,
1789 3243 2049 3299 explicatius

342 3331 504 3371 tractat
547 3332 594 3372 et
634 3330 827 3385 pluribus
870 3334 1169 3388 persequitur;
1209 3346 1307 3377 nam
1338 3332 1420 3376 hoc
1449 3336 1517 3376 est
1546 3330 1733 3378 maxime
1764 3328 1946 3383 lyricum
1974 3338 2048 3370 ar—

343 3415 610 3466 gumentum.
671 3411 827 3468 Neque
855 3418 1003 3460 tamen
1031 3416 1076 3463 in
1103 3430 1156 3462 ea
1186 3429 1235 3461 re
1260 3416 1416 3462 nimius
1446 3419 1537 3469 est,
1571 3412 1650 3458 sed
1678 3410 1855 3456 modum
1884 3410 2046 3455 iustum
