2158 3750
684 281 865 335 LIBR.
901 283 942 335 1.
1014 282 1214 337 ELEG.
1249 284 1393 337 VIII.
1773 292 1873 341 173

183 421 356 465 stitutus
396 427 486 477 est,
531 424 641 468 bene
685 431 863 469 notante
913 425 1292 470 thnssnmcmo
1333 424 1403 470 bic
1445 431 1491 470 et
1537 427 1580 470 iu
1623 427 1871 474 Observatt,

181 506 293 550 eritt.
325 506 368 549 in
399 505 600 563 Aeschyl.
628 520 675 565 p·
700 512 804 554 1⁸9.
863 510 941 553 Sic
969 509 1080 552 anni
1104 517 1327 552 tumentes
1357 511 1503 555 Sum.
1533 508 1685 554 Achill.
1708 511 1747 565 1,
1767 515 1873 556 292.

180 588 370 634 vossms
399 592 569 636 confert
595 593 708 637 Stat.
735 591 884 637 Theb.
921 594 979 647 11,
1016 596 1131 638 204:
1176 594 1414 651 Deiphilen
1454 594 1631 637 tumida
1659 594 1751 638 iam
1779 596 1876 639 vir«-

176 670 396 729 ginitate,
436 679 487 717 et
508 673 772 718 &Annum
801 674 967 728 XXXI,
1000 676 1113 718 1252
1164 682 1350 717 matura
1380 676 1588 718 tumescit
1616 675 1873 735 virginitas,

178 751 238 796 Et
267 755 351 797 alia
379 755 692 798 similia·ve1ba
719 767 748 797 a
779 767 849 798 me
880 759 1028 797 notata
1059 754 1159 798 vide
1186 755 1242 798 ad
1273 757 1476 800 Pmmu.
1506 757 1636 813 Pyth.
1663 759 1742 812 lv,
1770 763 1872 804 158.

178 837 310 882 Quod
339 851 522 894 persona
551 840 645 895 ipsa
674 843 843 881 tumere
882 838 1066 892 dieitur,
1114 844 1163 881 ut
1193 839 1294 891 alibi
1325 841 1574 895 virginitas,
1617 844 1746 898 anni,
1789 857 1874 888 non

178 923 323 974 potest
350 919 446 962 iure
475 932 734 974 quemquam
761 917 1008 972 offendere}
1055 920 1198 975 placet
1227 919 1383 963 fortior
1424 923 1586 966 locutio
1616 925 1659 966 in
1690 926 1766 968 tali
1795 926 1876 969 de-

174 999 422 1055 scriptione.
451 1022 513 1032 —
557 1005 617 1044 et
657 1006 898 1045 teneros
941 1002 1209 1045 conserit
1247 1015 1426 1058 usque
1468 1005 1637 1049 sinus·
1698 1008 1875 1064 Optime

175 1082 396 1127 Hamus
423 1084 618 1130 confert:
649 1091 831 1142 pectora
861 1085 1059 1142 iungere,
1089 1085 1146 1130 de
1176 1087 1381 1144 amplexu
1412 1089 1628 1143 venereo,
1657 1096 1705 1133 ut
1735 1093 1873 1136 Ovm.

174 1166 283 1210 Met.
317 1168 377 1222 11,
418 1171 530 1212 604:
590 1175 638 1211 et
677 1169 762 1211 illa
801 1184 884 1212 suo
925 1169 1063 1212 toties
1105 1184 1220 1212 cum·
1243 1177 1422 1227 pectore
1460 1170 1645 1219 iuncta,
1692 1173 1873 1217 Heroid.

173 1249 273 1303 XV,
303 1253 416 1294 191:
465 1258 521 1292 at
565 1259 737 1309 quanto
782 1251 940 1294 melius
980 1251 1111 1311 iungi
1153 1267 1251 1294 mea
1290 1260 1478 1309 pectora
1520 1261 1691 1309 tecum,
1741 1271 1875 1314 quam

169 1340 383 1388 poterant
411 1332 539 1376 saxis
560 1334 910 1391 praecipitanda
940 1334 1066 1382 dari,
1099 1341 1144 1378 et
1173 1335 1352 1378 miscere
1375 1344 1562 1393 pectora
1592 1339 1734 1384 S'm‘r.
1765 1341 1873 1383 Silv.

173 1416 209 1469 1,
240 1420 342 1460 106.
402 1417 523 1461 ldem
552 1427 666 1460 nunc
696 1422 787 1462 est=
822 1419 941 1462 sinus
982 1432 1226 1464 conserere.
1285 1421 1404 1464 Dicit
1428 1423 1587 1476 igitun
1617 1423 1719 1466 dum
1750 1425 1875 1468 iuve-

174 1501 241 1544 nis
281 1506 348 1544 est
388 1505 434 1544 et
473 1513 689 1556 nmquam
731 1512 817 1544 uon
847 1502 1050 1544 iuvenilia
1085 1506 1263 1558 pectora
1297 1503 1463 1558 iungit,
1511 1503 1553 1548 h.
1585 1517 1624 1547 e.
1656 1507 1872 1560 iuvenilia,

175 1584 319 1627 mollia
359 1588 538 1640 pectora
579 1581 746 1638 babet‚,
776 1596 890 1639 quae
918 1588 1076 1628 >tecum
1119 1585 1283 1640 iungat.
1345 1585 1553 1640 Oppones
1584 1599 1688 1629 vero
1729 1593 1874 1632 mente

173 1656 311 1721 rigida
341 1666 534 1710 membra
562 1665 660 1709 cani
689 1667 918 1720 amatoris,
964 1671 1010 1709 et
1047 1666 1294 1710 memineris
1331 1667 1377 1710 id
1417 1681 1551 1722 agere
1582 1674 1782 1725 poetam,
1825 1678 1874 1715 ut

173 1749 365 1805 pelliciat
410 1749 613 1806 puellam.
700 1748 816 1791 Hine
863 1748 995 1791 etiam
1041 1748 1314 1803 sequentium
1364 1761 1564 1793 versuum
1615 1752 1873 1807 explicanda

174 1831 370 1874 lascivior
399 1832 525 1894 ratio.
587 1830 794 1874 Bmmtm
822 1831 1023 1887 eorrupit
1049 1831 1191 1874 locum
1221 1831 1301 1885 sic,
1329 1835 1378 1873 ut
1409 1831 1679 1874 conseruisse
1708 1836 1873 1878 scribe-

173 1917 253 1955 ret.
295 1936 358 1945 —
418 1913 472 1957 V.
503 1916 563 1956 3⁴1
594 1925 660 1967 sq.
714 1910 1044 1966 anhelanti,
1099 1911 1284 1968 cupido,
1333 1915 1546 1956 aestuanti
1592 1917 1764 1959 affectu.
1814 1940 1873 1949 —

172 1995 566 2051 pugnantibus
611 1995 857 2050 linguis,
909 1993 951 2037 b.
982 2007 1022 2039 e.
1062 1996 1176 2038 inter
1217 1996 1378 2038 luctam
1418 1996 1678 2052 linguarum.
1753 2000 1872 2043 Male

170 2077 284 2122 enim
305 2079 522 2122 Vossms:
551 2076 725 2122 humida
755 2079 912 2133 linguis
941 2079 1249 2135 pugnantibus,
1278 2080 1434 2136 iungit.
1496 2082 1701 2125 Ceterum
1727 2085 1871 2127 Wmv-

171 2174 453 2206 nnnucnms
478 2168 601 2207 recte
631 2167 854 2220 comparat
893 2163 1322 2217 καταγλωττίσματα
1363 2179 1475 2220 quae
1506 2167 1688 2211 Graecis
1721 2168 1872 2213 dicun-

169 2251 265 2299 tur,
307 2247 394 2291 vid.
424 2247 741 2291 Ans-romum
771 2247 890 2291 Nub.
920 2249 994 2291 52.
1020 2247 1126 2302 ibiq.
1157 2246 1305 2291 Schol.
1339 2253 1385 2291 et
1415 2249 1686 2305 interprett.,
1729 2253 1871 2306 qualia

170 2329 383 2373 Venerem
412 2330 685 2373 comitantur.
714 2349 776 2364 —
822 2328 1014 2383 figere
1041 2328 1216 2372 deute
1245 2335 1440 2384 notas,
1483 2330 1538 2374 ef.
1565 2331 1606 2385 Ἰ,
1634 2335 1677 2385 6,
1711 2335 1781 2375 14.
1811 2355 1871 2366 --

171 2413 224 2456 V.
257 2415 317 2455 39
346 2426 442 2468 sqq.
504 2411 675 2458 Quodsi
705 2416 883 2466 eontra,
920 2412 1091 2468 pergit,
1122 2412 1244 2455 lucro
1274 2413 1425 2455 florem
1455 2413 1611 2456 aetatis
1640 2426 1870 2458 eonsecra-

171 2495 310 2548 veris,
354 2495 491 2538 tristIs
519 2500 788 2539 senectutem
819 2495 1058 2550 transiges,
1106 2508 1190 2539 nec
1219 2495 1450 2540 laetaberis
1479 2497 1661 2552 pecunia
1691 2503 1872 2542 ornatu-

169 2589 256 2632 que
299 2579 518 2635 pretioso,
562 2580 682 2623 nullo
723 2591 836 2635 quae
876 2580 1056 2623 amatori
1087 2579 1275 2636 cupiaris
1305 2584 1352 2622 et
1387 2578 1568 2634 frigidas
1597 2584 1748 2623 noctes
1778 2582 1870 2624 sola

167 2663 369 2707 dormias.
440 2663 589 2706 Utitur
630 2676 736 2707 vero
774 2665 949 2707 suavius
993 2664 1122 2707 tertia
1166 2677 1353 2720 persona
1395 2676 1459 2719 pr.
1501 2663 1714 2718 secunda,
1758 2678 1869 2720 quae

167 2745 304 2789 lenior
333 2749 401 2789 est
430 2744 681 2790 admonitio.
710 2766 769 2779 -·
812 2745 989 2801 lapis,
1020 2742 1062 2789 ln.
1092 2758 1133 2789 e.
1162 2745 1357 2798 uniones,
1389 2746 1663 2799 margaritae,
1694 2747 1870 2791 auribus

167 2828 370 2874 ornandis
409 2836 456 2874 et
496 2831 637 2884 collo,
685 2835 736 2874 ut
765 2842 963 2886 gemmae
993 2829 1157 2886 digitis.
1219 2829 1457 2874 Mina-ru..
1488 2830 1568 2883 XI,
1601 2833 1686 2874 502
1737 2831 1870 2872 Nunc

162 2909 318 2966 plorat
346 2909 525 2968 speculo
546 2909 711 2970 fallax
739 2910 908 2954 ancilla
937 2909 1118 2958 relicto,
1148 2925 1323 2970 gemma
1354 2911 1424 2953 vel
1454 2926 1484 2953 a
1516 2911 1658 2970 digito
1692 2912 1763 2955 vel
1791 2927 1870 2955 ca-

168 2992 237 3035 dit
277 3009 388 3036 aure
428 2993 563 3051 lapis.
634 2995 787 3039 Multis
826 2996 1039 3052 exemplis
1085 2995 1240 3052 lapidis
1281 2995 1639 3050 significationem
1683 2996 1871 3039 illustrat

167 3075 541 3119 Bnoucxuusws.
570 3097 632 3112 —
661 3089 804 3132 quae
833 3077 1109 3131 dormiat,
1140 3077 1488 3121 conditionaliter
1518 3077 1681 3121 dictum
1706 3079 1870 3135 accipe,

168 3162 213 3200 et
253 3157 479 3214 frigore
517 3158 814 3214 significanter
853 3159 1044 3216 positum
1074 3172 1138 3217 pr.
1170 3158 1326 3206 hieme.
1391 3161 1504 3204 Nam
1534 3162 1650 3205 aliud
1681 3166 1747 3205 est
1771 3160 1870 3219 fri-

166 3236 321 3294 gidum
350 3238 495 3279 iacere
523 3242 599 3281 aut
619 3236 832 3298 frigidas
859 3246 1009 3283 noctes
1034 3252 1168 3298 agere
1201 3253 1266 3297 pr.
1297 3241 1437 3286 solum
1467 3242 1627 3286 cubare
1657 3241 1713 3286 cf.
1745 3242 1870 3285 Mn·-

170 3331 362 3364 scuntr..
404 3320 460 3364 ad
501 3321 657 3364 Horat.
701 3319 782 3375 111,
812 3323 855 3374 7,
884 3323 929 3364 6.
1002 3320 1208 3366 Ceterum
1254 3336 1340 3367 non
1385 3323 1679 3378 desiderabis,
1726 3337 1869 3380 spere,

172 3402 286 3454 quod
316 3402 581 3448 Huscust
626 3404 826 3461 proponit
867 3404 1022 3462 partim
1053 3406 1429 3451 Snooeuouvnuuu
1475 3410 1675 3452 secutus:
1724 3407 1869 3462 Quam
