2158 3750
723 267 906 321 LIBR.
940 268 1006 317 ll.
1079 265 1276 319 ELEG.
1316 266 1355 318 Ι.
1774 273 1877 319 209

166 419 340 470 servat3
389 421 437 459 et
465 414 662 460 conferre
691 426 790 460 cum
825 413 1003 458 Tibullo
1032 412 1194 457 iuvabit
1225 410 1356 456 verba
1386 423 1412 455 e
1443 411 1612 455 Catone
1639 419 1771 468 supra
1812 414 1881 455 al·-

164 501 258 542 lata
286 503 336 541 ut
363 499 606 554 intelligas,
645 502 809 553 quanto
837 498 970 541 etiam
999 495 1243 551 elegantius
1274 495 1445 551 poetica
1473 508 1545 539 ars
1575 493 1682 540 haec
1713 500 1876 539 tracta-

166 583 301 638 verit,
333 596 463 637 quam
492 595 597 626 usus
627 581 817 636 vulgaris
846 581 995 623 talium
1025 593 1203 636 precum
1231 579 1415 624 ferebat.
1476 578 1590 624 Add.
1612 579 1806 624 Fusa-mu
1837 592 1876 625 s.

163 679 203 708 v.
246 669 474 710 Pesestas.
535 665 628 710 Sed
669 664 938 722 pergendum
981 668 1062 706 est.
1120 663 1466 707 Immolationem
1507 660 1674 706 hostiae
1713 673 1875 718 seque-

164 747 318 792 bantur
355 748 515 806 epulae
553 762 655 791 cum
694 746 838 794 ludis,
885 759 1017 802 qnam
1059 747 1240 790 alteram
1270 751 1437 802 partem
1468 747 1533 790 rei
1562 746 1733 805 divinae
1762 745 1872 790 dici—

160 843 268 875 mus.
328 830 458 875 Hunc
486 831 629 875 locum
659 835 788 887 poeta
815 830 1025 886 imprimis
1058 828 1238 886 pulchre
1268 831 1449 873 ornavit.
1509 831 1576 873 Ac
1606 830 1662 874 de
1690 830 1874 887 dapibus

158 911 331 965 quidem
361 917 501 966 tacet,
541 913 635 955 iure
664 911 795 954 etiam
824 908 907 952 hoc
937 910 1174 964 transiens,
1204 910 1284 954 sed
1316 925 1415 954 cum
1444 916 1548 955 exta
1577 914 1774 969 inspecta
1795 913 1874 966 -fe-

156 993 281 1036 licem
319 1006 476 1036 annum
515 994 856 1048 significassent,
900 994 1040 1037 laetus
1083 994 1140 1038 ab
1182 993 1263 1038 hac
1307 1008 1356 1038 re
1397 995 1510 1040 viam
1548 996 1605 1039 ad
1645 997 1872 1052 sequentia

155 1089 310 1132 parans
349 1079 497 1122 statim
538 1078 595 1122 ad
635 1079 734 1123 vina
774 1081 1066 1135 convertitnr3
1110 1080 1254 1137 poscit
1285 1081 1518 1124 Falernum
1550 1080 1792 1137 Chiumque
1822 1087 1870 1125 ut

152 1161 312 1204 libetur
340 1161 422 1205 diis
453 1167 499 1206 et
530 1164 698 1220 potatio
727 1164 817 1209 fiat.
875 1163 1083 1220 Iamque,
1123 1169 1173 1208 ut
1202 1169 1349 1209 amant
1379 1169 1554 1208 cantum
1585 1165 1771 1223 pocula,
1814 1163 1870 1206 ad

152 1244 301 1288 landes
330 1245 444 1288 ruris
474 1250 519 1288 et
547 1246 755 1290 ruralium
785 1246 967 1290 deorum
996 1246 1312 1304 praedicandas
1342 1247 1525 1291 accedit.
1595 1245 1871 1305 Agrestibus

156 1327 268 1375 dii-³3
299 1329 391 1381 ait,
417 1327 543 1371 vitae
575 1327 783 1373 cultioris
811 1329 934 1373 ratio
967 1328 1167 1374 debetur.
1239 1329 1370 1377 Quod
1399 1335 1698 1385 argumentum
1729 1329 1869 1372 tribus

150 1412 261 1456 locis
296 1412 459 1456 divisit.
515 1413 711 1458 Primum
751 1414 867 1458 enim
908 1415 1113 1458 alimenta
1144 1414 1325 1456 meli0ra
1355 1413 1599 1456 docuerunt
1629 1426 1710 1470 pro
1740 1415 1868 1468 glan-

152 1493 280 1538 dibus
306 1493 540 1549 herbisque
575 1494 703 1549 feris,
748 1500 796 1538 et
835 1495 975 1540 victus
1016 1495 1166 1552 copias
1194 1496 1360 1538 rurales
1390 1501 1704 1549 monstraruut3
1746 1502 1868 1538 ortae

152 1593 284 1636 porro
309 1585 429 1624 artes
455 1593 585 1635 rure,
630 1585 678 1624 et
705 1579 899 1624 musicae
927 1585 975 1625 et
1007 1592 1156 1624 earum
1188 1579 1500 1636 simpliciores,
1541 1592 1652 1634 quae
1683 1579 1738 1622 ad
1768 1593 1868 1623 cor-

148 1664 268 1719 poris
294 1664 461 1708 cultum
484 1669 532 1708 et
559 1667 760 1726 ornatum
789 1663 1035 1721 pertinent3
1064 1664 1200 1708 tertio
1227 1665 1328 1708 loco
1361 1665 1491 1708 etiam
1521 1665 1726 1708 Amorem
1762 1675 1865 1707 rure

148 1752 297 1792 natum
323 1747 552 1804 discimus,
588 1749 666 1804 qul
699 1753 751 1792 et
788 1761 953 1804 greges
992 1754 1128 1804 auget
1163 1753 1208 1792 et
1241 1747 1484 1792 hominibus
1516 1749 1630 1792 bona
1663 1750 1867 1804 malaque

149 1830 291 1874 affert.
364 1830 536 1877 Quibus
577 1830 754 1886 quidem
794 1831 938 1875 tribus
975 1832 1089 1875 locis
1127 1832 1225 1887 quis
1263 1845 1352 1877 non
1395 1831 1528 1875 sentit
1577 1830 1866 1888 pulcherrime

149 1915 423 1971 complexum
441 1920 629 1971 poetam
652 1927 772 1971 quae
798 1914 886 1960 dici
914 1914 1133 1959 debebant
1162 1916 1321 1958 omnia.
1383 1915 1496 1958 Nam
1532 1916 1699 1969 victus,
1733 1921 1866 1967 artes,

146 1999 306 2042 amoris
334 1998 496 2053 gaudia
526 2002 576 2042 et
594 2010 861 2052 munnae,
906 1996 1014 2040 haec
1050 2001 1154 2040 suut
1194 1995 1394 2053 profecto
1428 1995 1705 2040 fundamenta
1739 1998 1867 2051 vitae,

149 2086 194 2123 et
219 2081 442 2137 praeclare
470 2080 700 2138 proposuit
731 2084 864 2137 poeta
893 2078 1039 2123 ideam
1076 2078 1273 2136 partibus
1313 2079 1407 2122 suis
1448 2079 1708 2123 absolutam.
1770 2079 1868 2124 Neo

149 2178 304 2209 vereor
329 2178 386 2209 ne
415 2167 487 2210 cui
515 2165 732 2221 digressio
760 2163 832 2209 hic
873 2177 973 2208 esse
1000 2164 1202 2208 videatur
1229 2164 1404 2220 longior
1433 2178 1458 2207 a
1489 2163 1679 2209 themate
1710 2166 1868 2208 carmi-

70 2242 74 2246 ’
146 2249 241 2303 nis,
281 2262 382 2292 eum
420 2260 509 2292 non
551 2247 820 2303 digrediatur
861 2251 996 2303 poeta
1024 2260 1107 2290 nec
1135 2247 1278 2290 aliena
1309 2247 1519 2290 attulerit.
1595 2247 1721 2291 Sacri
1754 2248 1869 2291 enim

149 2332 405 2375 ambarvalis
443 2331 694 2375 solemnitas
733 2343 836 2375 ou-
877 2329 1162 2386 implorandis
1203 2342 1285 2386 pro
1324 2329 1600 2372 successibus
1643 2330 1743 2372 anni
1785 2330 1869 2372 diis

149 2416 348 2458 instituta
375 2416 459 2468 sit,
490 2413 717 2469 quomodo
743 2415 843 2469 quis
872 2415 1027 2459 melius
1057 2412 1241 2456 honoret
1270 2424 1348 2455 eos
1379 2416 1424 2455 et
1455 2412 1668 2467 propitios
1697 2410 1867 2464 reddat,

152 2512 284 2555 quam
312 2505 490 2556 praeter
517 2499 779 2543 sacrificium
809 2499 941 2542 etiam
981 2497 1135 2541 laudes
1176 2497 1390 2550 offerens,
1434 2500 1479 2538 et
1511 2496 1765 2552 praedicans
1797 2496 1869 2552 pia

151 2586 298 2626 mente
326 2581 539 2625 beneficia
567 2582 758 2626 eorum?
795 2579 1045 2637 siqnidem
1075 2593 1163 2623 nou
1190 2579 1414 2623 sacrificiis
1446 2582 1611 2622 tantum
1644 2580 1871 2635 placantur

150 2663 211 2708 dii
241 2663 320 2708 sed
349 2663 480 2707 etiam
509 2662 726 2717 laudibus,
757 2666 808 2706 ut
837 2662 1082 2706 coniuncta
1113 2670 1313 2721 utraque
1342 2676 1393 2704 re
1421 2663 1490 2705 vel
1521 2662 1708 2706 maxime
1738 2662 1870 2706 satis·-

149 2749 285 2794 faeias
309 2749 493 2794 consilio
523 2748 651 2800 festia⁴
696 2749 883 2793 Poetam
925 2760 1032 2791 vero
1071 2746 1201 2790 decet
1240 2746 1508 2802 amplificato
1537 2757 1685 2789 rerum
1713 2757 1870 2801 campo

151 2833 496 2889 magnificentius
523 2837 716 2877 tractare
748 2832 931 2877 deorum
960 2832 1137 2887 landes,
1180 2833 1379 2887 ritusque
1409 2844 1435 2874 a
1467 2831 1704 2874 maioribus
1732 2830 1871 2874 tradi-

153 2924 223 2962 tos
258 2916 324 2961 sic
361 2917 488 2961 novis
526 2917 761 2961 luminibus
789 2918 1022 2962 illustrare.
1097 2916 1158 2960 Et
1189 2915 1272 2960 hoc
1304 2915 1411 2959 fecit
1440 2917 1622 2971 egregie
1652 2915 1870 2970 Tibullus,

152 3014 252 3045 cum
294 2999 402 3044 haec
442 3012 568 3044 sacra
607 3012 690 3057 pro
718 3001 830 3044 floro
857 3001 922 3044 rei
953 3001 1141 3044 rusticae
1171 2999 1370 3043 instituta
1409 3011 1523 3042 nunc
1550 3003 1761 3055 appareat
1790 3011 1872 3056 pro

152 3094 417 3126 summorum
446 3082 782 3142 conservatione
819 3083 1034 3127 bonorum
1068 3082 1307 3136 celebrari,
1352 3094 1466 3138 quae
1498 3082 1735 3138 primordia
1766 3083 1872 3126 olim

155 3170 201 3208 et
238 3165 518 3210 fundamenta
558 3165 756 3210 cultioris
795 3166 912 3211 vitae
949 3167 1141 3211 fuerunt.
1203 3166 1272 3210 lta
1315 3178 1423 3210 vero
1466 3165 1723 3221 dignissime
1751 3168 1871 3211 cele-

155 3249 335 3293 brantur
362 3249 447 3304 dii,
490 3249 740 3294 celebratur
766 3248 840 3295 hle
867 3251 977 3297 dies.
1050 3251 1232 3308 Iamque
1272 3249 1453 3294 carmini
1496 3249 1681 3305 imponit
1711 3248 1870 3306 finem„

157 3330 339 3375 Nuntiat
366 3332 507 3376 noctis
537 3328 770 3377 adventum
801 3337 847 3378 et
877 3332 999 3378 iubet
1022 3333 1195 3377 interim
1222 3331 1357 3377 ludos
1378 3332 1587 3387 iocosque
1619 3332 1871 3374 continuare

159 3412 352 3467 turbam,
396 3415 535 3462 donec
578 3428 667 3462 nox
710 3429 808 3462 cum
848 3429 999 3462 somno
1030 3418 1319 3474 amplectatur
1350 3414 1514 3460 orbem.
1580 3417 1645 3459 De
1676 3419 1872 3468 tempore

1332 3504 1395 3549 14
