2158 3750
299 281 400 329 212
696 274 1164 328 COMMENTAR.
1202 276 1277 330 IN
1316 277 1605 331 TIBULLI

304 415 468 475 vulgari
509 431 669 475 opere;
718 414 888 458 divinae
932 417 994 458 rei
1039 428 1189 460 omnes
1232 429 1411 474 operam
1453 417 1572 462 dent.
1633 419 1836 465 Ceterum
1867 421 2000 465 utitur

302 519 414 548 nunc
444 504 522 546 hac
551 501 765 544 sententia
793 505 973 556 propter
1003 501 1230 565 transitum
1262 515 1287 544 a
1319 503 1422 545 viris
1452 502 1508 546 ad
1539 502 1748 558 feminas,
1786 509 1838 547 ut
1869 519 2000 562 saepe

302 590 356 632 ab
397 599 481 629 uno
512 598 673 639 genere
703 584 756 627 ad
790 583 934 638 aliud,
978 584 1033 626 ab
1064 597 1149 627 una
1180 586 1327 642 specie
1357 586 1412 628 ad
1442 587 1569 629 aliam
1598 599 1678 642 per
1705 587 2002 642 interpositam

300 667 556 711 sententiam
587 665 833 720 generalem
864 669 1102 719 transeunt,
1134 665 1191 709 cf.
1223 666 1340 708 aliud
1369 669 1617 723 exemplum
1644 669 1847 712 Pmnu..
1873 666 1999 711 Nem.

298 750 421 804 VIII,
449 752 522 792 36.
553 772 611 781 -—-
657 761 764 792 non
809 748 1019 792 audeat
1063 750 1201 792 lenior
1244 749 1432 795 hortatio
1478 757 1570 806 est,
1602 767 1656 794 ne
1699 751 1871 794 audeat
1912 751 2004 795 for-

300 835 398 879 tior.
459 835 667 878 Similiter
702 849 790 876 non
831 847 930 877 cum
970 835 1225 891 imperativo
1268 837 1485 891 iungitur,
1533 843 1582 880 ut
1612 839 1750 883 Ovm.
1782 838 1875 880 Art.
1905 837 2005 880 Am·

297 919 378 972 111,
405 920 517 960 129:
565 917 612 962 V
607 933 654 960 os
688 931 861 975 quoque
890 932 978 958 non
1017 916 1136 958 caris
1167 932 1301 959 aures
1333 926 1512 961 onerate
1543 918 1730 976 lapillis.
1790 918 2007 974 Exempla

296 1000 522 1054 utriusque
550 997 880 1042 constructionis
921 1010 1006 1040 non
1038 1011 1160 1051 rara,
1202 999 1300 1041 vide
1334 1000 1603 1045 Hnmnomv.
1635 1002 1689 1045 ad
1723 1002 1879 1047 Horat.
1909 1003 2002 1047 Sat.

297 1085 356 1138 II,
384 1088 428 1138 5,
459 1086 534 1128 91.
565 1098 608 1140 p.
640 1084 744 1126 374.
784 1087 847 1125 et·
871 1081 1054 1123 WonFu
1086 1081 1200 1124 Mus.
1245 1083 1425 1136 Antiqu.
1470 1084 1598 1128 Stud.
1645 1085 1702 1128 T.
1731 1085 1766 1129 Ι.
1811 1099 1856 1141 p.
1895 1087 2001 1128 581.

300 1167 710 1210 thmmmcnms
756 1163 873 1219 quod
916 1169 1138 1220 comparat
1181 1164 1306 1208 Hom.
1337 1166 1389 1210 ll.
1420 1167 1477 1220 Π,
1520 1170 1637 1210 2502
1691 1164 1768 1210 οὐκ
1810 1162 1864 1210 ἷὶν
1900 1164 2004 1222 α’γο-

301 1246 467 1309 ρεύοις,
509 1251 695 1292 alienum
726 1252 806 1290 est.
836 1269 896 1278 --
943 1247 1141 1303 pensis
1183 1248 1534 1304 imposuisse
1571 1262 1811 1304 manum,
1853 1250 2005 1295 coufe-

297 1338 399 1375 ruut
439 1334 578 1375 Ovm.
609 1331 794 1375 Heroid.
826 1331 906 1385 IX,
938 1335 1011 1374 76.
1056 1330 1112 1374 de
1143 1332 1337 1376 Hercule
1366 1338 1524 1377 nente:
1566 1333 1780 1376 rasilibus
1810 1333 2007 1377 calathis

296 1415 556 1473 imposuisse
598 1429 795 1457 manum.
833 1437 893 1446 —-
941 1415 995 1459 V.
1030 1418 1085 1457 11
1129 1429 1195 1471 sq.
1277 1417 1387 1461 Vos
1432 1430 1674 1473 quoque.
1746 1416 1909 1460 Confer
1949 1415 2006 1461 de

296 1500 494 1542 iunctura
524 1498 579 1543 ad
610 1499 646 1553 l,
676 1503 721 1553 2,
753 1501 824 1541 15.
886 1497 996 1541 Cum
1038 1502 1184 1542 autem
1224 1499 1270 1542 in
1310 1501 1444 1542 sacris
1484 1506 1570 1543 no'n
1603 1500 1744 1543 solum
1786 1499 2005 1544 silentium

294 1581 538 1637 imponatur
559 1578 627 1635 iis,
657 1582 731 1636 qui
761 1581 986 1636 intersunt,
1015 1581 1093 1626 sed
1125 1583 1256 1627 etiam
1283 1589 1514 1628 arceantur
1543 1584 1794 1628 solemniter
1823 1583 1899 1640 qui
1924 1583 2005 1627 ab·

294 1677 392 1708 esse
423 1665 633 1719 debeant,
678 1669 809 1721 poeta
850 1666 982 1709 etiam
1023 1664 1106 1710 hoc
1147 1667 1246 1710 loco
1288 1668 1333 1711 in
1375 1666 1484 1711 hanc
1515 1681 1607 1711 rem
1637 1668 1843 1712 nonnulla
1871 1665 2008 1711 addit.

291 1749 357 1793 Ac
386 1749 568 1805 primum
596 1749 909 1803 generaliorem
939 1750 1064 1806 ponit
1092 1750 1352 1806 formulam,
1402 1753 1516 1796 Vos
1560 1751 1771 1796 abesse
1811 1750 2004 1803 iubeo,

293 1834 449 1877 deinde
494 1834 749 1891 specialiora
801 1839 849 1877 et
901 1833 1145 1878 definitiora
1189 1835 1323 1879 verba
1366 1836 1565 1880 subiicit:
1612 1826 1895 1883 ‘discedat
1939 1834 2004 1878 ab

291 1919 429 1972 aris,
476 1918 550 1959 cui
590 1917 910 1975 praeterlapsa
950 1926 1079 1961 nocte
1115 1920 1268 1963 Venus
1306 1919 1483 1978 gaudia
1526 1918 1652 1963 tulit.
1709 1920 1811 1966 Quo
1841 1930 2004 1974 genere

292 2001 462 2045 dicendi
505 2001 609 2055 quid
652 2001 890 2055 efficiatur,
931 1998 1131 2058 ap'ertum
1173 2008 1263 2048 est:
1306 2003 1407 2046 dum
1449 2003 1514 2046 sic
1544 2003 1766 2046 cumulate
1795 2000 2002 2056 loquitur,

292 2087 466 2139 gravius
508 2086 718 2140 loquitur,
762 2090 808 2129 et
849 2083 958 2129 hanc
1000 2087 1085 2130 vim
1129 2087 1260 2131 etiam
1299 2086 1343 2130 in
1389 2087 1671 2142 sequentibus
1709 2087 2002 2130 continuatam

290 2169 436 2212 vides:
486 2176 618 2211 casta
648 2170 823 2226 placent
852 2170 1044 2226 superis,
1072 2185 1197 2227 pura
1228 2184 1327 2214 cum
1359 2177 1482 2214 veste
1510 2166 1684 2224 venite,
1707 2169 1838 2227 puris
1866 2167 2003 2212 mani-

290 2253 371 2295 bus
413 2253 571 2295 sumite
613 2265 784 2307 aquam.
846 2253 980 2299 Quod
1020 2253 1207 2310 denique
1248 2267 1276 2298 a
1318 2254 1476 2311 plurali
1515 2253 1571 2296 ad
1605 2253 1866 2308 singularem
1897 2263 2002 2307 pro-

292 2346 468 2388 gressus
499 2338 579 2387 est,
609 2348 688 2375 vos
718 2330 846 2375 iubeo
873 2358 932 2366 -—-
957 2333 1159 2376 discedat
1191 2339 1291 2390 etc.,
1320 2339 1467 2378 amant
1496 2336 1670 2379 omnino
1698 2339 1872 2379 veteres
1898 2345 2003 2389 pro·

291 2429 488 2470 gressum
523 2429 549 2458 a
593 2415 749 2472 plurali
795 2415 853 2459 ad
896 2416 1161 2470 singularem
1205 2417 1250 2459 in
1290 2416 1557 2472 designanda
1596 2430 1646 2460 re
1679 2421 1758 2460 aut
1800 2426 2001 2472 persona,

290 2513 376 2554 quo
413 2500 631 2556 pertinent
663 2499 848 2543 maxime
877 2500 1008 2544 talias
1062 2503 1176 2543 Tum
1211 2499 1374 2557 procul
1421 2498 1583 2542 absitis
1601 2527 1612 2548 ,
1660 2496 1865 2558 quisquis
1895 2495 2002 2539 colit

291 2591 390 2625 arte
421 2583 623 2640 capillos,
652 2591 699 2626 et
718 2583 837 2641 fluit
867 2584 1015 2642 effuso
1047 2583 1122 2626 cui
1152 2591 1263 2642 toga
1294 2583 1405 2625 laxa
1435 2583 1554 2631 sinu,
1583 2584 1620 2637 I,
1653 2586 1695 2636 6,
1723 2585 1798 2626 39.
1858 2582 2002 2624 Grae·

290 2668 351 2711 cis
381 2673 426 2711 et
455 2669 624 2712 Latinis
665 2683 778 2724 quae
821 2669 864 2712 in
912 2682 1007 2713 usu.
1081 2669 1339 2725 suspicetur
1381 2668 1556 2723 quidem
1597 2667 1755 2722 aliquis
1794 2665 1852 2710 ad
1890 2663 2001 2708 hanc

288 2753 427 2808 ipsam
458 2767 650 2797 normam
681 2755 813 2798 etiam
843 2752 913 2796 hic
942 2766 968 2796 a
999 2751 1176 2795 Tibullo
1206 2751 1415 2808 scriptum
1449 2750 1686 2798 discedite,
1721 2747 1817 2803 cui,
1849 2761 2000 2805 quem-

288 2835 518 2879 admodum
547 2836 592 2878 in
623 2836 830 2879 Wittiano
873 2834 1036 2889 legitur
1075 2839 1122 2877 et
1152 2834 1272 2889 aliis,
1320 2834 1398 2878 sed
1434 2835 1565 2878 nolim
1597 2838 1768 2878 mutare
1799 2831 2002 2875 discedat

290 2923 468 2975 propter
498 2918 801 2963 auctoritatem
832 2918 1066 2972 librorum,
1103 2931 1188 2973 qua
1215 2918 1383 2961 nititur.
1408 2941 1468 2950 —
1499 2931 1640 2975 pura
1671 2930 1792 2962 cum
1821 2920 2000 2971 veste,

288 3001 343 3044 ef.
385 3001 439 3044 ad
480 3002 515 3054 I,
558 3004 629 3054 10,
667 3004 741 3043 27.
782 3023 843 3032 -
907 2998 980 3042 Et
1034 3001 1294 3044 manibus
1348 3002 1505 3058 puris
1558 3001 1768 3045 sumite
1818 2999 2003 3044 fontis

286 3098 508 3139 aquam,
551 3084 592 3128 h.
625 3097 664 3128 e.
708 3088 754 3127 et
793 3084 950 3127 sumite
987 3098 1143 3140 aquam
1184 3091 1234 3128 ut
1275 3098 1426 3129 manus
1468 3097 1604 3142 purae
1633 3085 1743 3139 sint,
1786 3098 1822 3128 s.
1861 3084 2002 3127 mani-

290 3166 369 3208 bus
399 3166 646 3223 purgandis.
723 3165 805 3209 Est
845 3168 981 3222 igitur
1022 3164 1229 3214 'manibus
1274 3169 1364 3214 dat.
1406 3175 1452 3213 et
1488 3168 1622 3227 puris
1664 3181 1744 3226 per
1781 3167 2000 3225 prolepsm

285 3248 462 3292 dictum.
536 3250 598 3293 Ut
626 3251 763 3294 Ovm.
795 3251 916 3295 Fast.
946 3255 1000 3307 V,
1031 3256 1145 3297 435:
1199 3257 1372 3313 Terque
1417 3263 1579 3297 manus
1614 3266 1760 3310 puras
1791 3251 2001 3310 fontana

285 3331 627 3387 proluit‘unda.
688 3334 894 3379 Ceterum
924 3341 1046 3391 patet
1077 3335 1183 3381 haec
1220 3338 1272 3381 iis
1309 3337 1420 3390 dici,
1469 3335 1627 3392 quibus
1655 3335 1868 3378 iuteresse
1897 3336 1999 3378 licet

282 3415 440 3469 sacri33
483 3415 538 3459 ad
581 3414 660 3461 hos
702 3416 836 3472 igitur
868 3417 1009 3461 oratio
1040 3418 1180 3472 redit,
1226 3419 1455 3463 transitum
1487 3425 1592 3462 vero
1623 3417 1678 3461 ab
1709 3415 1997 3462 antecedente
