2158 3750
357 256 460 304 426
763 252 1231 305 COMMENTAR.
1270 254 1345 306 IN
1381 251 1668 308 TIBULLI

767 702 1622 765 ELEGAIDIA.

585 861 661 904 DE
695 862 1012 906 SULPICIAE
1047 862 1127 906 ET
1160 862 1456 906 CERINTHI
1489 863 1820 908 AMORIBUS.

938 1089 1458 1144 PRAEFATIO.

344 1281 504 1374 Quae
547 1310 783 1363 sequuntur
828 1305 1041 1361 elegidia,
1085 1317 1235 1349 eorum
1281 1309 1506 1348 auctorem
1549 1317 1647 1348 cum
1691 1304 1787 1348 aliis
1828 1303 2049 1347 Tibullum

343 1390 577 1445 habemus,
622 1405 721 1434 cum
754 1392 870 1434 nulla
903 1404 1034 1434 causa
1063 1391 1220 1434 idonea
1262 1390 1400 1443 adsit,
1443 1403 1577 1444 quare
1616 1403 1703 1433 non
1731 1389 1866 1432 fuisse
1895 1389 2050 1434 Tibul·
2116 1407 2118 1409 ·

343 1477 428 1518 lum
461 1477 784 1519 contendamus.
846 1477 895 1518 In
939 1491 1068 1532 quam
1111 1477 1366 1519 sententiam
1412 1475 1676 1531 disputatum
1721 1479 1789 1516 est
1831 1474 1963 1517 etiam
2003 1474 2047 1517 in

342 1559 453 1602 Nov.
505 1559 723 1604 Manena.
774 1561 996 1603 GERMAN.
1058 1561 1251 1614 (Neuem
1298 1559 1532 1600 teutschen
1577 1557 1785 1612 Merkur)
1837 1556 1964 1603 Tom.
2008 1558 2045 1602 I.
2115 1611 2119 1614 q

341 1656 381 1695 p.
411 1645 500 1684 257
532 1655 626 1697 sqq.
670 1642 744 1684 ubi
788 1647 930 1685 tamen
972 1656 1054 1684 non
1087 1643 1229 1684 omnia
1259 1641 1373 1684 dicta
1403 1642 1652 1697 probamus.
1726 1640 1819 1684 Nos
1859 1641 2046 1684 diximus

341 1727 395 1768 de
440 1725 519 1768 hac
561 1739 609 1769 re
651 1728 868 1783 explicate
911 1728 954 1769 in
992 1728 1088 1771 Vita
1121 1727 1285 1769 Tibulli
1322 1731 1366 1770 et
1399 1727 1443 1769 in
1477 1727 1787 1770 Dissertatione
1827 1726 1883 1769 de
1911 1725 2045 1770 Poeni

343 1811 460 1862 eius3
492 1824 603 1853 nunc
634 1816 778 1853 autem
812 1812 905 1867 ipsa
937 1811 1125 1852 lectione
1160 1809 1392 1851 carminum
1427 1809 1580 1862 disces,
1614 1814 1774 1864 quanta
1805 1809 1863 1852 sit
1891 1810 2046 1852 inven-

340 1893 488 1946 tionis,
535 1895 860 1950 compositionis
903 1899 947 1937 et
988 1893 1188 1936 dictionis
1232 1895 1448 1948 elegantia
1489 1899 1535 1936 et
1565 1903 1662 1937 cum
1695 1894 1939 1937 Tibulliana
1971 1907 2043 1937 ra-

337 1978 455 2019 tione
501 1978 761 2032 similitudo,
819 1990 946 2033 quam
1001 1980 1086 2022 sint
1139 1980 1194 2020 ab
1249 1980 1363 2021 omni
1411 1983 1534 2034 parte
1587 1978 1718 2033 digna
1767 1978 1843 2021 tali
1894 1981 2039 2034 poeta.

337 2058 578 2110 (Rimmon
618 2073 702 2102 non
744 2061 849 2103 satis
891 2074 1047 2114 magna
1087 2074 1189 2103 cura
1234 2066 1278 2102 et
1318 2060 1539 2114 diligentia
1573 2062 1708 2116 polita
1739 2074 1790 2103 en
1821 2060 2036 2103 dicentem

338 2155 422 2184 non
457 2143 694 2197 intelligo).
768 2144 906 2197 Origo
939 2156 1043 2186 vero
1079 2156 1230 2186 eorum
1263 2143 1546 2199 probabiliter
1575 2143 1638 2186 sic
1669 2144 1875 2199 explicari
1909 2157 2038 2200 posse

337 2223 527 2266 videtur:
574 2226 795 2279 Sulpicia,
839 2226 973 2267 nobili
1015 2238 1177 2278 genere
1222 2226 1390 2280 puella,
1442 2225 1608 2268 iuvenis
1639 2226 1860 2270 cuiusdam
1891 2241 2038 2271 amore

335 2312 462 2362 capta
503 2313 598 2350 erat
638 2308 765 2362 eique
805 2314 1025 2364 postremo
1065 2310 1232 2365 nupsit,
1279 2311 1352 2364 qui
1395 2307 1463 2352 hic
1506 2307 1736 2352 Cerinthus
1779 2311 2034 2353 nominatur.

333 2390 487 2433 Fuisse
522 2404 620 2433 eum
653 2393 870 2434 Graecum
903 2405 1129 2448 perperam
1162 2393 1392 2446 opinantur
1424 2391 1669 2444 Hermus,
1701 2392 1917 2446 Vossms,
1946 2393 2035 2446 alii,

333 2474 503 2515 nomine
536 2473 750 2536 decepti3·
782 2474 863 2516 fuit
892 2473 1004 2517 haud
1036 2475 1166 2517 dubie
1199 2475 1447 2528 Romanus,
1479 2475 1559 2517 etsi
1591 2474 1774 2518 fortasse
1806 2475 2038 2530 ignobilior

332 2555 552 2611 Sulpicia,
600 2556 714 2598 unde
756 2557 850 2599 fieri
895 2558 1035 2612 potuit
1078 2563 1127 2600 ut
1170 2563 1309 2600 mater
1349 2558 1403 2600 de
1447 2559 1533 2600 alio
1575 2559 1778 2614 coniugio
1821 2561 2035 2614 cogitaret

334 2638 401 2692 (6,
433 2639 544 2694 15.).
605 2639 714 2682 Erat
755 2642 917 2684 amicus
947 2642 1136 2696 Tibulli,
1183 2643 1255 2696 qui
1296 2642 1351 2684 ad
1384 2655 1482 2684 eum
1514 2643 1749 2685 secundum
1782 2648 1827 2686 et
1856 2644 2031 2686 tertium

330 2734 503 2764 carmen
547 2722 642 2764 libri
685 2723 864 2771 secundi
905 2723 1103 2779 scripsit3
1153 2736 1252 2766 nam
1290 2723 1473 2767 eundem
1506 2738 1602 2767 esse
1633 2724 1746 2768 hunc
1777 2738 1904 2768 nemo
1934 2727 2029 2769 iure

328 2805 564 2859 negaverit.
626 2806 716 2848 Sed
748 2820 902 2849 nomen
936 2805 1165 2849 Cerinthus
1195 2808 1344 2850 fictum
1375 2821 1430 2850 ne
1462 2808 1625 2853 dubita.
1698 2809 1885 2864 Legitur
1913 2809 2029 2854 idem

327 2903 397 2945 ap.
427 2890 608 2933 Hom'r.
641 2891 734 2933 Sat.
765 2891 800 2943 I,
835 2893 982 2944 2‚,.81.
1017 2891 1072 2932 de
1105 2890 1285 2946 pulchro
1319 2905 1478 2947 puero,
1528 2898 1572 2935 et
1606 2892 1685 2935 fnit
1714 2894 1827 2936 inter
1856 2894 2028 2949 poetica

327 2973 498 3014 nomina
528 2972 652 3014 istius
688 2973 909 3027 temporis.
970 2972 1140 3015 Iuvabit
1171 2974 1225 3016 de
1258 2976 1499 3018 nominibus
1530 2977 1643 3039 fictis
1673 2977 1870 3020 conferre
1901 2977 2030 3020 Wm-

328 3070 551 3100 cussn'rmu
576 3058 620 3099 in
650 3057 776 3100 Poet.
807 3056 909 3100 Lat.
941 3057 1116 3112 Reliqq·
1150 3074 1192 3115 p.
1222 3061 1311 3101 412
1337 3073 1430 3115 sqq.
1493 3061 1583 3103 Sed
1617 3074 1694 3104 cur
1723 3062 1900 3104 Tibullo
1932 3064 2028 3119 pla-

325 3140 413 3182 cuit
453 3141 600 3182 fictum
647 3139 838 3182 nomen?
915 3142 1000 3186 Qui
1044 3142 1276 3186 Messalam
1323 3149 1367 3186 et
1413 3144 1608 3187 Macrum
1650 3146 1740 3187 suis
1783 3147 2026 3191 nominibus

324 3225 539 3276 nominat,
585 3224 724 3266 videri
767 3224 898 3266 debet
937 3228 1064 3268 etiam
1099 3225 1223 3270 huius
1265 3230 1390 3272 amici
1423 3230 1586 3272 iuvenis
1617 3244 1763 3273 verum
1795 3243 1950 3274 nomen
1981 3235 2024 3276 in

322 3305 499 3348 secundi
531 3305 627 3347 libri
657 3306 914 3348 carminibus
945 3306 1115 3350 duobus
1146 3311 1383 3365 scripsisse,
1416 3325 1496 3355 nec
1524 3326 1657 3356 causa
1685 3320 1864 3370 apparet
1890 3329 2023 3370 quare
2051 3364 2053 3366 ,
2123 3301 2135 3341 s

326 3389 412 3430 illic
453 3389 626 3442 quidem
671 3390 788 3432 aliud
821 3391 1083 3435 substituere
1118 3394 1342 3450 debuerit,
1390 3403 1432 3439 at
1479 3398 1518 3440 in
1565 3396 1628 3440 his
1670 3400 1896 3453 poematiis
1937 3413 2019 3444 non
