2158 3750
677 215 860 267 LlBR.
896 217 962 266 11.
1035 215 1236 267 ELEG.
1272 217 1364 266 111.
1763 220 1865 269 245

163 360 360 416 plurimis
391 359 445 403 ad
477 359 671 403 militiam
702 360 1061 413 instituebantur,
1108 359 1163 402 cf.
1194 359 1270 412 lv,
1302 361 1342 412 1,
1371 361 1431 401 88
1459 372 1554 414 sqq.
1598 359 1742 413 ibique
1781 372 1858 401 an-

160 449 323 487 notata.
354 467 412 476 -—
458 445 568 488 Post
597 443 704 487 haec
736 443 949 486 lacunam
979 456 1076 487 esse
1108 443 1229 486 dicas
1259 457 1344 485 non
1376 447 1501 485 extra
1531 453 1701 484 omnem
1733 441 1859 484 dubi-

160 527 365 568 tationem
398 528 611 582 positum,
654 527 690 569 si
722 539 824 568 vera
864 527 951 568 sint
990 537 1103 579 quae
1134 538 1264 581 supra
1296 525 1351 567 de
1381 538 1494 568 nexu
1528 524 1610 567 loci
1649 523 1859 574 disserui3

157 607 312 651 adesse
342 622 492 652 revera
522 608 676 663 quibus
707 619 844 663 opus,
889 606 926 648 si
970 619 1049 661 pro
1093 604 1285 662 imperat
1330 614 1384 648 ut
1423 612 1544 650 recte
1588 604 1858 648 emendatum

156 692 215 733 sit
241 691 486 748 imperitat.
546 691 660 734 Nam
689 695 751 733 ut
780 690 897 732 sint
927 687 996 731 hic
1031 689 1204 744 quidem
1237 703 1304 745 pr.
1341 688 1434 731 sint
1466 702 1550 731 non
1583 692 1650 732 est
1680 687 1857 740 dictum,

157 774 231 816 ubi
274 787 357 817 non
405 778 553 816 votum
595 772 672 815 sed
716 771 905 815 hortatio
962 770 1170 823 liabetur3
1233 773 1298 814 sin
1353 769 1434 815 hoc
1488 786 1654 815 comma
1714 786 1740 815 a
1787 785 1858 814 se·-

155 856 303 909 quenti
353 854 538 910 quodam
589 854 723 897 verbo
765 852 1024 909 pependisse
1066 854 1220 896 statuIs
1272 854 1387 907 quod
1431 855 1668 909 exciderit,
1726 855 1857 898 veluti

145 936 260 994 fac,
303 951 412 978 cura
453 944 508 977 ut
546 935 666 983 sint,
701 941 883 993 apparet
913 950 1043 992 quam
1084 950 1234 993 parum
1278 937 1359 981 hoc
1399 939 1593 994 placeat3
1640 939 1855 994 poeticum

154 1021 268 1063 enim
309 1019 478 1062 nonnisi
520 1019 705 1076 simplex
749 1017 843 1060 sint
886 1023 954 1063 est
994 1019 1039 1063 in
1083 1020 1161 1065 tali
1205 1021 1316 1064 loco.
1381 1019 1551 1066 Quodsi
1584 1020 1770 1076 denique
1802 1029 1855 1063 ut

152 1103 316 1147 dictum
348 1103 418 1148 hic
447 1104 530 1147 fuit
567 1117 634 1160 pr.
671 1118 772 1145 eum
812 1103 862 1145 in
893 1103 1036 1159 finem
1078 1111 1158 1149 ut,
1203 1104 1563 1158 quemadmodum
1594 1102 1663 1146 ἵνα
1696 1107 1855 1149 Graeci

152 1193 386 1244 usurpant,
430 1187 543 1230 scire
573 1186 726 1243 cupias
757 1199 870 1241 quae
905 1189 1121 1230 sententia
1154 1188 1358 1231 excidere
1389 1190 1430 1232 in
1461 1191 1742 1245 sequentibus
1773 1205 1853 1247 po-

151 1272 283 1314 tuerit
312 1272 436 1323 talis,
480 1275 532 1313 ut
561 1270 818 1313 commodus
859 1283 1013 1313 sensus
1055 1271 1140 1314 loci
1173 1272 1367 1314 exsistat.
1429 1272 1499 1315 Ne
1535 1274 1694 1326 multa,
1736 1274 1854 1316 finita

151 1354 417 1397 constructio
446 1353 539 1396 visa
569 1357 637 1396 est
666 1352 798 1406 vulgo
829 1365 870 1394 v.
903 1350 1044 1394 domo.
1107 1353 1238 1397 Quod
1269 1354 1306 1395 si
1338 1367 1501 1407 verum,
1534 1353 1636 1396 nihil
1670 1354 1853 1397 fortasse

148 1436 263 1478 inter
291 1433 398 1478 haec
427 1434 514 1477 duo
544 1431 725 1476 disticha
755 1431 930 1476 excidit.
994 1433 1157 1475 Verum
1190 1435 1303 1476 enim
1335 1448 1439 1477 vero
1473 1437 1632 1491 prima:
1683 1437 1751 1480 At
1793 1441 1850 1479 tu

149 1530 263 1560 nunc
293 1516 503 1559 carebunt
533 1514 696 1569 verbo,
743 1513 860 1569 quod
903 1518 1122 1568 utcunque
1157 1516 1378 1572 explices,
1421 1518 1516 1560 sine
1555 1521 1754 1575 exemplo
1786 1525 1852 1561 est

146 1602 264 1658 apud
301 1602 550 1655 Tibullum3
595 1614 676 1644 nec
711 1613 935 1657 repugnes
977 1600 1072 1642 iure
1115 1602 1151 1644 si
1198 1601 1295 1655 quis
1338 1601 1540 1645 disertius
1580 1604 1634 1645 ab
1682 1615 1735 1645 eo
1775 1616 1852 1645 sua

147 1690 290 1728 castra
330 1685 505 1728 laudata
545 1684 721 1738 credat,
767 1697 866 1727 cum
897 1683 1099 1725 brevIora
1143 1683 1279 1727 videri
1323 1685 1487 1740 possint
1529 1699 1639 1740 quae
1681 1685 1851 1727 adsunt.

148 1770 299 1814 Quare
330 1769 487 1811 lacuna
519 1758 767 1812 statuenda.
829 1767 1021 1811 Omnino
1050 1768 1247 1825 suspicor
1276 1769 1413 1809 etiam
1443 1768 1564 1810 hunc
1603 1769 1746 1810 Iocum
1777 1771 1849 1811 ul-

147 1852 302 1894 timam
346 1868 526 1894 manum
573 1852 742 1895 Tibulli
782 1868 872 1895 non
909 1861 1170 1911 expertum,
1217 1868 1345 1909 quem
1377 1855 1509 1898 credo
1539 1856 1623 1897 alio
1654 1861 1850 1912 tempore

146 1935 360 1980 directum
406 1938 634 1980 transitum
679 1939 972 1993 praelaturam
1013 1938 1176 1992 fuisse,
1219 1943 1268 1981 ut
1310 1941 1395 1981 iam
1430 1952 1561 1994 supra
1598 1939 1848 1993 significavi,

143 2018 201 2061 ab
231 2032 317 2061 nna
345 2023 491 2061 aetate
521 2018 579 2061 ad
607 2019 815 2074 alteram,
859 2021 1019 2064 omissa
1060 2021 1203 2064 inutili
1233 2022 1449 2064 sententia
1490 2021 1544 2064 de
1577 2023 1666 2064 suis·
1698 2024 1849 2065 castris

142 2102 235 2145 sive
264 2101 437 2144 brevius
467 2101 560 2144 sive
590 2099 795 2145 disertius
825 2103 1061 2146 enuntiata.
1094 2126 1150 2134 —
1186 2103 1238 2147 V.
1272 2107 1330 2146 35
1362 2117 1428 2158 sq.
1472 2103 1684 2146 Ferrea
1726 2117 1848 2146 sae-

60 2214 65 2216 -
143 2184 297 2238 cula,
351 2197 378 2227 a
426 2184 696 2228 mollioribus
742 2185 940 2229 sensibus
990 2187 1154 2239 aliena,
1202 2186 1305 2229 belli
1352 2191 1397 2229 et
1444 2188 1632 2244 praedae
1678 2188 1845 2244 cupida.

143 2266 300 2309 Suavis
341 2267 586 2323 oppositio,
631 2280 731 2310 cum
774 2271 874 2310 ante
919 2267 974 2310 de
1020 2267 1207 2321 mythica
1249 2273 1394 2311 aetate
1437 2269 1610 2312 dixerit.
1654 2293 1711 2302 —-
1761 2276 1849 2312 est

145 2354 389 2405 operata
431 2350 624 2403 malis,
678 2349 892 2393 commisit
934 2351 1062 2394 mala.
1135 2350 1318 2393 Confert
1359 2351 1580 2394 anmus
1623 2352 1668 2394 in
1708 2353 1846 2395 Aetna

143 2445 184 2476 v.
213 2435 330 2474 3812
379 2431 556 2490 magnis
597 2438 786 2488 operata
825 2429 999 2486 rapinis
1030 2431 1224 2487 flamma
1270 2431 1408 2473 micat
1451 2431 1659 2491 latosque
1699 2448 1847 2475 recens

140 2512 344 2555 exundat
372 2511 421 2555 in
450 2528 610 2571 agros,
653 2517 701 2557 et
735 2513 1148 2556 thnssnmcmus
1181 2514 1356 2570 operari
1387 2515 1620 2557 commodis
1649 2529 1717 2572 ap.
1751 2515 1845 2559 Eu-

142 2610 256 2642 mm.
288 2596 344 2639 de
374 2601 602 2640 restaurat.
634 2595 768 2640 schol.
801 2611 839 2640 c.
871 2600 914 2640 4.
934 2619 992 2631 -
1024 2599 1079 2642 V.
1112 2602 1171 2641 37
1201 2612 1296 2654 sqq.
1331 2600 1486 2643 feras
1518 2601 1702 2655 acies,
1735 2602 1845 2644 dis-

139 2680 412 2724 cordibus
455 2679 642 2723 armis.
703 2678 913 2736 Epitheta
945 2681 1085 2735 magis
1116 2682 1245 2724 etiam
1281 2683 1359 2725 tibi
1392 2684 1648 2740 placebunt,
1684 2685 1722 2728 si
1753 2698 1846 2728 me-

139 2763 313 2805 mineris
342 2762 530 2816 Veneri,
571 2761 709 2804 amori
753 2762 976 2818 oppositas
1019 2775 1090 2805 res
1121 2762 1320 2808 describi.
1385 2766 1500 2810 Hinc
1531 2767 1660 2810 etiam
1693 2781 1845 2811 cumu-

139 2847 227 2888 lata
257 2846 403 2888 dictio.
434 2869 495 2879 --
521 2844 668 2888 Hinc
701 2857 895 2899 cruor,
938 2844 1068 2889 hinc
1098 2847 1322 2891 caedes
1387 2850 1758 2894 Ounssunom‘ms
1789 2853 1843 2895 ad

140 2927 304 2971 Lucan.
344 2927 380 2980 I,
410 2930 516 2969 301.
565 2925 712 2969 laudat
752 2927 890 2970 Ovm.
929 2928 1066 2972 Trist.
1107 2929 1144 2983 l,
1177 2933 1249 2984 10,
1294 2935 1382 2975 32:
1437 2934 1584 2990 Quam
1627 2949 1758 2977 cruor
1799 2943 1844 2976 et

139 3008 294 3051 caedes
324 3007 527 3066 bellaque
555 3021 724 3065 semper
755 3006 938 3053 habent.
991 3010 1115 3054 Fast.
1148 3013 1224 3066 VI,
1255 3017 1373 3057 599:
1422 3015 1525 3057 lzinc
1556 3031 1712 3063 cruor,
1742 3017 1844 3060 hinc

139 3091 325 3140 caedem
365 3098 410 3135 et
440 3093 653 3135 Pss'rnou.
684 3090 725 3133 in
758 3090 949 3146 Speclm.
980 3091 1094 3134 Beni
1129 3094 1222 3137 Civ.
1257 3109 1282 3138 c
1332 3099 1443 3141 123:
1492 3096 1664 3145 Arma,
1698 3113 1842 3146 cruor,

138 3173 319 3221 caedes,
360 3174 567 3216 incendia
597 3181 784 3231 totaque
817 3172 963 3224 bella5
1017 3178 1129 3221 unde
1172 3182 1277 3222 satis
1311 3185 1431 3235 patet
1464 3179 1539 3223 has
1571 3195 1701 3226 voces
1732 3185 1842 3238 legi--

138 3261 240 3303 time
271 3261 485 3315 coniungi.
549 3262 606 3302 At
648 3260 968 3303 Scmurssauu
1010 3262 1065 3305 ad
1110 3264 1249 3320 Sopli.
1284 3266 1396 3308 Oed.
1430 3266 1485 3308 R.
1519 3269 1622 3309 827.
1664 3267 1760 3321 adi,
1806 3270 1842 3311 si

139 3340 431 3402 ,τρωθιῖσῑεριι
468 3344 654 3400 quaeris.
689 3367 741 3374 -
790 3357 937 3389 mors
971 3350 1231 3404 propior,
1267 3349 1305 3392 h.
1342 3365 1379 3394 e.
1415 3356 1604 3405 matura,
1636 3353 1748 3395 iusto
1781 3353 1839 3394 ci-
