2158 3750
690 280 872 332 LIBR.
909 283 950 333 1.
1023 281 1224 339 ELEG.
1260 282 1367 333 IV.
1726 340 1736 354 ἶ
1814 287 1880 335 95

175 421 385 466 citissime
430 438 708 468 marcescere.
771 425 829 467 Et
868 426 1044 470 lAcons.
1087 426 1141 469 ad
1187 425 1359 486 Anthol.
1401 428 1481 485 Gr.
1514 426 1582 471 -Τ.
1614 425 1671 489 u·
1716 428 1769 472 P.
1803 427 1882 470 ΙΙΙ.

176 521 216 561 p.
246 509 344 549 114.
377 521 489 562 quae
515 509 881 551 Wfss'rmrn'nus
908 509 1055 551 laudat
1080 509 1134 552 ad
1165 509 1463 557 Tlreotritum.
1525 488 1736 554 Ceterum¹
1756 522 1882 552 usum

174 606 213 635 v.
262 591 536 665 d‘eperdit
582 592 853 634 Huscmnus
899 591 1099 635 illustrat.
1132 614 1192 623 —
1243 594 1417 638 Quam
1465 593 1581 636 cito
1627 576 1882 648 populus

175 676 305 718 alba
336 689 551 729 comas,
580 675 910 727 φυλλοβολοῦσα
940 674 1057 717 dicta
1086 675 1337 718 Ams‘romr.
1369 676 1486 720 Nub.
1521 678 1655 720 1001.
1686 697 1747 706 -
1790 675 1882 718 Po-

175 764 340 801 stremo
382 769 556 799 sensum
600 757 736 798 totius
777 754 951 798 distichi
986 754 1085 810 (29.
1116 757 1200 811 30)
1246 756 1360 800 hunc
1402 771 1500 801 esse
1539 758 1706 803 vide52'
1736 757 1885 814 Quam

172 839 261 880 cito
278 837 572 896 pulchritudo
594 837 732 894 perit.
792 839 1040 894 sequentes
1068 844 1213 882 autem
1243 829 1309 884 ὒν.
1330 844 1404 884 31.
1421 845 1495 884 32.
1527 840 1636 885 hanc
1662 842 1886 885 continent

170 923 453 965 sententiam:
506 922 652 978 Quam
697 902 787 964 cito
827 921 899 964 vis
942 929 989 963 et
1035 921 1171 965 robur
1221 924 1416 980 corporis
1457 925 1592 981 perit.
1653 927 1797 982 Atque
1838 926 1882 968 in

171 1003 280 1048 lianc
307 1018 398 1048 rem
432 1005 531 1060 equi
562 1006 700 1048 utitur
730 1007 933 1062 exemplo
963 1006 1198 1064 Olympici,
1230 1007 1284 1051 de
1307 1002 1402 1063 'quo
1434 1008 1518 1051 iam
1543 1007 1725 1052 ENNms
1757 989 1884 1052 dixe-

170 1092 261 1142 rat,
303 1093 356 1131 ut
386 1094 452 1132 est
482 1103 553 1146 ap.
585 1087 686 1134 Cro.
719 1089 776 1133 de
805 1091 982 1134 Senect.
1013 1104 1051 1134 c.
1082 1094 1138 1135 5:
1187 1083 1319 1133 Siciet
1340 1090 1491 1150 fortis
1520 1106 1688 1150 equus,
1730 1093 1882 1149 spatio

172 1170 250 1228 qui
278 1184 411 1228 saepe
441 1186 646 1229 supremo
675 1172 788 1216 vicit
820 1172 1058 1232 Olympia,
1109 1190 1230 1217 nunc
1269 1163 1392 1218 senio
1423 1174 1647 1233 confectu’
1679 1174 1883 1234 quiescit.

171 1254 260 1300 Qui
290 1255 412 1298 locus
442 1257 497 1299 ab
527 1257 774 1301 Huscmuo
810 1271 908 1302 cum
941 1246 1074 1303 lnrcr
1104 1261 1370 1315 Fragmento
1401 1246 1624 1301 confertur
1664 1258 1707 1300 in
1739 1256 1882 1301 Scho-

172 1340 241 1382 liis
282 1339 338 1382 ad
372 1333 544 1387 Platon.
587 1343 833 1387 Parmenid.
877 1359 919 1401 p.
955 1348 1056 1399 137,
1088 1345 1141 1388 Α.
1193 1344 1286 1400 (ap.
1318 1343 1463 1386 Bekk.
1497 1343 1738 1386 Comment.
1773 1341 1881 1384 Crit.

171 1421 225 1464 T.
250 1421 307 1466 ΙΙ.
338 1437 380 1479 p.
403 1424 533 1481 329),
565 1423 620 1467 de
651 1426 818 1468 victore
849 1437 976 1480 equo,
1010 1430 1056 1468 et
1088 1438 1186 1468 cum
1217 1425 1465 1468 Hommuco
1495 1437 1625 1467 versu
1653 1425 1705 1467 ll.
1736 1423 1882 1476 XXII,

169 1509 261 1559 22„
288 1506 404 1550 unde
434 1505 516 1551 hoc
545 1509 700 1552 saltem
730 1509 875 1552 discas
907 1509 1278 1565 comparationem
1311 1510 1410 1564 equi
1442 1510 1619 1552 victoris
1649 1508 1881 1551 admodum

170 1588 384 1642 placuisse
423 1589 655 1633 veteribus.
687 1614 747 1622 —
798 1591 971 1637 Quam
1019 1591 1205 1644 iacet,
1259 1583 1461 1646 languet:>
1489 1595 1534 1634 et
1579 1591 1673 1633 sine
1720 1589 1881 1632 viribus

169 1674 250 1712 est.
270 1695 330 1703 —
359 1670 479 1714 fata
509 1676 806 1727 senectae,
836 1673 948 1716 bene
978 1677 1022 1716 et
1047 1674 1355 1728 significanter,
1384 1679 1434 1717 ut
1457 1687 1604 1731 saepe.
1623 1697 1680 1705 —
1711 1674 1882 1729 prior.

169 1751 293 1796 Haec
324 1758 392 1796 est
421 1754 551 1797 lectio
581 1754 803 1798 librorum.
865 1754 1226 1797 Bnotscxnusms
1252 1755 1386 1811 prius
1417 1755 1646 1810 emendat,
1690 1755 1878 1797 Huscn-

171 1846 277 1876 mus
304 1834 431 1891 prior
463 1848 530 1891 pr.
571 1835 700 1892 prius
744 1837 884 1891 accipi
925 1850 1056 1894 posse
1098 1837 1347 1892 contendit,
1387 1838 1574 1881 afferens
1615 1838 1754 1882 Ovrn.
1787 1838 1881 1881 Art.

169 1917 266 1959 Am.
298 1917 354 1971 Π,
383 1921 498 1961 218:
543 1917 631 1959 Ille
654 1916 898 1977 fatigatae
921 1918 1177 1975 perimendo
1208 1927 1410 1962 monstra
1439 1933 1653 1962 novercae
1681 1917 1760 1978 qui
1790 1934 1883 1960 me-

167 2000 265 2043 ruit
295 2001 486 2050 coelum,
531 2002 654 2062 quocl
673 2002 803 2060 prior
832 2002 927 2059 ipse
964 2003 1090 2047 tulit.
1152 2003 1229 2047 Sic
1259 2004 1475 2047 sententia
1505 2003 1678 2058 quidem
1715 2003 1882 2046 Tibulli

167 2100 246 2143 per
273 2099 322 2130 se
352 2087 467 2129 bona
498 2087 608 2130 erit:
630 2079 635 2081 ’
657 2087 746 2133 Qui
777 2091 907 2130 autea
935 2088 1120 2130 certavit
1149 2089 1192 2131 in
1225 2082 1443 2144 Olympia,
1475 2088 1550 2130 ubi
1579 2101 1667 2131 non
1698 2095 1880 2145 possunt

165 2176 334 2215 certare
374 2171 639 2224 deteriores3
681 2184 939 2227 quamquam
981 2171 1038 2215 de
1079 2173 1261 2215 victoria
1305 2171 1406 2227 equi
1446 2184 1562 2214 nunc
1603 2169 1708 2214 nihil
1750 2172 1878 2215 inest.

166 2257 255 2300 Sed
286 2257 556 2300 Huscmcms
586 2269 674 2300 non
702 2256 873 2299 videtur
902 2257 1170 2300 intellexisse
1204 2255 1431 2309 Ovlmrm,
1465 2255 1540 2310 qui
1569 2255 1675 2298 dicit
1703 2254 1879 2298 Hercu-

169 2340 255 2381 lem
286 2338 404 2394 quod
431 2339 640 2386 meruerit
673 2339 844 2381 caelum
874 2343 1167 2381 monstrorum
1199 2339 1363 2392 caede,
1410 2339 1563 2381 tulisse
1594 2338 1781 2395 priorem
1814 2338 1880 2381 his

168 2420 275 2477 ipsis
304 2420 531 2473 monstris,
563 2432 744 2475 quorum
777 2419 989 2474 quaedam
1020 2425 1174 2476 postea
1203 2422 1319 2465 inter
1349 2421 1474 2476 signa
1506 2421 1710 2464 caelestia
1741 2422 1878 2464 relata

168 2512 300 2561 sunt,·
340 2510 390 2548 ut
430 2505 589 2559 draco,
639 2503 801 2560 hydra,
847 2506 930 2548 leo.
1007 2505 1156 2550 Quare
1198 2503 1267 2548 hic
1305 2506 1425 2547 locus
1457 2517 1543 2547 non
1574 2504 1731 2561 probat
1762 2505 1878 2560 quod

168 2588 437 2630 Huscnxms
469 2588 585 2640 vult,
632 2599 685 2629 ac
727 2590 893 2629 certum
927 2591 992 2628 est
1018 2585 1148 2641 prior
1179 2599 1262 2629 non
1297 2588 1492 2642 potuisse
1524 2587 1608 2630 dici
1639 2599 1705 2643 pr.
1730 2587 1878 2643 prius,

167 2676 214 2714 ut
252 2670 389 2713 sensit
431 2671 559 2713 etiam
606 2669 1011 2713 Wmsnenmcmus
1055 2683 1152 2712 cum
1198 2671 1406 2713 Hermo.
1486 2670 1618 2717 Quod
1663 2671 1877 2715 adiectiva

165 2753 321 2810 passim
353 2766 433 2809 pro
474 2752 690 2796 adverbiis
719 2759 963 2810 ponuntur,
1011 2768 1117 2798 cave
1149 2754 1204 2797 ad
1237 2756 1414 2809 quaevis
1445 2754 1657 2798 adiectiva
1689 2756 1876 2799 transfe-

163 2851 249 2880 ras.
310 2838 435 2881 Haec
464 2838 598 2893 igitur
628 2839 864 2895 explicatio
895 2840 1026 2883 nulla.
1090 2839 1155 2882 Ac
1187 2852 1270 2882 non
1302 2839 1482 2881 dubium
1515 2843 1596 2894 est,
1627 2839 1682 2882 de
1713 2840 1877 2883 victore

165 2937 278 2978 equo
322 2922 439 2978 loqui
485 2928 674 2979 poetam.
748 2923 910 2967 Credat
957 2924 1092 2980 igitur
1140 2925 1328 2968 fortasse
1374 2925 1531 2980 aliquis
1572 2926 1792 2970 Vunpnm
1832 2931 1877 2969 et

164 3010 368 3054 Vossum
401 3014 445 3051 et
475 3009 773 3052 Gommumr
803 3009 1074 3064 sequendos,
1122 3010 1196 3064 qui
1238 3010 1363 3066 prior
1403 3010 1578 3053 omnino
1609 3023 1675 3067 pr.
1707 3012 1876 3066 melior,

163 3091 456 3149 praestantior
495 3089 738 3146 accipiunt,
783 3095 835 3133 ut
863 3091 1058 3134 Vossms
1101 3091 1257 3135 Horat.
1299 3094 1391 3134 Art.
1425 3093 1478 3135 P.
1511 3096 1586 3137 85.
1634 3093 1876 3136 certamine

162 3176 335 3234 primus
366 3182 412 3220 et
454 3176 596 3219 Carm.
638 3176 766 3218 Saec.
797 3179 871 3219 51.
902 3173 1098 3218 bellante
1122 3176 1252 3234 prior
1284 3184 1524 3235 comparat.
1586 3179 1676 3223 Sed
1708 3193 1764 3223 ne
1795 3178 1877 3223 hoc

164 3259 338 3314 quidem
384 3272 523 3316 opus3
567 3263 668 3301 tene
712 3257 947 3313 specialem
989 3259 1380 3325 significatipriem,
1426 3273 1554 3315 quam
1586 3265 1679 3304 tota
1709 3260 1878 3318 phrasis

165 3341 322 3384 offert:
368 3341 423 3384 de
465 3353 594 3384 cursu
626 3339 772 3394 agitur
803 3343 849 3382 et
882 3338 1009 3395 prior
1049 3346 1142 3385 est:
1187 3343 1325 3399 primo
1369 3343 1467 3387 loco
1499 3357 1690 3388 currens.
1752 3345 1875 3399 Ergo

165 3436 341 3467 sensus:
389 3424 461 3479 qui
494 3428 541 3466 ut
573 3421 732 3479 prodiit
774 3434 798 3464 e
839 3422 1111 3478 carceribus,
1159 3430 1259 3467 ante
1291 3430 1462 3468 ceteros
1494 3426 1655 3482 prodiit
1687 3440 1877 3481 currens,
