<?xml version="1.0" encoding="UTF-8"?>
<!DOCTYPE html PUBLIC "-//W3C//DTD XHTML 1.0 Transitional//EN"
    "http://www.w3.org/TR/xhtml1/DTD/xhtml1-transitional.dtd">
<html xmlns="http://www.w3.org/1999/xhtml" xml:lang="en" lang="en">
 <head>
  <title>
</title>
<meta http-equiv="Content-Type" content="text/html;charset=utf-8" />
  <meta name='ocr-system' content='tesseract 3.04.00' />
  <meta name='ocr-capabilities' content='ocr_page ocr_carea ocr_par ocr_line ocrx_word'/>
</head>
<body>
  <div class='ocr_page' id='page_1' title='image "./carminaexrecensi01tibuuoft_0385.png"; bbox 0 0 2158 3750; ppageno 0'>
   <div class='ocr_carea' id='block_1_1' title="bbox 26 1218 41 1305">
    <p class='ocr_par' dir='ltr' id='par_1_1' title="bbox 26 1218 41 1305">
     <span class='ocr_line' id='line_1_1' title="bbox 26 1218 41 1305; textangle 90"><span class='ocrx_word' id='word_1_1' title='bbox 26 1293 40 1305; x_wconf 58' lang='lat' dir='ltr'>ss</span> <span class='ocrx_word' id='word_1_2' title='bbox 28 1218 41 1256; x_wconf 45' lang='lat' dir='ltr'>‘V&#39;-</span> 
     </span>
    </p>
   </div>
   <div class='ocr_carea' id='block_1_2' title="bbox 732 248 1892 302">
    <p class='ocr_par' dir='ltr' id='par_1_2' title="bbox 732 248 1892 302">
     <span class='ocr_line' id='line_1_2' title="bbox 732 248 1892 302; baseline 0.001 -3"><span class='ocrx_word' id='word_1_3' title='bbox 732 249 911 301; x_wconf 81' lang='lat' dir='ltr'>LlssR.</span> <span class='ocrx_word' id='word_1_4' title='bbox 949 250 987 299; x_wconf 93' lang='lat' dir='ltr'>I.</span> <span class='ocrx_word' id='word_1_5' title='bbox 1061 248 1258 302; x_wconf 87' lang='lat' dir='ltr'><strong>ELEG.</strong></span> <span class='ocrx_word' id='word_1_6' title='bbox 1298 249 1363 299; x_wconf 91' lang='lat' dir='ltr'>II.</span> <span class='ocrx_word' id='word_1_7' title='bbox 1826 255 1892 300; x_wconf 81' lang='lat'>53</span> 
     </span>
    </p>
   </div>
   <div class='ocr_carea' id='block_1_3' title="bbox 175 398 1891 3460">
    <p class='ocr_par' dir='ltr' id='par_1_3' title="bbox 175 398 1891 3460">
     <span class='ocr_line' id='line_1_3' title="bbox 195 398 1889 459; baseline 0.001 -16"><span class='ocrx_word' id='word_1_8' title='bbox 195 417 303 449; x_wconf 76' lang='lat' dir='ltr'>vas,</span> <span class='ocrx_word' id='word_1_9' title='bbox 326 402 472 459; x_wconf 64' lang='lat' dir='ltr'>penae</span> <span class='ocrx_word' id='word_1_10' title='bbox 506 410 660 446; x_wconf 79' lang='lat' dir='ltr'>castra</span> <span class='ocrx_word' id='word_1_11' title='bbox 690 403 738 445; x_wconf 82' lang='lat' dir='ltr'>in</span> <span class='ocrx_word' id='word_1_12' title='bbox 770 410 902 459; x_wconf 77' lang='lat' dir='ltr'>capto</span> <span class='ocrx_word' id='word_1_13' title='bbox 934 398 1040 446; x_wconf 79' lang='lat' dir='ltr'>solo,</span> <span class='ocrx_word' id='word_1_14' title='bbox 1071 399 1125 443; x_wconf 90' lang='lat' dir='ltr'>de</span> <span class='ocrx_word' id='word_1_15' title='bbox 1158 401 1242 443; x_wconf 88' lang='lat' dir='ltr'>alio</span> <span class='ocrx_word' id='word_1_16' title='bbox 1275 399 1410 444; x_wconf 88' lang='lat' dir='ltr'>milite</span> <span class='ocrx_word' id='word_1_17' title='bbox 1440 401 1578 456; x_wconf 85' lang='lat' dir='ltr'>accipi</span> <span class='ocrx_word' id='word_1_18' title='bbox 1610 402 1776 457; x_wconf 80' lang='lat' dir='ltr'><strong>possint</strong></span> <span class='ocrx_word' id='word_1_19' title='bbox 1804 414 1889 444; x_wconf 86' lang='lat' dir='ltr'>non</span> 
     </span>
     <span class='ocr_line' id='line_1_4' title="bbox 196 484 1891 540; baseline 0.002 -15"><span class='ocrx_word' id='word_1_20' title='bbox 196 485 403 539; x_wconf 79' lang='lat' dir='ltr'>intelligo.</span> <span class='ocrx_word' id='word_1_21' title='bbox 474 488 663 531; x_wconf 86' lang='lat' dir='ltr'>Gloriosi</span> <span class='ocrx_word' id='word_1_22' title='bbox 695 487 866 538; x_wconf 90' lang='lat' dir='ltr'>milites,</span> <span class='ocrx_word' id='word_1_23' title='bbox 898 498 1008 539; x_wconf 84' lang='lat' dir='ltr'>quos</span> <span class='ocrx_word' id='word_1_24' title='bbox 1041 484 1308 527; x_wconf 71' lang='lat' dir='ltr'>Huscmmss</span> <span class='ocrx_word' id='word_1_25' title='bbox 1342 488 1576 540; x_wconf 88' lang='lat' dir='ltr'>comparat,</span> <span class='ocrx_word' id='word_1_26' title='bbox 1607 484 1735 527; x_wconf 84' lang='lat' dir='ltr'>alieni</span> <span class='ocrx_word' id='word_1_27' title='bbox 1766 490 1891 538; x_wconf 79' lang='lat' dir='ltr'>sunt3</span> 
     </span>
     <span class='ocr_line' id='line_1_5' title="bbox 194 568 1889 624; baseline 0.001 -14"><span class='ocrx_word' id='word_1_28' title='bbox 194 568 302 610; x_wconf 88' lang='lat' dir='ltr'>alius</span> <span class='ocrx_word' id='word_1_29' title='bbox 332 581 436 612; x_wconf 85' lang='lat' dir='ltr'>vero</span> <span class='ocrx_word' id='word_1_30' title='bbox 465 570 588 613; x_wconf 90' lang='lat' dir='ltr'>miles</span> <span class='ocrx_word' id='word_1_31' title='bbox 617 570 655 612; x_wconf 85' lang='lat' dir='ltr'>si</span> <span class='ocrx_word' id='word_1_32' title='bbox 685 568 829 612; x_wconf 87' lang='lat' dir='ltr'>hostes</span> <span class='ocrx_word' id='word_1_33' title='bbox 860 569 997 611; x_wconf 74' lang='lat' dir='ltr'>victos</span> <span class='ocrx_word' id='word_1_34' title='bbox 1029 572 1128 611; x_wconf 88' lang='lat' dir='ltr'>ante</span> <span class='ocrx_word' id='word_1_35' title='bbox 1162 582 1211 611; x_wconf 90' lang='lat' dir='ltr'>se</span> <span class='ocrx_word' id='word_1_36' title='bbox 1240 581 1372 623; x_wconf 87' lang='lat' dir='ltr'>agere</span> <span class='ocrx_word' id='word_1_37' title='bbox 1404 568 1488 611; x_wconf 87' lang='lat' dir='ltr'>diei</span> <span class='ocrx_word' id='word_1_38' title='bbox 1521 572 1692 624; x_wconf 86' lang='lat' dir='ltr'>potest,</span> <span class='ocrx_word' id='word_1_39' title='bbox 1739 573 1783 611; x_wconf 81' lang='lat' dir='ltr'>at</span> <span class='ocrx_word' id='word_1_40' title='bbox 1813 583 1889 612; x_wconf 86' lang='lat' dir='ltr'>ca-</span> 
     </span>
     <span class='ocr_line' id='line_1_6' title="bbox 194 648 1889 707; baseline -0.002 -12"><span class='ocrx_word' id='word_1_41' title='bbox 194 659 335 695; x_wconf 80' lang='lat' dir='ltr'>tervas</span> <span class='ocrx_word' id='word_1_42' title='bbox 375 653 447 695; x_wconf 84' lang='lat' dir='ltr'>vix</span> <span class='ocrx_word' id='word_1_43' title='bbox 489 657 617 707; x_wconf 88' lang='lat' dir='ltr'>aget,</span> <span class='ocrx_word' id='word_1_44' title='bbox 662 651 744 693; x_wconf 90' lang='lat' dir='ltr'>nisi</span> <span class='ocrx_word' id='word_1_45' title='bbox 780 649 1055 692; x_wconf 81' lang='lat' dir='ltr'>Homericam</span> <span class='ocrx_word' id='word_1_46' title='bbox 1098 650 1234 692; x_wconf 83' lang='lat' dir='ltr'>aciem</span> <span class='ocrx_word' id='word_1_47' title='bbox 1267 663 1401 704; x_wconf 84' lang='lat' dir='ltr'>ponas</span> <span class='ocrx_word' id='word_1_48' title='bbox 1431 654 1476 692; x_wconf 93' lang='lat' dir='ltr'>et</span> <span class='ocrx_word' id='word_1_49' title='bbox 1507 648 1720 693; x_wconf 87' lang='lat' dir='ltr'>heroicam</span> <span class='ocrx_word' id='word_1_50' title='bbox 1752 651 1889 693; x_wconf 84' lang='lat' dir='ltr'>virtu-</span> 
     </span>
     <span class='ocr_line' id='line_1_7' title="bbox 193 729 1887 788; baseline 0 -12"><span class='ocrx_word' id='word_1_51' title='bbox 193 741 294 786; x_wconf 86' lang='lat' dir='ltr'>tem,</span> <span class='ocrx_word' id='word_1_52' title='bbox 332 741 462 787; x_wconf 86' lang='lat' dir='ltr'>atque</span> <span class='ocrx_word' id='word_1_53' title='bbox 491 738 540 775; x_wconf 88' lang='lat' dir='ltr'>ut</span> <span class='ocrx_word' id='word_1_54' title='bbox 569 732 698 775; x_wconf 79' lang='lat' dir='ltr'>etiam</span> <span class='ocrx_word' id='word_1_55' title='bbox 729 729 811 773; x_wconf 88' lang='lat' dir='ltr'>hoc</span> <span class='ocrx_word' id='word_1_56' title='bbox 843 730 1014 784; x_wconf 84' lang='lat' dir='ltr'>largiar,</span> <span class='ocrx_word' id='word_1_57' title='bbox 1045 735 1164 772; x_wconf 90' lang='lat' dir='ltr'>certe</span> <span class='ocrx_word' id='word_1_58' title='bbox 1196 736 1337 772; x_wconf 87' lang='lat' dir='ltr'>eastra</span> <span class='ocrx_word' id='word_1_59' title='bbox 1370 744 1529 786; x_wconf 87' lang='lat' dir='ltr'>ponere</span> <span class='ocrx_word' id='word_1_60' title='bbox 1561 732 1602 774; x_wconf 89' lang='lat' dir='ltr'>in</span> <span class='ocrx_word' id='word_1_61' title='bbox 1634 738 1763 788; x_wconf 88' lang='lat' dir='ltr'>capto</span> <span class='ocrx_word' id='word_1_62' title='bbox 1793 733 1887 776; x_wconf 85' lang='lat' dir='ltr'>solo</span> 
     </span>
     <span class='ocr_line' id='line_1_8' title="bbox 192 809 1888 870; baseline 0.001 -15"><span class='ocrx_word' id='word_1_63' title='bbox 192 815 310 856; x_wconf 77' lang='lat' dir='ltr'>vides</span> <span class='ocrx_word' id='word_1_64' title='bbox 348 814 469 856; x_wconf 84' lang='lat' dir='ltr'>ducis</span> <span class='ocrx_word' id='word_1_65' title='bbox 508 825 618 856; x_wconf 87' lang='lat' dir='ltr'>esse.</span> <span class='ocrx_word' id='word_1_66' title='bbox 691 811 910 866; x_wconf 81' lang='lat' dir='ltr'><strong>Legatum</strong></span> <span class='ocrx_word' id='word_1_67' title='bbox 950 809 1125 864; x_wconf 88' lang='lat' dir='ltr'>quidem</span> <span class='ocrx_word' id='word_1_68' title='bbox 1168 810 1386 853; x_wconf 83' lang='lat' dir='ltr'>Messalae</span> <span class='ocrx_word' id='word_1_69' title='bbox 1416 813 1536 855; x_wconf 89' lang='lat' dir='ltr'>locus</span> <span class='ocrx_word' id='word_1_70' title='bbox 1567 826 1652 856; x_wconf 88' lang='lat' dir='ltr'>non</span> <span class='ocrx_word' id='word_1_71' title='bbox 1685 815 1888 870; x_wconf 83' lang='lat' dir='ltr'>postulat,</span> 
     </span>
     <span class='ocr_line' id='line_1_9' title="bbox 189 892 1887 952; baseline -0.001 -12"><span class='ocrx_word' id='word_1_72' title='bbox 189 898 266 940; x_wconf 86' lang='lat' dir='ltr'>sed</span> <span class='ocrx_word' id='word_1_73' title='bbox 308 902 450 939; x_wconf 86' lang='lat' dir='ltr'>tamen</span> <span class='ocrx_word' id='word_1_74' title='bbox 494 894 759 952; x_wconf 80' lang='lat' dir='ltr'>praefectum</span> <span class='ocrx_word' id='word_1_75' title='bbox 799 892 990 937; x_wconf 82' lang='lat' dir='ltr'><strong>cohortis</strong></span> <span class='ocrx_word' id='word_1_76' title='bbox 1033 893 1136 948; x_wconf 90' lang='lat' dir='ltr'>quid</span> <span class='ocrx_word' id='word_1_77' title='bbox 1179 893 1321 935; x_wconf 85' lang='lat' dir='ltr'>obstat</span> <span class='ocrx_word' id='word_1_78' title='bbox 1362 907 1448 948; x_wconf 94' lang='lat' dir='ltr'>quo</span> <span class='ocrx_word' id='word_1_79' title='bbox 1489 895 1627 938; x_wconf 87' lang='lat' dir='ltr'>minus</span> <span class='ocrx_word' id='word_1_80' title='bbox 1669 897 1887 951; x_wconf 84' lang='lat' dir='ltr'>intelliga-</span> 
     </span>
     <span class='ocr_line' id='line_1_10' title="bbox 186 977 1887 1029; baseline 0.001 -9"><span class='ocrx_word' id='word_1_81' title='bbox 186 977 405 1020; x_wconf 69' lang='lat' dir='ltr'>mus‘3—</span> <span class='ocrx_word' id='word_1_82' title='bbox 450 978 502 1020; x_wconf 86' lang='lat' dir='ltr'>V.</span> <span class='ocrx_word' id='word_1_83' title='bbox 534 979 607 1019; x_wconf 81' lang='lat'>71.</span> <span class='ocrx_word' id='word_1_84' title='bbox 651 980 812 1019; x_wconf 86' lang='lat' dir='ltr'>totus</span> <span class='ocrx_word' id='word_1_85' title='bbox 854 981 908 1019; x_wconf 91' lang='lat' dir='ltr'>et</span> <span class='ocrx_word' id='word_1_86' title='bbox 948 978 1193 1028; x_wconf 85' lang='lat' dir='ltr'>argento</span> <span class='ocrx_word' id='word_1_87' title='bbox 1236 979 1578 1029; x_wconf 82' lang='lat' dir='ltr'>contextus,</span> <span class='ocrx_word' id='word_1_88' title='bbox 1625 983 1788 1021; x_wconf 89' lang='lat' dir='ltr'>totus</span> <span class='ocrx_word' id='word_1_89' title='bbox 1832 984 1887 1021; x_wconf 89' lang='lat' dir='ltr'>et</span> 
     </span>
     <span class='ocr_line' id='line_1_11' title="bbox 184 1058 1886 1117; baseline 0.001 -15"><span class='ocrx_word' id='word_1_90' title='bbox 184 1071 335 1102; x_wconf 85' lang='lat' dir='ltr'>auro.</span> <span class='ocrx_word' id='word_1_91' title='bbox 407 1059 625 1102; x_wconf 69' lang='lat' dir='ltr'>Hermus</span> <span class='ocrx_word' id='word_1_92' title='bbox 667 1063 892 1102; x_wconf 83' lang='lat' dir='ltr'>oneratum</span> <span class='ocrx_word' id='word_1_93' title='bbox 935 1058 1119 1115; x_wconf 85' lang='lat' dir='ltr'>praeda,</span> <span class='ocrx_word' id='word_1_94' title='bbox 1165 1071 1278 1113; x_wconf 87' lang='lat' dir='ltr'>equo</span> <span class='ocrx_word' id='word_1_95' title='bbox 1320 1064 1442 1103; x_wconf 88' lang='lat' dir='ltr'>veste</span> <span class='ocrx_word' id='word_1_96' title='bbox 1473 1073 1605 1103; x_wconf 88' lang='lat' dir='ltr'>aurea</span> <span class='ocrx_word' id='word_1_97' title='bbox 1636 1074 1693 1103; x_wconf 86' lang='lat' dir='ltr'>ex</span> <span class='ocrx_word' id='word_1_98' title='bbox 1724 1063 1886 1117; x_wconf 81' lang='lat' dir='ltr'>praeda</span> 
     </span>
     <span class='ocr_line' id='line_1_12' title="bbox 184 1143 1886 1199; baseline -0.001 -12"><span class='ocrx_word' id='word_1_99' title='bbox 184 1145 379 1195; x_wconf 81' lang='lat' dir='ltr'>instrato,</span> <span class='ocrx_word' id='word_1_100' title='bbox 409 1145 553 1188; x_wconf 88' lang='lat' dir='ltr'>aureis</span> <span class='ocrx_word' id='word_1_101' title='bbox 582 1143 838 1199; x_wconf 85' lang='lat' dir='ltr'>insignibus,</span> <span class='ocrx_word' id='word_1_102' title='bbox 873 1145 1016 1198; x_wconf 88' lang='lat' dir='ltr'>armis,</span> <span class='ocrx_word' id='word_1_103' title='bbox 1049 1143 1312 1186; x_wconf 82' lang='lat' dir='ltr'>ornamentis</span> <span class='ocrx_word' id='word_1_104' title='bbox 1342 1148 1506 1187; x_wconf 89' lang='lat' dir='ltr'>tectum</span> <span class='ocrx_word' id='word_1_105' title='bbox 1535 1144 1723 1199; x_wconf 85' lang='lat' dir='ltr'>equitem</span> <span class='ocrx_word' id='word_1_106' title='bbox 1758 1145 1886 1186; x_wconf 88' lang='lat' dir='ltr'>intel-</span> 
     </span>
     <span class='ocr_line' id='line_1_13' title="bbox 182 1227 1886 1283; baseline 0.001 -14"><span class='ocrx_word' id='word_1_107' title='bbox 182 1227 292 1282; x_wconf 89' lang='lat' dir='ltr'>ligit.</span> <span class='ocrx_word' id='word_1_108' title='bbox 353 1228 516 1271; x_wconf 89' lang='lat' dir='ltr'>Tibulli</span> <span class='ocrx_word' id='word_1_109' title='bbox 558 1228 689 1271; x_wconf 85' lang='lat' dir='ltr'>verba</span> <span class='ocrx_word' id='word_1_110' title='bbox 725 1227 924 1272; x_wconf 86' lang='lat' dir='ltr'>indutum</span> <span class='ocrx_word' id='word_1_111' title='bbox 966 1233 1088 1271; x_wconf 86' lang='lat' dir='ltr'>veste</span> <span class='ocrx_word' id='word_1_112' title='bbox 1130 1241 1184 1270; x_wconf 87' lang='lat' dir='ltr'>ex</span> <span class='ocrx_word' id='word_1_113' title='bbox 1221 1240 1328 1270; x_wconf 92' lang='lat' dir='ltr'>auro</span> <span class='ocrx_word' id='word_1_114' title='bbox 1371 1233 1416 1271; x_wconf 92' lang='lat' dir='ltr'>et</span> <span class='ocrx_word' id='word_1_115' title='bbox 1457 1234 1639 1283; x_wconf 84' lang='lat' dir='ltr'>argento</span> <span class='ocrx_word' id='word_1_116' title='bbox 1681 1233 1886 1272; x_wconf 80' lang='lat' dir='ltr'>contexta</span> 
     </span>
     <span class='ocr_line' id='line_1_14' title="bbox 182 1312 1886 1378; baseline 0.001 -24"><span class='ocrx_word' id='word_1_117' title='bbox 182 1324 281 1354; x_wconf 89' lang='lat' dir='ltr'>cum</span> <span class='ocrx_word' id='word_1_118' title='bbox 311 1312 578 1367; x_wconf 83' lang='lat' dir='ltr'>significent,</span> <span class='ocrx_word' id='word_1_119' title='bbox 621 1312 814 1356; x_wconf 82' lang='lat' dir='ltr'>Vossms</span> <span class='ocrx_word' id='word_1_120' title='bbox 844 1313 1056 1356; x_wconf 85' lang='lat' dir='ltr'>Attalicas</span> <span class='ocrx_word' id='word_1_121' title='bbox 1094 1318 1236 1356; x_wconf 88' lang='lat' dir='ltr'>vestes</span> <span class='ocrx_word' id='word_1_122' title='bbox 1265 1312 1530 1356; x_wconf 83' lang='lat' dir='ltr'>recordatur.</span> <span class='ocrx_word' id='word_1_123' title='bbox 1602 1313 1778 1378; x_wconf 52' lang='lat' dir='ltr'>Attalus</span> <span class='ocrx_word' id='word_1_124' title='bbox 1805 1325 1886 1356; x_wconf 80' lang='lat' dir='ltr'>au-</span> 
     </span>
     <span class='ocr_line' id='line_1_15' title="bbox 184 1396 1886 1451; baseline 0.001 -14"><span class='ocrx_word' id='word_1_125' title='bbox 184 1407 280 1438; x_wconf 88' lang='lat' dir='ltr'>rum</span> <span class='ocrx_word' id='word_1_126' title='bbox 309 1396 503 1439; x_wconf 75' lang='lat' dir='ltr'>vestibus</span> <span class='ocrx_word' id='word_1_127' title='bbox 532 1396 755 1440; x_wconf 85' lang='lat' dir='ltr'>intexendi</span> <span class='ocrx_word' id='word_1_128' title='bbox 783 1400 922 1439; x_wconf 90' lang='lat' dir='ltr'>artem</span> <span class='ocrx_word' id='word_1_129' title='bbox 951 1396 1165 1439; x_wconf 88' lang='lat' dir='ltr'>invenisse</span> <span class='ocrx_word' id='word_1_130' title='bbox 1195 1397 1375 1450; x_wconf 88' lang='lat' dir='ltr'>dicitur,</span> <span class='ocrx_word' id='word_1_131' title='bbox 1415 1397 1552 1441; x_wconf 64' lang='lat' dir='ltr'>Pam.</span> <span class='ocrx_word' id='word_1_132' title='bbox 1585 1397 1705 1451; x_wconf 87' lang='lat' dir='ltr'>vl11,</span> <span class='ocrx_word' id='word_1_133' title='bbox 1733 1399 1805 1439; x_wconf 83' lang='grc'>48.</span> <span class='ocrx_word' id='word_1_134' title='bbox 1840 1402 1886 1439; x_wconf 91' lang='lat' dir='ltr'>et</span> 
     </span>
     <span class='ocr_line' id='line_1_16' title="bbox 182 1479 1886 1537; baseline -0.002 -14"><span class='ocrx_word' id='word_1_135' title='bbox 182 1486 477 1523; x_wconf 84' lang='lat' dir='ltr'>memorantur</span> <span class='ocrx_word' id='word_1_136' title='bbox 518 1481 724 1537; x_wconf 86' lang='lat' dir='ltr'>imprimis</span> <span class='ocrx_word' id='word_1_137' title='bbox 769 1481 923 1524; x_wconf 85' lang='lat' dir='ltr'>aulaea</span> <span class='ocrx_word' id='word_1_138' title='bbox 953 1481 1170 1534; x_wconf 87' lang='lat' dir='ltr'>Attalica,</span> <span class='ocrx_word' id='word_1_139' title='bbox 1215 1480 1453 1523; x_wconf 64' lang='lat' dir='ltr'>Pnopmzm.</span> <span class='ocrx_word' id='word_1_140' title='bbox 1484 1479 1540 1532; x_wconf 88' lang='lat'>11,</span> <span class='ocrx_word' id='word_1_141' title='bbox 1569 1483 1644 1533; x_wconf 83' lang='lat'>23,</span> <span class='ocrx_word' id='word_1_142' title='bbox 1683 1482 1757 1522; x_wconf 85' lang='lat'>46.</span> <span class='ocrx_word' id='word_1_143' title='bbox 1806 1479 1886 1529; x_wconf 81' lang='grc' dir='ltr'>ΙΙΙ,</span> 
     </span>
     <span class='ocr_line' id='line_1_17' title="bbox 184 1559 1882 1619; baseline -0.001 -13"><span class='ocrx_word' id='word_1_144' title='bbox 184 1568 257 1618; x_wconf 85' lang='grc'>16,</span> <span class='ocrx_word' id='word_1_145' title='bbox 289 1567 360 1608; x_wconf 84' lang='grc'>19.</span> <span class='ocrx_word' id='word_1_146' title='bbox 408 1566 504 1608; x_wconf 73' lang='lat' dir='ltr'>Str..</span> <span class='ocrx_word' id='word_1_147' title='bbox 535 1564 656 1618; x_wconf 90' lang='lat' dir='ltr'>XIV,</span> <span class='ocrx_word' id='word_1_148' title='bbox 685 1567 789 1608; x_wconf 83' lang='lat'><strong>659.</strong></span> <span class='ocrx_word' id='word_1_149' title='bbox 852 1565 962 1608; x_wconf 89' lang='lat' dir='ltr'>Cum</span> <span class='ocrx_word' id='word_1_150' title='bbox 995 1578 1100 1607; x_wconf 74' lang='lat' dir='ltr'>vero</span> <span class='ocrx_word' id='word_1_151' title='bbox 1133 1565 1346 1608; x_wconf 84' lang='lat' dir='ltr'>Attalicae</span> <span class='ocrx_word' id='word_1_152' title='bbox 1378 1568 1522 1607; x_wconf 85' lang='lat' dir='ltr'>vestes</span> <span class='ocrx_word' id='word_1_153' title='bbox 1561 1562 1737 1619; x_wconf 85' lang='lat' dir='ltr'>proprie</span> <span class='ocrx_word' id='word_1_154' title='bbox 1775 1559 1882 1604; x_wconf 87' lang='lat' dir='ltr'>haec</span> 
     </span>
     <span class='ocr_line' id='line_1_18' title="bbox 179 1645 1885 1704; baseline -0.004 -11"><span class='ocrx_word' id='word_1_155' title='bbox 179 1649 332 1696; x_wconf 78' lang='lat' dir='ltr'>aulaea</span> <span class='ocrx_word' id='word_1_156' title='bbox 362 1649 472 1702; x_wconf 82' lang='lat' dir='ltr'>sint,</span> <span class='ocrx_word' id='word_1_157' title='bbox 503 1653 552 1692; x_wconf 88' lang='lat' dir='ltr'>tu</span> <span class='ocrx_word' id='word_1_158' title='bbox 581 1648 642 1690; x_wconf 84' lang='lat' dir='ltr'>ita</span> <span class='ocrx_word' id='word_1_159' title='bbox 671 1647 819 1704; x_wconf 87' lang='lat' dir='ltr'>potius</span> <span class='ocrx_word' id='word_1_160' title='bbox 849 1647 994 1691; x_wconf 82' lang='lat' dir='ltr'>dices:</span> <span class='ocrx_word' id='word_1_161' title='bbox 1027 1648 1210 1702; x_wconf 81' lang='lat' dir='ltr'>intelligi</span> <span class='ocrx_word' id='word_1_162' title='bbox 1239 1660 1353 1690; x_wconf 90' lang='lat' dir='ltr'>nunc</span> <span class='ocrx_word' id='word_1_163' title='bbox 1383 1659 1535 1701; x_wconf 88' lang='lat' dir='ltr'>sagum</span> <span class='ocrx_word' id='word_1_164' title='bbox 1565 1645 1647 1689; x_wconf 82' lang='lat' dir='ltr'>viri</span> <span class='ocrx_word' id='word_1_165' title='bbox 1673 1658 1780 1688; x_wconf 90' lang='lat' dir='ltr'>auro</span> <span class='ocrx_word' id='word_1_166' title='bbox 1811 1657 1885 1687; x_wconf 82' lang='lat' dir='ltr'>ar-</span> 
     </span>
     <span class='ocr_line' id='line_1_19' title="bbox 181 1729 1880 1790; baseline -0.002 -15"><span class='ocrx_word' id='word_1_167' title='bbox 181 1738 401 1787; x_wconf 88' lang='lat' dir='ltr'>gentoque</span> <span class='ocrx_word' id='word_1_168' title='bbox 422 1732 604 1790; x_wconf 78' lang='lat' dir='ltr'>plurimo</span> <span class='ocrx_word' id='word_1_169' title='bbox 629 1732 799 1775; x_wconf 88' lang='lat' dir='ltr'>intexto</span> <span class='ocrx_word' id='word_1_170' title='bbox 823 1737 1033 1775; x_wconf 88' lang='lat' dir='ltr'>ornatum.</span> <span class='ocrx_word' id='word_1_171' title='bbox 1090 1733 1297 1775; x_wconf 88' lang='lat' dir='ltr'>Ceterum</span> <span class='ocrx_word' id='word_1_172' title='bbox 1319 1731 1506 1775; x_wconf 86' lang='lat' dir='ltr'>conferri</span> <span class='ocrx_word' id='word_1_173' title='bbox 1530 1735 1674 1787; x_wconf 90' lang='lat' dir='ltr'>potest</span> <span class='ocrx_word' id='word_1_174' title='bbox 1696 1729 1880 1772; x_wconf 71' lang='lat' dir='ltr'>Horwr.</span> 
     </span>
     <span class='ocr_line' id='line_1_20' title="bbox 181 1814 1880 1870; baseline -0.002 -13"><span class='ocrx_word' id='word_1_175' title='bbox 181 1815 257 1869; x_wconf 79' lang='lat' dir='ltr'>lv,</span> <span class='ocrx_word' id='word_1_176' title='bbox 288 1819 332 1869; x_wconf 84' lang='lat'>9,</span> <span class='ocrx_word' id='word_1_177' title='bbox 366 1818 450 1859; x_wconf 74' lang='lat'>14:</span> <span class='ocrx_word' id='word_1_178' title='bbox 481 1830 644 1857; x_wconf 81' lang='lat' dir='ltr'>aurum</span> <span class='ocrx_word' id='word_1_179' title='bbox 677 1814 873 1858; x_wconf 79' lang='lat' dir='ltr'>vestibus</span> <span class='ocrx_word' id='word_1_180' title='bbox 905 1815 1086 1862; x_wconf 77' lang='lat' dir='ltr'>illitum,</span> <span class='ocrx_word' id='word_1_181' title='bbox 1119 1823 1164 1860; x_wconf 87' lang='lat' dir='ltr'>et</span> <span class='ocrx_word' id='word_1_182' title='bbox 1193 1817 1359 1859; x_wconf 76' lang='lat' dir='ltr'>EURlP.</span> <span class='ocrx_word' id='word_1_183' title='bbox 1385 1816 1528 1859; x_wconf 86' lang='lat' dir='ltr'>Orest.</span> <span class='ocrx_word' id='word_1_184' title='bbox 1560 1818 1672 1858; x_wconf 76' lang='lat'><strong>837:</strong></span> <span class='ocrx_word' id='word_1_185' title='bbox 1698 1829 1880 1870; x_wconf 75' lang='grc' dir='ltr'><em>χρυσεο-</em></span> 
     </span>
     <span class='ocr_line' id='line_1_21' title="bbox 177 1885 1879 1957; baseline 0 -18"><span class='ocrx_word' id='word_1_186' title='bbox 177 1894 350 1955; x_wconf 75' lang='grc' dir='ltr'><em>πήνητα</em></span> <span class='ocrx_word' id='word_1_187' title='bbox 384 1893 538 1957; x_wconf 68' lang='grc' dir='ltr'>φάρεα.</span> <span class='ocrx_word' id='word_1_188' title='bbox 609 1899 798 1941; x_wconf 82' lang='lat' dir='ltr'>Romani</span> <span class='ocrx_word' id='word_1_189' title='bbox 837 1898 971 1942; x_wconf 91' lang='lat' dir='ltr'>duces</span> <span class='ocrx_word' id='word_1_190' title='bbox 1001 1899 1044 1941; x_wconf 90' lang='lat' dir='ltr'>in</span> <span class='ocrx_word' id='word_1_191' title='bbox 1077 1900 1258 1942; x_wconf 88' lang='lat' dir='ltr'>Oriente</span> <span class='ocrx_word' id='word_1_192' title='bbox 1290 1885 1420 1942; x_wconf 87' lang='lat' dir='ltr'>etiam</span> <span class='ocrx_word' id='word_1_193' title='bbox 1450 1900 1598 1941; x_wconf 85' lang='lat' dir='ltr'>luxum</span> <span class='ocrx_word' id='word_1_194' title='bbox 1629 1894 1879 1941; x_wconf 75' lang='lat' dir='ltr'>orientalem</span> 
     </span>
     <span class='ocr_line' id='line_1_22' title="bbox 178 1981 1882 2038; baseline 0.001 -16"><span class='ocrx_word' id='word_1_195' title='bbox 178 1981 471 2024; x_wconf 82' lang='lat' dir='ltr'>imitabantur.</span> <span class='ocrx_word' id='word_1_196' title='bbox 532 1982 732 2036; x_wconf 81' lang='lat' dir='ltr'>Denique</span> <span class='ocrx_word' id='word_1_197' title='bbox 773 1987 1095 2026; x_wconf 85' lang='lat' dir='ltr'>contextus</span> <span class='ocrx_word' id='word_1_198' title='bbox 1136 1989 1204 2026; x_wconf 89' lang='lat' dir='ltr'>est</span> <span class='ocrx_word' id='word_1_199' title='bbox 1245 1983 1300 2026; x_wconf 91' lang='lat' dir='ltr'>de</span> <span class='ocrx_word' id='word_1_200' title='bbox 1343 1982 1516 2025; x_wconf 87' lang='lat' dir='ltr'>homine</span> <span class='ocrx_word' id='word_1_201' title='bbox 1546 1996 1610 2038; x_wconf 88' lang='lat' dir='ltr'>pr.</span> <span class='ocrx_word' id='word_1_202' title='bbox 1643 1987 1789 2035; x_wconf 87' lang='lat' dir='ltr'>veste,</span> <span class='ocrx_word' id='word_1_203' title='bbox 1834 1986 1882 2023; x_wconf 86' lang='lat' dir='ltr'>ut</span> 
     </span>
     <span class='ocr_line' id='line_1_23' title="bbox 177 2063 1882 2122; baseline 0.002 -17"><span class='ocrx_word' id='word_1_204' title='bbox 177 2064 317 2106; x_wconf 84' lang='lat' dir='ltr'>solent</span> <span class='ocrx_word' id='word_1_205' title='bbox 361 2063 607 2119; x_wconf 84' lang='lat' dir='ltr'>praedicata</span> <span class='ocrx_word' id='word_1_206' title='bbox 650 2064 834 2108; x_wconf 86' lang='lat' dir='ltr'>vestium</span> <span class='ocrx_word' id='word_1_207' title='bbox 877 2069 922 2107; x_wconf 88' lang='lat' dir='ltr'>et</span> <span class='ocrx_word' id='word_1_208' title='bbox 963 2077 1180 2108; x_wconf 86' lang='lat' dir='ltr'>armorum</span> <span class='ocrx_word' id='word_1_209' title='bbox 1221 2066 1276 2108; x_wconf 89' lang='lat' dir='ltr'>ad</span> <span class='ocrx_word' id='word_1_210' title='bbox 1318 2066 1453 2122; x_wconf 83' lang='lat' dir='ltr'>ipsam</span> <span class='ocrx_word' id='word_1_211' title='bbox 1485 2078 1710 2122; x_wconf 83' lang='lat' dir='ltr'>personam</span> <span class='ocrx_word' id='word_1_212' title='bbox 1743 2070 1882 2108; x_wconf 86' lang='lat' dir='ltr'>trans-</span> 
     </span>
     <span class='ocr_line' id='line_1_24' title="bbox 179 2145 1880 2206; baseline 0 -17"><span class='ocrx_word' id='word_1_213' title='bbox 179 2145 279 2190; x_wconf 80' lang='lat' dir='ltr'>ferri</span> <span class='ocrx_word' id='word_1_214' title='bbox 311 2149 483 2191; x_wconf 83' lang='lat' dir='ltr'>Graece</span> <span class='ocrx_word' id='word_1_215' title='bbox 521 2153 565 2191; x_wconf 93' lang='lat' dir='ltr'>et</span> <span class='ocrx_word' id='word_1_216' title='bbox 597 2146 793 2202; x_wconf 75' lang='lat' dir='ltr'>Latine‚&#39;</span> <span class='ocrx_word' id='word_1_217' title='bbox 824 2150 1025 2204; x_wconf 88' lang='lat' dir='ltr'>quoniam</span> <span class='ocrx_word' id='word_1_218' title='bbox 1057 2150 1289 2206; x_wconf 87' lang='lat' dir='ltr'>adspectus</span> <span class='ocrx_word' id='word_1_219' title='bbox 1321 2163 1372 2192; x_wconf 85' lang='lat' dir='ltr'>ea</span> <span class='ocrx_word' id='word_1_220' title='bbox 1403 2165 1428 2193; x_wconf 90' lang='lat' dir='ltr'>a</span> <span class='ocrx_word' id='word_1_221' title='bbox 1461 2162 1642 2206; x_wconf 85' lang='lat' dir='ltr'>persona</span> <span class='ocrx_word' id='word_1_222' title='bbox 1672 2162 1759 2191; x_wconf 89' lang='lat' dir='ltr'>non</span> <span class='ocrx_word' id='word_1_223' title='bbox 1791 2148 1880 2190; x_wconf 82' lang='lat' dir='ltr'>dis-</span> 
     </span>
     <span class='ocr_line' id='line_1_25' title="bbox 177 2226 1882 2289; baseline 0.002 -18"><span class='ocrx_word' id='word_1_224' title='bbox 177 2230 331 2284; x_wconf 82' lang='lat' dir='ltr'>iungit.</span> <span class='ocrx_word' id='word_1_225' title='bbox 391 2231 468 2274; x_wconf 84' lang='lat' dir='ltr'>Sic</span> <span class='ocrx_word' id='word_1_226' title='bbox 502 2226 685 2284; x_wconf 75' lang='grc' dir='ltr'><em>χάλκεος</em></span> <span class='ocrx_word' id='word_1_227' title='bbox 718 2228 862 2289; x_wconf 71' lang='grc' dir='ltr'><em>’Ἁρης</em></span> <span class='ocrx_word' id='word_1_228' title='bbox 903 2234 1047 2276; x_wconf 78' lang='lat' dir='ltr'>toties.</span> <span class='ocrx_word' id='word_1_229' title='bbox 1108 2234 1184 2276; x_wconf 88' lang='lat' dir='ltr'>Sic</span> <span class='ocrx_word' id='word_1_230' title='bbox 1220 2240 1490 2289; x_wconf 78' lang='lat' dir='ltr'>praetextas</span> <span class='ocrx_word' id='word_1_231' title='bbox 1529 2239 1715 2276; x_wconf 77' lang='lat' dir='ltr'>senatus</span> <span class='ocrx_word' id='word_1_232' title='bbox 1757 2233 1882 2275; x_wconf 81' lang='lat' dir='ltr'>PRO—</span> 
     </span>
     <span class='ocr_line' id='line_1_26' title="bbox 180 2315 1880 2374; baseline 0 -16"><span class='ocrx_word' id='word_1_233' title='bbox 180 2329 315 2359; x_wconf 69' lang='lat' dir='ltr'>rssn‘r.</span> <span class='ocrx_word' id='word_1_234' title='bbox 348 2316 426 2369; x_wconf 87' lang='lat' dir='ltr'>lv,</span> <span class='ocrx_word' id='word_1_235' title='bbox 458 2319 500 2368; x_wconf 81' lang='lat'>1,</span> <span class='ocrx_word' id='word_1_236' title='bbox 532 2319 631 2370; x_wconf 90' lang='lat'>11.‚</span> <span class='ocrx_word' id='word_1_237' title='bbox 662 2331 828 2359; x_wconf 78' lang='lat' dir='ltr'>aureus</span> <span class='ocrx_word' id='word_1_238' title='bbox 857 2317 973 2374; x_wconf 82' lang='lat' dir='ltr'>apud</span> <span class='ocrx_word' id='word_1_239' title='bbox 1004 2318 1142 2360; x_wconf 82' lang='lat' dir='ltr'>Ovm.</span> <span class='ocrx_word' id='word_1_240' title='bbox 1176 2317 1355 2360; x_wconf 91' lang='lat' dir='ltr'>Heroid.</span> <span class='ocrx_word' id='word_1_241' title='bbox 1383 2317 1483 2372; x_wconf 85' lang='lat' dir='ltr'><strong>XII,</strong></span> <span class='ocrx_word' id='word_1_242' title='bbox 1520 2320 1620 2360; x_wconf 83' lang='lat'><strong>152.</strong></span> <span class='ocrx_word' id='word_1_243' title='bbox 1668 2315 1880 2358; x_wconf 77' lang='lat' dir='ltr'>Caelatus</span> 
     </span>
     <span class='ocr_line' id='line_1_27' title="bbox 175 2380 1879 2456; baseline 0.002 -17"><span class='ocrx_word' id='word_1_244' title='bbox 175 2413 381 2456; x_wconf 78' lang='lat' dir='ltr'>parmam</span> <span class='ocrx_word' id='word_1_245' title='bbox 411 2400 509 2442; x_wconf 66' lang='lat' dir='ltr'>Su„</span> <span class='ocrx_word' id='word_1_246' title='bbox 540 2398 606 2442; x_wconf 78' lang='lat' dir='ltr'>I&#39;r.</span> <span class='ocrx_word' id='word_1_247' title='bbox 638 2399 673 2452; x_wconf 86' lang='lat'>1,</span> <span class='ocrx_word' id='word_1_248' title='bbox 701 2402 804 2442; x_wconf 75' lang='lat'><strong>40⁷.</strong></span> <span class='ocrx_word' id='word_1_249' title='bbox 868 2380 964 2442; x_wconf 65' lang='lat' dir='ltr'>Alia</span> <span class='ocrx_word' id='word_1_250' title='bbox 1007 2401 1206 2455; x_wconf 87' lang='lat' dir='ltr'>exempla</span> <span class='ocrx_word' id='word_1_251' title='bbox 1247 2399 1344 2442; x_wconf 80' lang='lat' dir='ltr'>vide</span> <span class='ocrx_word' id='word_1_252' title='bbox 1381 2381 1450 2455; x_wconf 82' lang='lat' dir='ltr'>ap.</span> <span class='ocrx_word' id='word_1_253' title='bbox 1491 2399 1785 2442; x_wconf 79' lang='lat' dir='ltr'>Huscfflcnnu.</span> <span class='ocrx_word' id='word_1_254' title='bbox 1825 2423 1879 2432; x_wconf 91' lang='lat'><em>—</em></span> 
     </span>
     <span class='ocr_line' id='line_1_28' title="bbox 180 2482 1880 2539; baseline 0 -13"><span class='ocrx_word' id='word_1_255' title='bbox 180 2483 432 2527; x_wconf 86' lang='lat' dir='ltr'>insideat</span> <span class='ocrx_word' id='word_1_256' title='bbox 477 2484 666 2527; x_wconf 83' lang='lat' dir='ltr'>celeri</span> <span class='ocrx_word' id='word_1_257' title='bbox 707 2483 1157 2539; x_wconf 86' lang='lat' dir='ltr'>conspiciendus</span> <span class='ocrx_word' id='word_1_258' title='bbox 1205 2496 1360 2537; x_wconf 90' lang='lat' dir='ltr'>equo.</span> <span class='ocrx_word' id='word_1_259' title='bbox 1424 2482 1548 2525; x_wconf 90' lang='lat' dir='ltr'>Haec</span> <span class='ocrx_word' id='word_1_260' title='bbox 1589 2483 1783 2539; x_wconf 87' lang='lat' dir='ltr'>plerique</span> <span class='ocrx_word' id='word_1_261' title='bbox 1826 2483 1880 2526; x_wconf 92' lang='lat' dir='ltr'>de</span> 
     </span>
     <span class='ocr_line' id='line_1_29' title="bbox 178 2565 1878 2623; baseline 0.002 -15"><span class='ocrx_word' id='word_1_262' title='bbox 178 2565 392 2623; x_wconf 89' lang='lat' dir='ltr'>triumpho</span> <span class='ocrx_word' id='word_1_263' title='bbox 422 2567 694 2622; x_wconf 69' lang='lat' dir='ltr'>intdflgunt,</span> <span class='ocrx_word' id='word_1_264' title='bbox 725 2567 800 2610; x_wconf 91' lang='lat' dir='ltr'>ubi</span> <span class='ocrx_word' id='word_1_265' title='bbox 831 2568 1035 2623; x_wconf 88' lang='lat' dir='ltr'>praedam</span> <span class='ocrx_word' id='word_1_266' title='bbox 1067 2573 1258 2611; x_wconf 90' lang='lat' dir='ltr'>ostentet</span> <span class='ocrx_word' id='word_1_267' title='bbox 1287 2569 1371 2609; x_wconf 91' lang='lat' dir='ltr'>iste</span> <span class='ocrx_word' id='word_1_268' title='bbox 1403 2565 1556 2620; x_wconf 87' lang='lat' dir='ltr'>homo,</span> <span class='ocrx_word' id='word_1_269' title='bbox 1599 2566 1878 2611; x_wconf 87' lang='lat' dir='ltr'>dissentiente</span> 
     </span>
     <span class='ocr_line' id='line_1_30' title="bbox 177 2650 1881 2709; baseline 0.003 -16"><span class='ocrx_word' id='word_1_270' title='bbox 177 2657 318 2695; x_wconf 86' lang='lat' dir='ltr'>tamen</span> <span class='ocrx_word' id='word_1_271' title='bbox 351 2651 558 2695; x_wconf 72' lang='lat' dir='ltr'>Hssrmo.</span> <span class='ocrx_word' id='word_1_272' title='bbox 619 2650 730 2694; x_wconf 88' lang='lat' dir='ltr'>Mihi</span> <span class='ocrx_word' id='word_1_273' title='bbox 762 2664 845 2695; x_wconf 87' lang='lat' dir='ltr'>nee</span> <span class='ocrx_word' id='word_1_274' title='bbox 876 2652 1134 2696; x_wconf 80' lang='lat' dir='ltr'>adiectivum</span> <span class='ocrx_word' id='word_1_275' title='bbox 1170 2652 1299 2694; x_wconf 84' lang='lat' dir='ltr'>celeri</span> <span class='ocrx_word' id='word_1_276' title='bbox 1331 2654 1441 2696; x_wconf 91' lang='lat' dir='ltr'>bene</span> <span class='ocrx_word' id='word_1_277' title='bbox 1473 2653 1688 2709; x_wconf 84' lang='lat' dir='ltr'>triumpho</span> <span class='ocrx_word' id='word_1_278' title='bbox 1720 2667 1881 2698; x_wconf 90' lang='lat' dir='ltr'>conve-</span> 
     </span>
     <span class='ocr_line' id='line_1_31' title="bbox 176 2733 1878 2790; baseline 0.001 -13"><span class='ocrx_word' id='word_1_279' title='bbox 176 2735 268 2778; x_wconf 84' lang='lat' dir='ltr'>nire</span> <span class='ocrx_word' id='word_1_280' title='bbox 311 2734 509 2789; x_wconf 83' lang='lat' dir='ltr'>videtur,</span> <span class='ocrx_word' id='word_1_281' title='bbox 557 2734 744 2779; x_wconf 84' lang='lat' dir='ltr'>otiosum</span> <span class='ocrx_word' id='word_1_282' title='bbox 791 2735 903 2778; x_wconf 90' lang='lat' dir='ltr'>enim</span> <span class='ocrx_word' id='word_1_283' title='bbox 948 2733 1169 2790; x_wconf 85' lang='lat' dir='ltr'>epitheton</span> <span class='ocrx_word' id='word_1_284' title='bbox 1213 2736 1255 2777; x_wconf 90' lang='lat' dir='ltr'>in</span> <span class='ocrx_word' id='word_1_285' title='bbox 1301 2734 1363 2778; x_wconf 88' lang='lat' dir='ltr'>his</span> <span class='ocrx_word' id='word_1_286' title='bbox 1394 2735 1651 2778; x_wconf 89' lang='lat' dir='ltr'>carminibus</span> <span class='ocrx_word' id='word_1_287' title='bbox 1682 2747 1767 2778; x_wconf 90' lang='lat' dir='ltr'>non</span> <span class='ocrx_word' id='word_1_288' title='bbox 1799 2738 1878 2779; x_wconf 91' lang='lat' dir='ltr'>ad-</span> 
     </span>
     <span class='ocr_line' id='line_1_32' title="bbox 175 2818 1879 2874; baseline 0.001 -12"><span class='ocrx_word' id='word_1_289' title='bbox 175 2819 326 2872; x_wconf 83' lang='lat' dir='ltr'>mitto,</span> <span class='ocrx_word' id='word_1_290' title='bbox 371 2832 454 2862; x_wconf 86' lang='lat' dir='ltr'>nec</span> <span class='ocrx_word' id='word_1_291' title='bbox 496 2832 623 2874; x_wconf 88' lang='lat' dir='ltr'>quem</span> <span class='ocrx_word' id='word_1_292' title='bbox 665 2820 803 2863; x_wconf 75' lang='lat' dir='ltr'>virum</span> <span class='ocrx_word' id='word_1_293' title='bbox 845 2820 1104 2864; x_wconf 87' lang='lat' dir='ltr'>antecedens</span> <span class='ocrx_word' id='word_1_294' title='bbox 1148 2819 1360 2863; x_wconf 82' lang='lat' dir='ltr'>distichon</span> <span class='ocrx_word' id='word_1_295' title='bbox 1405 2820 1447 2862; x_wconf 92' lang='lat' dir='ltr'>in</span> <span class='ocrx_word' id='word_1_296' title='bbox 1490 2819 1640 2862; x_wconf 90' lang='lat' dir='ltr'>Cilicia</span> <span class='ocrx_word' id='word_1_297' title='bbox 1685 2818 1879 2863; x_wconf 86' lang='lat' dir='ltr'>exhibuit</span> 
     </span>
     <span class='ocr_line' id='line_1_33' title="bbox 178 2901 1876 2958; baseline 0.003 -16"><span class='ocrx_word' id='word_1_298' title='bbox 178 2901 421 2954; x_wconf 82' lang='lat' dir='ltr'>bellantem,</span> <span class='ocrx_word' id='word_1_299' title='bbox 453 2906 632 2957; x_wconf 89' lang='lat' dir='ltr'>repente</span> <span class='ocrx_word' id='word_1_300' title='bbox 661 2901 848 2945; x_wconf 83' lang='lat' dir='ltr'>Romam</span> <span class='ocrx_word' id='word_1_301' title='bbox 878 2902 1146 2957; x_wconf 86' lang='lat' dir='ltr'>transferam,</span> <span class='ocrx_word' id='word_1_302' title='bbox 1180 2908 1308 2958; x_wconf 86' lang='lat' dir='ltr'>poeta</span> <span class='ocrx_word' id='word_1_303' title='bbox 1339 2902 1393 2945; x_wconf 90' lang='lat' dir='ltr'>de</span> <span class='ocrx_word' id='word_1_304' title='bbox 1425 2903 1663 2946; x_wconf 84' lang='lat' dir='ltr'>mutatione</span> <span class='ocrx_word' id='word_1_305' title='bbox 1691 2904 1775 2947; x_wconf 90' lang='lat' dir='ltr'>loci</span> <span class='ocrx_word' id='word_1_306' title='bbox 1809 2909 1876 2947; x_wconf 89' lang='lat' dir='ltr'>ta—</span> 
     </span>
     <span class='ocr_line' id='line_1_34' title="bbox 177 2982 1876 3041; baseline 0.004 -16"><span class='ocrx_word' id='word_1_307' title='bbox 177 2988 314 3025; x_wconf 85' lang='lat' dir='ltr'>cente.</span> <span class='ocrx_word' id='word_1_308' title='bbox 387 2982 525 3025; x_wconf 90' lang='lat' dir='ltr'>lmmo</span> <span class='ocrx_word' id='word_1_309' title='bbox 555 2995 654 3027; x_wconf 85' lang='lat' dir='ltr'>eum</span> <span class='ocrx_word' id='word_1_310' title='bbox 693 2983 838 3027; x_wconf 88' lang='lat' dir='ltr'>dicere</span> <span class='ocrx_word' id='word_1_311' title='bbox 877 2985 1030 3028; x_wconf 83' lang='lat' dir='ltr'>vellet:</span> <span class='ocrx_word' id='word_1_312' title='bbox 1079 2985 1152 3028; x_wconf 87' lang='lat' dir='ltr'>ille</span> <span class='ocrx_word' id='word_1_313' title='bbox 1194 2987 1295 3028; x_wconf 91' lang='lat' dir='ltr'>licet</span> <span class='ocrx_word' id='word_1_314' title='bbox 1326 2987 1507 3041; x_wconf 78' lang='lat' dir='ltr'>gloriam</span> <span class='ocrx_word' id='word_1_315' title='bbox 1540 2988 1765 3031; x_wconf 82' lang='lat' dir='ltr'>militarem</span> <span class='ocrx_word' id='word_1_316' title='bbox 1799 2987 1876 3031; x_wconf 78' lang='lat' dir='ltr'>lia-</span> 
     </span>
     <span class='ocr_line' id='line_1_35' title="bbox 176 3065 1874 3127; baseline 0.005 -20"><span class='ocrx_word' id='word_1_317' title='bbox 176 3065 276 3108; x_wconf 85' lang='lat' dir='ltr'>beat</span> <span class='ocrx_word' id='word_1_318' title='bbox 306 3067 534 3110; x_wconf 83' lang='lat' dir='ltr'>maximam</span> <span class='ocrx_word' id='word_1_319' title='bbox 566 3071 610 3110; x_wconf 94' lang='lat' dir='ltr'>et</span> <span class='ocrx_word' id='word_1_320' title='bbox 651 3077 786 3125; x_wconf 80' lang='lat' dir='ltr'>opes,</span> <span class='ocrx_word' id='word_1_321' title='bbox 830 3069 890 3112; x_wconf 87' lang='lat' dir='ltr'>ita</span> <span class='ocrx_word' id='word_1_322' title='bbox 923 3069 1004 3114; x_wconf 88' lang='lat' dir='ltr'>hoe</span> <span class='ocrx_word' id='word_1_323' title='bbox 1035 3072 1275 3127; x_wconf 79' lang='lat' dir='ltr'>expressit:</span> <span class='ocrx_word' id='word_1_324' title='bbox 1320 3071 1399 3114; x_wconf 86' lang='lat' dir='ltr'>llle</span> <span class='ocrx_word' id='word_1_325' title='bbox 1435 3072 1535 3114; x_wconf 85' lang='lat' dir='ltr'>licet</span> <span class='ocrx_word' id='word_1_326' title='bbox 1565 3073 1702 3114; x_wconf 85' lang='lat' dir='ltr'>victor</span> <span class='ocrx_word' id='word_1_327' title='bbox 1732 3077 1874 3115; x_wconf 83' lang='lat' dir='ltr'>castra</span> 
     </span>
     <span class='ocr_line' id='line_1_36' title="bbox 176 3150 1872 3215; baseline 0.003 -24"><span class='ocrx_word' id='word_1_328' title='bbox 176 3155 306 3204; x_wconf 86' lang='lat' dir='ltr'>ponat</span> <span class='ocrx_word' id='word_1_329' title='bbox 349 3151 390 3192; x_wconf 90' lang='lat' dir='ltr'>in</span> <span class='ocrx_word' id='word_1_330' title='bbox 434 3156 563 3215; x_wconf 85' lang='lat' dir='ltr'>capto</span> <span class='ocrx_word' id='word_1_331' title='bbox 597 3150 778 3195; x_wconf 85' lang='lat' dir='ltr'>Cilicum</span> <span class='ocrx_word' id='word_1_332' title='bbox 811 3152 905 3194; x_wconf 91' lang='lat' dir='ltr'>solo</span> <span class='ocrx_word' id='word_1_333' title='bbox 946 3157 990 3195; x_wconf 90' lang='lat' dir='ltr'>et</span> <span class='ocrx_word' id='word_1_334' title='bbox 1021 3154 1217 3196; x_wconf 88' lang='lat' dir='ltr'>orientali</span> <span class='ocrx_word' id='word_1_335' title='bbox 1251 3154 1356 3196; x_wconf 86' lang='lat' dir='ltr'>luxu</span> <span class='ocrx_word' id='word_1_336' title='bbox 1387 3154 1445 3195; x_wconf 90' lang='lat' dir='ltr'>ibi</span> <span class='ocrx_word' id='word_1_337' title='bbox 1478 3154 1634 3208; x_wconf 83' lang='lat' dir='ltr'>degat,</span> <span class='ocrx_word' id='word_1_338' title='bbox 1684 3155 1799 3210; x_wconf 88' lang='lat' dir='ltr'>picto</span> <span class='ocrx_word' id='word_1_339' title='bbox 1832 3157 1872 3197; x_wconf 89' lang='lat' dir='ltr'>in</span> 
     </span>
     <span class='ocr_line' id='line_1_37' title="bbox 176 3233 1873 3301; baseline 0.002 -27"><span class='ocrx_word' id='word_1_340' title='bbox 176 3246 282 3287; x_wconf 79' lang='lat' dir='ltr'>sago</span> <span class='ocrx_word' id='word_1_341' title='bbox 324 3233 395 3287; x_wconf 84' lang='lat' dir='ltr'>(in</span> <span class='ocrx_word' id='word_1_342' title='bbox 428 3233 575 3275; x_wconf 75' lang='lat' dir='ltr'>Gold-</span> <span class='ocrx_word' id='word_1_343' title='bbox 621 3234 717 3275; x_wconf 82' lang='lat' dir='ltr'>und</span> <span class='ocrx_word' id='word_1_344' title='bbox 749 3234 1057 3301; x_wconf 44' lang='lat' dir='ltr'>§Lilberstvffi‘n</span> <span class='ocrx_word' id='word_1_345' title='bbox 1098 3237 1171 3279; x_wconf 80' lang='lat' dir='ltr'>des</span> <span class='ocrx_word' id='word_1_346' title='bbox 1204 3236 1572 3295; x_wconf 76' lang='lat' dir='ltr'>Morgenlandes)</span> <span class='ocrx_word' id='word_1_347' title='bbox 1605 3238 1873 3293; x_wconf 83' lang='lat' dir='ltr'>conspicien-</span> 
     </span>
     <span class='ocr_line' id='line_1_38' title="bbox 177 3314 1872 3374; baseline 0.003 -19"><span class='ocrx_word' id='word_1_348' title='bbox 177 3314 256 3355; x_wconf 84' lang='lat' dir='ltr'>dus</span> <span class='ocrx_word' id='word_1_349' title='bbox 282 3315 324 3357; x_wconf 87' lang='lat' dir='ltr'>in</span> <span class='ocrx_word' id='word_1_350' title='bbox 355 3328 467 3370; x_wconf 88' lang='lat' dir='ltr'>equo</span> <span class='ocrx_word' id='word_1_351' title='bbox 496 3316 610 3372; x_wconf 84' lang='lat' dir='ltr'>apud</span> <span class='ocrx_word' id='word_1_352' title='bbox 637 3316 786 3373; x_wconf 79' lang='lat' dir='ltr'>copias</span> <span class='ocrx_word' id='word_1_353' title='bbox 807 3330 918 3361; x_wconf 80' lang='lat' dir='ltr'>suas.</span> <span class='ocrx_word' id='word_1_354' title='bbox 983 3319 1123 3374; x_wconf 77' lang='lat' dir='ltr'>Atque</span> <span class='ocrx_word' id='word_1_355' title='bbox 1154 3319 1260 3362; x_wconf 89' lang='lat' dir='ltr'>haec</span> <span class='ocrx_word' id='word_1_356' title='bbox 1290 3319 1462 3374; x_wconf 86' lang='lat' dir='ltr'>quidem</span> <span class='ocrx_word' id='word_1_357' title='bbox 1492 3319 1709 3364; x_wconf 81' lang='lat' dir='ltr'>hactenus,</span> <span class='ocrx_word' id='word_1_358' title='bbox 1772 3320 1872 3362; x_wconf 80' lang='lat' dir='ltr'>Fuit</span> 
     </span>
     <span class='ocr_line' id='line_1_39' title="bbox 178 3398 1869 3460; baseline 0.001 -20"><span class='ocrx_word' id='word_1_359' title='bbox 178 3403 319 3442; x_wconf 81' lang='lat' dir='ltr'>antem</span> <span class='ocrx_word' id='word_1_360' title='bbox 368 3398 434 3443; x_wconf 81' lang='lat' dir='ltr'>hic</span> <span class='ocrx_word' id='word_1_361' title='bbox 479 3399 605 3446; x_wconf 83' lang='lat' dir='ltr'>homo</span> <span class='ocrx_word' id='word_1_362' title='bbox 645 3402 828 3448; x_wconf 72' lang='lat' dir='ltr'>sortasse</span> <span class='ocrx_word' id='word_1_363' title='bbox 863 3415 1056 3460; x_wconf 12' lang='lat' dir='ltr'>‘nuperus</span> <span class='ocrx_word' id='word_1_364' title='bbox 1099 3409 1265 3449; x_wconf 87' lang='lat' dir='ltr'>amator</span> <span class='ocrx_word' id='word_1_365' title='bbox 1310 3403 1428 3448; x_wconf 81' lang='lat' dir='ltr'>dives</span> <span class='ocrx_word' id='word_1_366' title='bbox 1473 3403 1639 3457; x_wconf 85' lang='lat' dir='ltr'>elegiae</span> <span class='ocrx_word' id='word_1_367' title='bbox 1665 3403 1869 3457; x_wconf 41' lang='lat' dir='ltr'>„quintam</span> 
     </span>
    </p>
   </div>
  </div>
 </body>
</html>
