2086 3756
243 253 382 286 cxxx
909 232 1004 281 DE
1048 226 1249 282 POESI

237 372 514 423 sitionibus
565 368 872 439 explicanda
923 370 1051 430 sint,
1112 366 1274 419 veluti
1312 367 1531 418 Vossius
1578 367 1634 416 in
1680 365 1780 419 hoc
1825 367 1940 418 loco

240 468 372 516 male
428 466 618 516 eximia
671 467 1046 529 iuterpretatur
1095 463 1334 526 grandia,
1400 461 1491 528 qui
1540 470 1713 510 tamen
1763 462 1942 527 paullo

237 570 355 626 post
399 579 446 611 v.
482 562 714 609 desertum
754 568 804 607 ct
845 561 892 607 in
927 561 1061 618 trivio
1097 558 1229 606 bene
1266 565 1603 623 perspexerat
1643 554 1742 605 sibi
1777 569 1944 620 oppo-

238 651 333 702 sita
373 670 499 723 esse.
592 650 691 701 Sed
742 661 800 700 tu
845 668 987 700 nunc
1034 650 1167 700 illud
1211 651 1370 700 sentis
1409 650 1635 716 epitheta
1671 658 1859 698 tenerae
1895 656 1947 696 et

235 749 447 811 grandia
494 746 589 795 etsi
642 763 709 795 ex
757 755 947 796 natura
993 746 1212 805 istarum
1259 763 1438 796 rerum
1487 745 1677 811 petita,
1731 745 1944 793 minime

232 854 407 894 tamen
440 843 607 893 otiosa
638 853 690 893 et
716 842 982 910 superflua
1011 860 1145 906 esse,
1182 841 1272 892 sed
1304 840 1566 892 acuendae
1602 840 1945 907 oppositionis
2012 895 2016 898 ,

236 957 390 990 causa
435 936 610 988 addita
659 939 982 1004 praeclaram
1028 938 1136 989 vim
1181 938 1394 990 habere.
1487 935 1659 986 Etiam
1704 935 1763 984 in
1811 935 1943 986 hoc:

374 1031 473 1083 Hic
511 1033 636 1100 quia
673 1033 823 1086 fortis
861 1030 1006 1082 adest
1049 1029 1290 1094 audacia,
1342 1029 1506 1097 cepit,
1558 1040 1612 1080 at
1643 1030 1723 1085 illi

442 1126 724 1191 Virgineus
760 1137 966 1184 teneras
1003 1135 1104 1176 stat
1140 1124 1316 1192 pudor
1351 1135 1469 1175 ante
1504 1138 1688 1190 genas,

235 1220 352 1288 quis
391 1220 615 1270 otiosum
658 1219 796 1270 dicat
823 1219 996 1285 fortis,
1045 1228 1094 1268 et
1129 1236 1237 1268 non
1275 1219 1462 1268 sentiat
1497 1220 1734 1268 consulto
1773 1215 1946 1284 dupli-

235 1324 398 1363 catam
449 1313 557 1364 vim
612 1313 837 1363 nominis
893 1322 1113 1379 propter
1167 1308 1594 1378 oppositionem?
1694 1309 1947 1362 Tenenda

231 1409 361 1457 haec
401 1385 699 1459 obseruatio
738 1407 994 1475 imprimis
1033 1407 1187 1457 etiam
1222 1405 1326 1470 ibi,
1373 1407 1467 1457 ubi
1507 1403 1719 1456 nonnisi
1754 1407 1946 1456 alteru-

234 1511 373 1552 trum
426 1502 811 1556 substantivum
862 1500 1116 1554 adiectivo
1165 1511 1409 1552 ornatum
1461 1511 1563 1564 est,
1627 1511 1687 1552 ut
1739 1501 1796 1552 in
1844 1502 1946 1552 hoc

232 1599 283 1661 1,
322 1599 381 1661 4,
423 1603 524 1649 11:

373 1693 473 1744 Hic
508 1693 694 1759 placet,
732 1690 958 1758 angustis
995 1690 1138 1761 quod
1169 1709 1364 1760 equum
1396 1691 1675 1759 compescit
1700 1692 1944 1744 habenis:

444 1787 543 1836 Hic
584 1785 843 1852 placidam
879 1787 1035 1838 niveo
1077 1796 1290 1852 pectore
1326 1787 1476 1852 pellit
1513 1804 1722 1854 aquam.

232 1878 368 1930 Sunt
409 1878 515 1931 duo
563 1880 685 1931 satis
732 1891 859 1931 nota
905 1881 1152 1930 exercitia
1197 1898 1514 1946 puerorum,
1568 1891 1618 1930 et
1658 1879 1947 1947 opponitur

233 1991 370 2042 equo
405 1970 636 2042 (rapido)
668 1974 890 2024 habenis
922 1973 1299 2040 compescendo
1329 1973 1531 2041 placida
1559 1990 1711 2041 aqua.
1770 1971 1945 2035 Quare

230 2069 431 2119 fallitur
480 2068 783 2118 Huschkius
830 2068 1290 2134 transpositionem
1339 2073 1464 2118 niveo
1506 2070 1751 2136 placidam
1803 2085 1945 2119 com-

231 2161 513 2225 mendam,
566 2171 617 2211 et
651 2161 874 2211 Vossius
907 2161 1110 2227 facilem
1160 2162 1439 2227 corrigens.
1520 2161 1644 2212 Non
1689 2162 1946 2227 fecissent,

232 2254 277 2304 si
335 2253 399 2304 ad
449 2272 603 2305 usum
659 2255 1003 2321 oppositionis
1059 2256 1348 2307 accuratius
1401 2254 1739 2307 attendissent
1803 2254 1946 2323 apud

230 2359 457 2415 poetam.
538 2347 815 2398 Neminem
852 2348 1062 2399 latuerit
1098 2350 1358 2416 oppositio
1388 2350 1450 2400 in
1486 2353 1588 2402 hoc
1624 2351 1674 2413 I,
1706 2355 1762 2411 8,
1784 2352 1883 2403 49:

374 2469 836 2482 —————
869 2460 1039 2509 puero
1081 2461 1217 2511 quae
1253 2443 1419 2509 gloria
1453 2444 1593 2495 victo
1631 2441 1745 2495 est?

441 2538 504 2586 In
541 2545 744 2587 veteres
784 2547 892 2586 esto
935 2535 1094 2599 dura,
1142 2539 1348 2603 puella,
1387 2554 1566 2600 senes,

231 2631 350 2680 licet
399 2647 507 2681 vox
552 2648 699 2697 puero
747 2648 855 2681 non
895 2641 1080 2680 ornata
1123 2632 1189 2681 sit
1232 2631 1488 2698 epitheto,
1549 2641 1598 2681 et
1646 2648 1764 2682 cum
1802 2632 1855 2695 I,
1891 2637 1943 2695 2,

235 2731 322 2777 72.
359 2730 445 2775 73.
483 2725 640 2774 celeri
682 2742 818 2792 equo
868 2735 1213 2791 opponuntur
1258 2726 1439 2777 boves.
1521 2724 1626 2776 Sed
1671 2745 1834 2793 pergo
1879 2725 1945 2777 ad

234 2817 393 2868 aliud.
479 2818 616 2868 Nam
665 2828 875 2885 praeter
922 2818 1248 2870 substantiva
1296 2818 1413 2869 fieri
1457 2829 1631 2886 potest
1683 2831 1739 2869 ut
1789 2821 1944 2870 etiam

231 2919 398 2970 verba
446 2915 686 2982 opposita
732 2915 862 2978 sint,
915 2925 966 2964 et
1011 2914 1092 2963 his
1130 2932 1236 2964 una
1281 2914 1478 2965 nitatur
1521 2913 1601 2967 vis
1642 2916 1944 2966 sententiae.

232 3009 318 3062 Sic
355 3012 406 3075 Ι,
440 3015 503 3071 2,
549 3012 645 3058 17:

371 3105 467 3155 Illa
506 3103 672 3164 favet,
718 3118 812 3152 seu
847 3101 965 3169 quis
1004 3100 1208 3152 iuvenis
1245 3085 1385 3152 nova
1421 3100 1602 3150 limina
1637 3109 1832 3165 tentat,

441 3196 547 3247 Seu
581 3205 780 3246 reserat
814 3194 921 3245 fixo
961 3193 1114 3245 dente
1154 3196 1331 3261 puella
1367 3196 1537 3259 foreS,

233 3308 317 3346 vv.
349 3291 508 3341 limina
542 3299 691 3342 tentat
722 3298 774 3340 et
807 3299 988 3340 reserat
1011 3287 1149 3355 sores
1183 3288 1421 3356 opposita
1458 3297 1579 3339 sunt
1610 3296 1670 3337 ut
1695 3289 1863 3337 iuvenis
1893 3296 1942 3363 et
