2086 3756
197 232 395 267 cxxxrv
871 216 968 267 DE
1007 215 1210 270 POESI

335 353 461 406 Vidi
495 372 591 423 ego
629 357 722 425 qui
756 361 964 407 iuvenum
999 358 1218 411 miseros
1252 359 1460 409 lusisset
1495 374 1726 426 amm-ee,

402 452 519 502 Post
551 450 774 502 Veneris
810 450 994 503 vinclis
1031 451 1258 504 subdere
1298 454 1432 504 colla
1465 471 1635 513 senem.

333 592 453 644 Heu
491 595 722 646 canimus
757 596 980 662 frustra,
1029 615 1125 649 nec
1160 599 1307 649 verbis
1340 598 1478 650 victa
1511 597 1729 666 patescit

406 689 598 753 Ianua,
647 688 738 744 sed
773 693 915 759 plena
951 701 1028 743 est
1063 691 1404 760 percutienda
1439 709 1601 745 manu.

985 795 1104 805 -n-

333 837 438 892 Sed
473 860 540 893 ne
575 853 626 895 te
663 847 897 914 capiant,
941 853 1096 917 primo
1130 850 1175 900 si
1210 850 1346 900 sorte
1383 849 1592 914 negabit

404 935 629 1006 Taedia3
675 944 910 1008 paulatim
945 945 1043 995 sub
1079 944 1201 1010 iuga
1238 945 1369 995 colla
1406 943 1567 995 dabit.

335 1080 502 1151 Saepe
541 1102 635 1152 ego
671 1089 868 1140 tentavi
904 1107 1053 1140 curas
1094 1089 1352 1157 depellere
1390 1091 1547 1143 vino:

404 1178 474 1228 At
509 1178 663 1231 dolor
696 1184 753 1233 in
789 1183 1027 1234 lacrimas
1062 1195 1294 1236 verterat
1330 1202 1486 1235 omne
1520 1202 1741 1236 merum.

192 1289 335 1343 Haec
381 1294 541 1360 igitur
579 1307 736 1366 atque
780 1301 905 1350 talia
945 1312 1090 1368 patet
1131 1302 1354 1353 similem
1390 1304 1498 1354 vim
1533 1304 1729 1354 habere
1769 1300 1903 1354 divi-

193 1384 429 1438 sionibus
468 1399 518 1440 et
552 1394 814 1458 egregium
851 1390 961 1446 esse
1005 1397 1146 1447 illius
1193 1398 1411 1448 rationis
1449 1399 1906 1465 complementum.

196 1481 651 1546 Quemadmodum
682 1492 838 1542 etiam
870 1493 1094 1544 maiores
1131 1492 1472 1544 distichorum
1505 1502 1556 1545 et
1588 1492 1906 1558 ampliorum

192 1581 433 1633 locorum
476 1585 834 1652 oppositiones
881 1587 1087 1650 variae,
1145 1585 1208 1638 de
1256 1589 1450 1655 quibus
1492 1604 1654 1654 supra
1693 1585 1905 1650 dictum,

193 1675 303 1727 sive
341 1675 596 1730 divisione
630 1680 741 1733 sive
778 1681 881 1731 alio
917 1681 1078 1732 modo
1117 1681 1378 1746 oriantur,
1418 1680 1638 1730 eandem
1673 1677 1908 1730 indolem

193 1768 524 1823 Tibullianae
565 1773 875 1824 elocutionis
914 1785 966 1824 et
1013 1775 1142 1826 artis
1181 1775 1449 1840 referunt,
1501 1775 1648 1825 cuius
1691 1775 1906 1824 omnino

193 1864 443 1930 propriae
482 1864 778 1932 distinctae,
816 1868 1066 1920 discretae
1100 1867 1376 1923 nervosius
1406 1871 1790 1933 membrorum,
1828 1866 1908 1917 di-

195 1958 483 2010 stichorum
500 1996 515 2024 ,
582 1961 844 2016 maiorum
898 1964 1140 2022 locorum
1191 1965 1441 2015 rationes.
1547 1964 1724 2030 Atque
1778 1963 1908 2012 haec

193 2052 466 2104 hactenus.
556 2056 709 2107 Iuvat
746 2055 972 2125 denique
1021 2069 1141 2125 post
1181 2060 1356 2110 omnia
1394 2057 1531 2112 dicta
1574 2071 1718 2108 nunc
1755 2075 1910 2107 enar.-

194 2149 450 2199 rationem
503 2150 719 2204 brevem
776 2154 950 2217 elegiae
995 2160 1182 2222 primae
1234 2155 1343 2204 libri
1388 2156 1535 2222 primi
1577 2153 1910 2216 subiungere,

196 2251 255 2292 ut
288 2243 556 2294 luculento
596 2250 836 2313 exemplo
874 2258 1044 2298 totum
1081 2250 1400 2314 explicatum
1435 2242 1709 2315 hucusque
1747 2261 1910 2310 genus

196 2337 406 2390 dicendi
440 2340 799 2393 Tibullianum
849 2362 968 2394 cum
1015 2343 1362 2396 divisionibus
1402 2355 1452 2394 et
1489 2342 1911 2411 oppositionibus

195 2451 374 2485 rerum
422 2437 661 2502 plurimis
711 2439 780 2488 ob
827 2441 1006 2489 oculos
1054 2456 1269 2505 ponam.
1355 2439 1521 2503 Igitur
1555 2439 1614 2488 in
1643 2435 1911 2504 principio

199 2545 319 2578 cum
365 2545 550 2580 sensus
599 2532 694 2594 sit,
763 2533 929 2582 otium
980 2531 1322 2583 domesticum
1377 2549 1432 2581 se
1481 2532 1610 2582 belli
1659 2528 1911 2581 molestiis

196 2622 494 2687 praeferre,
545 2625 775 2690 primum
813 2642 940 2691 opes
977 2624 1285 2678 dividuntur
1319 2626 1376 2674 in
1417 2643 1592 2675 aurum
1635 2634 1687 2674 et
1729 2641 1913 2690 posses-

194 2719 342 2765 siones
390 2735 617 2780 agrorum
634 2757 649 2781 ‚
713 2736 939 2786 quarum
989 2737 1170 2770 rerum
1227 2721 1597 2769 coniunctione
1658 2726 1912 2780 constant,

198 2820 311 2861 tum
348 2822 693 2877 opponuntur
726 2814 784 2862 in
815 2813 1047 2863 secundo
1075 2813 1295 2864 disticho
1328 2815 1594 2864 molestiae
1625 2823 1912 2864 castrenses

199 2922 340 2957 nova
369 2905 638 2969 divisione,
677 2909 856 2974 quales
888 2926 986 2974 per
1011 2909 1133 2957 diem
1161 2918 1211 2958 et
1233 2926 1330 2974 per
1361 2918 1555 2971 noctem,
1591 2907 1911 2974 descriptae:

199 3010 465 3066 postremo
502 3001 601 3050 toti
636 3002 718 3051 his
747 3000 976 3052 distichis
1011 3004 1277 3053 absolutae
1307 3003 1594 3052 sententiae
1622 3001 1913 3068 opponitur

199 3105 481 3161 paupertas
534 3105 585 3145 et
633 3096 800 3146 otium
847 3098 1028 3163 paucis
1080 3107 1400 3149 contentum.
1484 3094 1641 3146 Nunc
1681 3093 1802 3147 vide
1854 3103 1914 3144 ut

200 3190 302 3239 hoc
338 3198 538 3239 tractet.
620 3190 832 3240 Transit
877 3189 941 3240 ad
979 3192 1188 3256 negotia
1223 3193 1446 3256 rustica,
1501 3201 1552 3242 et
1585 3201 1771 3242 teneras
1805 3194 1914 3240 vites

203 3294 251 3332 et
297 3284 509 3346 grandia
548 3302 694 3350 poma
745 3302 919 3335 serere
963 3287 1105 3350 vult,
1164 3306 1220 3336 ac
1259 3297 1431 3353 sperat·
1454 3284 1658 3351 frugum
1696 3301 1910 3336 acervos
