2158 3750
339 274 442 321 364
743 261 1212 321 COMMENTAR.
1249 263 1323 316 IN
1359 265 1406 316 T
1407 262 1647 317 IBULLI

338 430 443 461 vero
473 416 615 459 allena
646 424 757 456 esse.
821 410 975 466 Neque
1006 415 1150 454 tamen
1183 410 1281 454 eiici
1312 410 1545 466 quidquam
1577 410 1722 464 debet,
1751 411 1829 454 sed
1852 410 2033 467 Lygda-

337 513 431 542 mus
475 495 670 552 peccavit
713 499 761 536 ut
801 494 944 536 toties.
1024 493 1244 536 Hssrmus
1288 494 1360 548 qui
1402 497 1541 536 totum
1582 494 1729 536 locum
1768 489 1958 552 v5·2.set
1987 498 2029 537 3.

336 586 546 625 insertum
576 580 705 633 dicit,
746 582 877 632 atque
906 578 965 619 ita
996 578 1162 631 iungit:
1215 576 1261 620 V
1257 591 1305 618 os
1336 583 1458 617 tenet
1488 574 1698 618 Etruscis
1729 582 1888 617 manat
1919 589 2034 632 quae

328 661 543 722 fontibus
570 660 707 708 unda,
737 662 862 702 Dum
891 673 938 702 se
958 673 1185 715 purpureo
1209 672 1310 700 vere
1342 657 1534 699 remittit
1558 657 1709 704 hiems,
1739 671 1824 700 non
1844 656 2034 700 animad-

346 745 476 788 vertit
503 745 663 787 iterum
691 744 881 786 ieiunum
913 746 958 784 et
988 742 1114 798 plane
1144 741 1340 783 inutilem
1372 745 1686 795 pentametrum
1717 739 1880 793 haberi,
1909 753 2036 796 prae—

334 831 455 869 terea
489 839 591 869 vero
622 838 734 868 nunc
765 824 919 867 deesse
949 823 1019 877 id,
1049 824 1094 866 in
1125 836 1214 878 quo
1246 823 1464 877 oppositio
1497 823 1672 878 poetica
1703 823 1790 866 loci
1823 829 2034 869 versatur.

334 909 622 954 Redeundum
665 910 799 964 igitur
840 913 908 952 est
952 908 1007 950 ad
1052 907 1125 962 id,
1173 907 1289 963 quod
1333 911 1432 949 ante
1473 906 1578 949 dixi.
1624 929 1682 938 —
1737 917 2033 962 purpureo

334 1009 496 1050 vere,
539 999 718 1052 propter
746 995 903 1047 flores,
945 998 994 1036 ut
1024 994 1215 1036 Vmeu..
1245 991 1403 1046 Eclog.
1434 991 1514 1045 ΙΧ,
1544 993 1617 1036 40.
1663 991 1865 1034 Pmmn.
1904 987 2036 1043 Pyth.

334 1078 415 1133 IV,
443 1081 532 1122 642
573 1079 906 1128 φοινικανθέμου
932 1063 1037 1132 ἦρος
1068 1070 1208 1130 α’κμζῖ,
1236 1073 1385 1116 Isthm.
1417 1072 1498 1126 ῙΠ,
1528 1077 1613 1116 362
1645 1073 1861 1115 ποικίλων-
1877 1071 2036 1127 μηνῶν,

334 1161 411 1204 ubi
440 1161 541 1204 vide
572 1161 894 1204 annotationem
923 1161 1129 1200 nostram.
1152 1178 1213 1186 —-
1243 1167 1303 1198 se
1331 1155 1606 1207 remittit,
1637 1155 1695 1196 ex
1718 1153 1914 1208 frigore,
1946 1165 2035 1208 quo

334 1245 542 1290 adstricta
583 1246 739 1288 fuerat.
788 1244 928 1288 Ovm.
958 1242 1079 1288 Fast.
1111 1241 1188 1294 lV,
1223 1243 1333 1282 126:
1381 1253 1483 1282 vere
1525 1228 1675 1281 nitent
1717 1245 1894 1285 terrem,⁴
1928 1247 2039 1280 vere

335 1330 547 1374 remissas
578 1345 703 1388 ager.
761 1329 875 1374 Vide
905 1327 1360 1370 Mmscmmmcmmt
1390 1323 1446 1366 ad
1477 1317 1634 1373 Horat.
1663 1322 1775 1376 1‚›4,
1807 1325 1876 1365 10.
1908 1325 1954 1365 et
1982 1321 2039 1364 ad

333 1413 505 1456 inltium
551 1411 676 1455 odae.
751 1410 972 1454 Hssrmtrs
1019 1407 1169 1451 laudat
1217 1406 1383 1449 Hssms.
1430 1409 1477 1448 et
1517 1401 1772 1457 Bu'fflsnn.
1813 1403 1870 1448 ad
1910 1403 2038 1448 ovid.

335 1496 518 1539 Heroid.
548 1496 606 1549 ΙΙ,
647 1498 748 1540 123.
778 1517 838 1527 —
888 1494 943 1539 V.
975 1497 1020 1536 5.
1051 1496 1094 1535 6.
1128 1491 1346 1546 nigram
1378 1476 1594 1544 horam,
1622 1494 1674 1534 ut
1705 1489 1949 1534 Pnoi‘ssnw.
1978 1490 2038 1543 Π,

334 1583 408 1635 24,
439 1583 525 1624 34:
573 1581 699 1637 niger
730 1577 837 1622 dies,
898 1577 1026 1621 Nunc
1057 1577 1262 1633 opposuit
1292 1575 1584 1628 locutionem,
1631 1578 1680 1616 ut
1710 1577 1850 1627 amat,
1894 1571 2038 1615 verbis

330 1679 558 1722 purpureo
589 1677 703 1708 vere.
762 1664 903 1706 Porro
945 1661 1273 1712 denuntiat,
1317 1673 1402 1703 vox
1442 1660 1601 1704 minax.
1666 1657 2039 1704 Pnomnm'ae‘lim-

336 1745 468 1788 dante
498 1746 678 1789 Vunmo
704 1743 783 1797 IV,
811 1746 856 1797 3,
886 1746 970 1786 61:
1001 1741 1078 1784 ille
1110 1740 1203 1784 dies
1233 1740 1386 1784 hornis
1417 1741 1593 1782 caedem
1623 1738 2037 1800 denuntians-agnis,

333 1831 460 1874 Adde
492 1831 882 1873 Bnoucxmrsnnu.
942 1829 1004 1871 At
1033 1829 1235 1873 Pmmn.
1267 1825 1416 1869 Isthm.
1456 1826 1541 1871 VII
1573 1805 1747 1881 (ὙΙΙῘ),
1783 1828 1866 1869 552
1909 1825 2038 1875 δῶμα

335 1908 604 1971 Φερσεφόνας
634 1907 810 1963 μανύειν
840 1910 963 1953 dixit,
993 1933 1054 1941 —
1097 1921 1271 1965 parce
1301 1921 1538 1962 nocere,
1585 1907 1776 1962 abstine,
1819 1911 1869 1950 ut
1897 1907 2036 1953 Vnae.

333 1997 446 2040 Aen.
477 1996 557 2050 III,
587 1998 660 2039 42.
692 1996 828 2038 Ovln.
861 1994 970 2039 Met.
998 1993 1058 2048 X,
1088 1996 1191 2037 545.
1223 1993 1358 2036 Trist.
1384 1993 1465 2045 111,
1495 1995 1538 2045 3,
1569 1995 1644 2035 51.
1703 1991 1799 2035 Res
1826 1989 1945 2035 iota.
1975 2014 2033 2022 -

333 2081 390 2125 V.
422 2085 451 2123 7
482 2093 579 2136 sqq.
641 2077 1014 2126 Quemadmodum
1047 2077 1293 2120 universum
1335 2089 1473 2131 genus
1515 2074 1744 2117 humanum
1774 2073 2037 2129 temeritate,

333 2161 540 2215 audacia,
570 2161 794 2217 impietate
825 2159 1001 2203 morbos
1031 2160 1115 2202 sibi
1144 2161 1325 2202 attraidt
1358 2163 1402 2201 et
1434 2163 1620 2201 mortem
1651 2158 1935 2210 acceleravit,
1979 2157 2036 2200 cf.

332 2247 518 2290 HoRA'r.
549 2245 586 2299 Ι,
617 2249 676 2298 3.,
706 2244 770 2287 sic
801 2245 932 2286 etiam
962 2228 1124 2297 singuli
1156 2241 1352 2284 homines
1383 2242 1560 2284 morbos
1589 2241 1826 2294 graviores,
1854 2239 1898 2281 in
1928 2252 2035 2294 quos

331 2328 609 2380 incidissent,
652 2326 708 2368 ab
747 2325 813 2368 ira
844 2324 1024 2367 deorum
1055 2324 1267 2380 culpaque
1298 2326 1462 2365 temere
1505 2326 1733 2364 contracta
1766 2322 2034 2378 repetebant.

332 2410 551 2453 Solemnis
592 2421 698 2452 vero
741 2409 983 2459 scelerum,
1032 2419 1144 2462 quae
1185 2406 1280 2460 quis
1311 2418 1398 2447 non
1430 2405 1723 2459 commiserit,
1769 2405 2036 2448 enumeratIo

332 2492 449 2549 apud
480 2497 648 2549 poetas,
681 2492 815 2535 veluti
846 2491 1066 2534 Hermus
1098 2491 1246 2534 laudat
1278 2490 1541 2533 CLAUDIAN.
1572 2490 1710 2545 Rapt.
1739 2489 1946 2546 Proserp.
1978 2488 2036 2543 ΙΙ,

331 2577 421 2618 255
449 2588 546 2630 sqq.
592 2575 805 2618 Pau-non.
850 2587 888 2617 c.
922 2576 1049 2626 133„
1091 2573 1167 2615 sed
1203 2572 1457 2627 Lygdamus
1500 2573 1657 2614 iterum
1700 2571 1855 2615 nimius
1896 2571 2034 2614 estin

333 2671 388 2701 ea
417 2671 480 2713 re,
513 2658 735 2701 immemor
760 2657 936 2710 Tibulli,
969 2668 1096 2710 quem
1128 2668 1332 2710 compara
1360 2654 1399 2707 I,
1430 2657 1474 2707 3,
1504 2657 1577 2696 51.
1609 2655 1682 2696 52.
1743 2654 1898 2707 Neque
1929 2665 2033 2696 vero

333 2741 417 2785 hoc
451 2742 578 2784 aliam
611 2741 666 2783 ob
702 2754 878 2784 causam
913 2740 1019 2782 fecit
1048 2752 1178 2793 quam
1221 2739 1322 2793 quia
1363 2736 1667 2780 delectabatur
1701 2737 2034 2780 enumerationi-

332 2825 438 2880 bus,
470 2839 522 2869 ac
552 2826 641 2868 noli
670 2825 837 2869 Vossm
869 2823 1072 2877 credere,
1105 2825 1176 2878 qui
1206 2823 1437 2865 iactantiae
1469 2834 1600 2864 causa
1631 2821 1794 2864 factum
1825 2821 1942 2865 dicit.
1975 2846 2034 2854 —

333 2911 657 2955 laudandae
686 2923 854 2954 sacra
885 2909 1027 2952 deae
1058 2913 1158 2952 sunt
1189 2923 1300 2964 quae
1331 2908 1531 2951 Tibullus
1552 2906 1592 2962 I,
1616 2910 1658 2960 6,
1683 2908 1755 2949 22.
1786 2905 1920 2949 dixit:
1955 2919 2033 2948 sa-

333 3008 412 3035 cra
443 2995 598 3034 Bonae
630 2989 826 3037 maribus
858 3006 946 3032 non
978 2989 1189 3032 adeunda
1220 2993 1358 3037 Deae,
1389 3003 1501 3045 quae
1532 2991 1608 3044 qui
1642 2989 1846 3032 violasset
1875 3001 2031 3045 corpo—

333 3077 391 3116 ris
429 3075 645 3128 animique
674 3073 826 3129 poenis
858 3073 1062 3115 divinitus
1092 3072 1376 3115 afficiebatur.
1449 3071 1753 3114 Laudandam
1784 3071 1892 3115 dicit
1921 3080 2032 3127 quae

333 3157 501 3198 nonnisi
543 3156 667 3198 bonis
709 3155 878 3208 verbis,
922 3155 1038 3198 bono
1078 3156 1251 3198 nomine
1291 3153 1548 3210 appellanda
1591 3160 1736 3208 esset,
1778 3161 1879 3197 nam
1907 3155 2031 3198 Bona

331 3238 580 3292 dicebatur3
628 3238 706 3282 sed
755 3252 907 3294 parum
949 3240 1093 3295 placet
1132 3239 1274 3282 ieiuna
1314 3238 1670 3294 circumscriptio.
1703 3260 1761 3269 -—
1806 3239 2030 3280 tentavi

335 3322 532 3366 Audax
576 3336 640 3378 pr.
686 3335 814 3365 ausus
846 3336 967 3376 sum,
1013 3329 1057 3367 et
1101 3324 1307 3367 docere
1347 3336 1514 3367 sacra
1544 3326 1611 3365 est
1642 3321 1859 3376 evulgare.
1922 3318 2030 3362 Erat

334 3405 553 3462 evulgatio
582 3405 676 3449 iure
701 3406 813 3451 inter
839 3406 1022 3452 maxima
1054 3406 1255 3462 crimina;
1287 3406 1426 3453 aditus
1454 3417 1557 3451 vero
1589 3387 1876 3448 clandestinus
1908 3401 2026 3446 taciti
