2086 3756
846 205 1157 262 TIBULLI.
1621 225 1842 262 cxxxvii

284 352 423 402 Tum
460 349 667 404 veniam
704 351 908 418 subito,
958 370 1054 404 nec
1090 350 1371 421 quisquam
1396 351 1612 401 nuntiet
1647 361 1791 415 ante,

356 446 463 498 Sed
497 446 679 500 videar
714 449 860 497 caelo
899 446 1091 499 missus
1129 445 1308 499 adesse
1347 445 1462 498 tibi.

144 539 307 592 Vides
344 539 800 607 amplificationem
835 540 1293 606 simplicissimam3
1342 551 1446 591 tam
1481 555 1671 607 parum
1707 539 1847 590 enim

148 636 330 684 ambae
371 635 572 684 formae
619 633 908 684 sententiae
951 635 1205 701 cuiusque
1249 633 1501 687 differunt
1547 644 1606 684 ut
1649 634 1849 684 similli-

145 745 259 778 mae
296 728 418 778 sint.
486 727 565 777 Ac
600 727 829 791 graviter
853 727 1254 794 reprehendunt
1288 731 1464 779 locum
1499 730 1540 785 I,
1569 735 1618 793 3,
1645 733 1740 780 71:

287 821 438 872 Tunc
473 820 622 885 niger
657 821 718 871 in
752 831 908 887 porta
950 832 1254 890 serpentum
1297 822 1561 872 Cerberus
1600 840 1692 874 ore
1766 833 1769 835 ’

350 912 550 964 Stridet
597 924 648 964 et
683 925 888 966 aeratas
923 917 1149 974 excubat
1190 925 1310 966 ante
1350 917 1520 979 soree,

142 1004 234 1057 sed
283 1005 509 1070 iniuria,
577 1006 796 1061 docente
847 1008 1240 1061 Commentario
1294 1020 1496 1062 nostro,
1588 1007 1854 1059 Vitiosum

145 1099 301 1149 etiam
334 1100 420 1150 hic
458 1102 594 1153 nihil
630 1113 733 1166 est,
770 1121 893 1154 cum
927 1104 1142 1154 minime
1178 1102 1405 1156 debilior
1443 1105 1510 1156 sit
1543 1104 1858 1171 pentametri

145 1195 433 1259 sententia,
487 1205 538 1247 et
585 1198 868 1249 observare
901 1199 1297 1266 simplicitatem
1341 1209 1529 1266 poetae
1579 1198 1859 1260 debebant,

146 1307 260 1342 non
315 1308 558 1343 accusare
611 1293 1013 1359 negligentiam,
1085 1312 1222 1363 quae
1282 1298 1446 1346 nulla.
1554 1295 1859 1361 Usurpatur

148 1397 326 1439 autem
368 1388 526 1453 vulgo
567 1387 642 1438 ita
678 1390 743 1438 ab
791 1405 855 1439 eo
898 1406 1013 1452 reS,
1060 1399 1119 1439 ut
1157 1391 1414 1440 sententia
1452 1391 1511 1440 in
1551 1391 1859 1441 hexametro

149 1486 326 1554 posita
356 1484 611 1537 reddatur
644 1485 758 1536 aliis
793 1486 970 1538 verbis
1004 1486 1061 1536 in
1097 1497 1457 1552 pentametr03
1506 1497 1676 1537 totum
1716 1487 1863 1538 disti-

150 1581 290 1632 chon
337 1578 574 1630 additum
622 1577 779 1631 video
820 1579 896 1644 ΙΙ,
935 1583 993 1644 5,
1031 1583 1118 1630 59.
1162 1577 1220 1630 in
1265 1580 1700 1646 magnificentiori
1751 1599 1862 1633 car-

149 1674 308 1725 mine.
392 1673 582 1742 Neque
620 1673 860 1726 invenias
901 1674 1175 1725 Tibullum
1218 1675 1450 1742 propriis
1497 1674 1644 1743 quod
1687 1675 1863 1726 verbis

153 1767 346 1819 dictum
400 1766 590 1819 deinde
644 1768 963 1836 amplificare
1017 1770 1264 1837 tropiciS,
1337 1771 1503 1823 veluti
1554 1772 1865 1839 Propertius

153 1863 276 1915 facit
316 1863 372 1928 Ι,
409 1869 472 1928 5,
510 1868 589 1921 31⁴

296 1955 440 2020 Quid
474 1956 572 2008 tibi
607 1955 686 2010 vis
698 1993 717 2022 ,
766 1954 993 2008 insane?
1051 1974 1198 2009 meae
1241 1957 1436 2009 sentire
1470 1957 1725 2013 furores?

364 2051 588 2115 Infelix,
635 2067 893 2118 properas
938 2053 1102 2102 ultima
1137 2070 1270 2103 nosse
1309 2055 1468 2118 mala,

297 2145 361 2196 Et
394 2149 533 2196 miser
565 2149 743 2209 ignotos
777 2149 967 2210 vestigia
987 2145 1127 2212 ferre
1157 2165 1246 2215 per
1279 2151 1434 2212 igne-9,

370 2240 435 2289 Et
470 2240 623 2290 bibere
661 2257 689 2290 a
723 2248 827 2290 tota
860 2244 1024 2290 toxica
1063 2241 1324 2291 Thessalia.

160 2334 237 2386 Ac
289 2334 453 2384 semel
501 2341 711 2384 tantum
754 2333 1046 2399 mythicum
1100 2351 1263 2399 genus
1312 2332 1730 2400 amplificationis
1782 2331 1874 2383 ad-

164 2428 335 2479 hibuit
367 2427 424 2477 in
460 2425 895 2492 magnificentiori
933 2429 1162 2478 carmine
1198 2429 1277 2492 II,
1315 2431 1375 2491 5,
1414 2434 1474 2480 7:

304 2521 410 2575 Sed
446 2521 642 2573 nitidus
680 2524 1007 2590 pulcherque
1043 2524 1195 2575 veni:
1247 2541 1390 2573 nunc
1427 2520 1589 2572 indue
1631 2531 1829 2574 vestem

376 2615 700 2682 Sepositam,
743 2619 929 2682 ‘longas
969 2634 1112 2667 nunc
1155 2619 1291 2668 bene
1338 2627 1486 2683 pecte
1531 2633 1735 2680 coma5‚

307 2712 511 2780 Qualem
545 2720 592 2762 tc
625 2721 887 2762 memorant
920 2713 1130 2762 Saturno
1163 2729 1272 2775 rege
1294 2710 1473 2778 fugato

381 2808 560 2856 Victori
587 2806 756 2856 laudes
790 2810 1072 2856 concinuisse
1105 2807 1218 2856 Iovi.

171 2899 362 2964 Qualia
414 2900 725 2969 exquisitior
774 2918 859 2952 ara
913 2911 1069 2952 amat.
1175 2899 1396 2967 Saepius
1447 2915 1577 2951 vero
1630 2903 1885 2960 usurpata

171 2997 331 3049 Albio
367 2996 460 3047 illa
496 2996 670 3048 forma
707 2994 1155 3063 amplificationis,
1196 2995 1290 3047 ubi
1326 2994 1559 3060 generali
1600 2989 1884 3042 sententiae

173 3091 450 3144 subiicitur
502 3089 738 3142 eiusdem
789 3090 1068 3159 specialior
1120 3090 1442 3153 enuntiatiO,
1511 3098 1601 3139 aut
1652 3083 1886 3152 specialis

174 3185 432 3238 sententia
478 3185 769 3238 absolvitur
805 3186 1122 3252 generaliori
1166 3185 1308 3237 idem
1351 3184 1560 3251 gravius
1601 3189 1886 3248 repetente.

177 3282 259 3332 De
301 3299 406 3349 qua
448 3280 589 3330 infra
631 3277 800 3331 dicam
843 3279 898 3330 in
936 3281 1052 3333 loco
1099 3279 1164 3332 de
1209 3280 1511 3346 anaphora,
1572 3293 1712 3327 nunc
1756 3272 1887 3323 nihil
