2086 3756
258 247 371 280 xxx
956 227 1050 276 DE
1089 226 1259 277 VITA

256 374 638 429 incommodam
675 391 809 438 esse,
863 391 994 441 quae
1029 375 1177 445 bene*
1202 370 1372 438 posita
1404 370 1462 421 in
1495 369 1683 422 tradita
1715 373 1954 423 lectione.

256 475 500 526 Ceterum
526 473 678 525 etiam
712 474 1048 539 Ayrmannus
1086 469 1211 522 olim
1245 473 1379 520 cessit
1412 469 1729 536 reponebat,
1761 468 1954 520 intelli-

255 589 383 641 gens
418 590 540 622 ann.
581 572 698 620 urb.
734 587 776 619 c.
817 572 939 619 705.
980 555 1075 618 ubi
1111 565 1168 619 C.
1208 565 1457 618 Claudius
1490 566 1778 618 Marcellus
1805 574 1859 616 et
1891 564 1955 615 L.

257 665 531 717 Cornelius
582 663 839 714 Lentulus
894 659 1042 713 Coss.
1100 661 1555 729 appropinquante
1612 660 1833 713 Caesare
1889 676 1959 712 ex

254 763 385 812 urbe
424 770 475 811 et
510 760 658 810 Italia
694 776 814 810 cum
845 758 1097 825 Pompeio
1135 768 1427 824 cesserunt3
1479 755 1571 809 sed
1606 758 1747 808 hunc
1784 756 1959 823 Spoh-

254 856 370 906 nius
405 854 655 907 refutavit
691 863 740 904 et
772 853 1066 908 Passovius.
1157 851 1320 905 Vides
1357 870 1515 922 quam
1555 854 1858 919 ambiguum
1891 853 1960 904 sit

252 968 303 1003 v.
334 955 484 1002 cessit.
553 947 760 999 Deinde
794 946 1024 1013 Oebeke,
1062 959 1118 999 ut
1151 948 1390 1001 ostendat
1426 952 1492 1002 ab
1511 949 1724 1003 Tibullo
1749 947 1960 1017 Lygda-

256 1063 402 1097 mum
438 1063 773 1113 expressum,
817 1047 1009 1097 multos
1044 1048 1187 1097 locos
1236 1047 1439 1098 confert
1450 1082 1469 1111 ,-
1517 1062 1747 1116 quorum
1791 1063 1958 1101 unum

258 1142 557 1209 exemplum
595 1155 874 1208 apponam.
946 1142 1090 1194 Dicit
1123 1142 1423 1210 Lygdamus
1458 1144 1550 1208 ΙΙΙ,
1593 1147 1643 1208 1,
1678 1150 1708 1194 7
1726 1162 1740 1196 2
1810 1205 1817 1213 ¹

469 1235 711 1287 Carmine
753 1237 1040 1300 formosae,
1077 1237 1248 1304 pretio
1287 1237 1565 1304 capiuntur
1598 1254 1815 1290 avarae:

507 1371 518 1382 s
598 1327 851 1382 Gaudeat
882 1340 943 1380 ut
985 1328 1139 1396 digna
1174 1341 1251 1382 est
1283 1331 1523 1383 versibus
1556 1331 1648 1381 illa
1685 1331 1831 1383 meis.

254 1428 370 1478 Huc
404 1426 696 1495 respexisse
731 1427 1001 1478 TibuUum
1039 1429 1080 1491 I,
1113 1430 1164 1492 4,
1197 1432 1282 1480 61.
1319 1433 1406 1480 62.
1439 1428 1535 1480 ubi
1574 1427 1823 1494 legimus=

469 1520 702 1574 Pieridas
733 1505 890 1589 'pueri
925 1519 1106 1573 doctos
1144 1531 1194 1572 et
1235 1532 1401 1573 amate
1435 1531 1633 1589 poetas,

609 1619 784 1668 Aurea
822 1635 919 1669 nec
961 1629 1209 1686 superent
1242 1635 1465 1670 munera
1498 1602 1747 1670 Pieridas.

254 1712 502 1766 Eiusdem
543 1714 746 1780 generis
782 1724 906 1764 sunt
944 1714 1074 1765 aliae
1121 1714 1537 1781 comparationes
1572 1716 1793 1776 multae,
1843 1712 1963 1781 qui-

255 1815 355 1864 bus
388 1809 646 1878 Lygdami
693 1811 844 1879 quasi
889 1813 1088 1887 semina
1136 1822 1186 1862 et
1221 1811 1498 1862 simulacra
1535 1811 1593 1860 in
1642 1808 1834 1863 Ovidio
1870 1807 1962 1859 de·

256 1907 514 1975 prehendi
548 1910 775 1976 probare
815 1909 955 1973 vult,
998 1908 1164 1961 veluti
1204 1925 1323 1960 cum
1361 1905 1671 1976 Lygdamus*
1699 1905 1837 1957 dicat
1869 1906 1962 1971 111,

258 2011 307 2070 2,
345 2011 405 2058 5:

469 2099 594 2153 Non
629 2117 722 2165 ego
757 2101 938 2151 firmus
973 2102 1030 2150 in
1064 2102 1180 2164 hoc,
1215 2117 1324 2151 non
1354 2101 1483 2153 haec
1508 2100 1758 2168 patientia
1780 2110 1962 2152 nostro

612 2196 860 2260 Ingenio:
896 2197 1087 2263 frangit
1122 2198 1278 2250 fortia
1315 2196 1474 2249 corda
1509 2195 1676 2260 dolor,

252 2289 375 2340 hinc
409 2291 669 2340 lucratum
707 2288 956 2342 Ovidium
992 2293 1048 2341 in
1075 2291 1286 2342 Amorr.
1320 2293 1413 2355 111,
1452 2296 1534 2355 11,
1574 2296 1624 2342 1.
1661 2297 1726 2342 2:

468 2385 640 2436 Multa
677 2383 875 2454 diuque
909 2387 1038 2437 tuli:
1071 2388 1209 2439 vitiis
1245 2389 1497 2454 patientia
1534 2388 1671 2440 victa
1705 2397 1797 2440 est.
1867 2423 1869 2425 >

613 2477 754 2530 Cede
789 2481 999 2546 fatigato
1042 2493 1279 2548 pectore,
1314 2483 1482 2550 turpis
1515 2483 1699 2535 Amor.

253 2571 412 2624 Vides
447 2573 620 2624 virum
657 2572 867 2625 doctum
902 2575 1113 2626 inanem
1151 2593 1366 2642 operam
1405 2577 1815 2644 consumpsisse,
1870 2595 1960 2629 cu·
2050 2571 2054 2574 ’

254 2665 426 2732 pidius
479 2684 638 2734 quam
687 2669 878 2718 rectius
929 2680 1316 2737 comparantem
1362 2689 1496 2740 quae
1547 2674 1619 2723 sic
1669 2675 1962 2740 comparari

253 2776 363 2810 non
398 2771 635 2827 possunt.
706 2759 873 2814 Porro
912 2780 1032 2815 cum
1058 2763 1356 2833 Lygdamus
1390 2768 1664 2834 religiosus
1703 2767 1839 2819 dicat
1871 2770 1962 2834 111,
2044 2814 2046 2817 .
2082 2742 2086 2756 1

256 2859 304 2918 5,
347 2862 397 2907 7.
441 2862 501 2907 8:

466 2950 587 3002 Non
628 2968 721 3017 ego
759 2954 957 3006 tentavi
989 2956 1122 3005 nulli
1155 2956 1459 3008 temeranda
1494 2959 1733 3011 virorum

607 3045 800 3097 Audax
832 3047 1125 3100 laudandae
1162 3069 1310 3102 sacra
1346 3051 1531 3106 docere
1566 3054 1707 3119 deae,

252 3143 492 3195 Tibullus
530 3153 704 3194 autem
739 3145 780 3208 Ι,
821 3149 868 3208 6,
908 3149 975 3195 21
1016 3162 1162 3214 sqq.:

467 3238 647 3290 Exibit
683 3256 843 3306 quam
882 3257 1035 3308 saepe
1069 3244 1208 3307 time,
1248 3260 1344 3295 seu
1377 3245 1547 3296 visere
1586 3244 1723 3298 dicet

608 3335 764 3388 Sacra
800 3336 978 3389 Bonae
1015 3340 1247 3392 maribus
1283 3357 1392 3393 non
1431 3339 1670 3394 adeunda
1707 3341 1850 3396 deae.

2065 1192 2086 1671 ἕ
