2158 3750
706 245 887 296 LIBR.
928 247 968 296 I.
1042 246 1243 297 ELEG.
1283 247 1350 298 ΙΙ.
1810 247 1876 297 43

177 385 278 428 fasc.
311 386 367 429 ll.
413 402 455 442 p.
482 390 572 430 209
603 402 697 443 sqq.
761 390 823 433 Ut
852 391 897 433 in
927 391 1117 434 Graecia
1149 390 1264 447 apud
1295 388 1530 433 Thessalos
1560 387 1688 431 sedes
1720 388 1882 444 prima-

174 469 239 510 ria
266 471 436 523 magiae
466 451 572 524 fuit,
603 472 666 518 sic
695 472 738 513 in
770 471 896 514 Italia
929 472 1067 515 Marsi
1098 479 1142 516 et
1172 473 1322 516 Sabini
1356 472 1557 515 dicuntur
1587 483 1690 526 prae
1723 471 1882 512 ceteris

175 562 272 592 eam
302 553 564 604 exercuisse,
595 552 652 596 ef.
679 552 860 596 Eoum
891 551 1036 608 Epod.
1066 555 1121 606 V,
1149 558 1224 598 76.
1259 555 1401 608 XVII,
1431 558 1509 596 28.
1552 555 1750 598 Vnus-111..
1770 543 1876 611 Aen‘.

145 618 153 621 ’
173 634 274 686 VII,
294 637 395 677 759.
427 640 473 677 et
494 647 627 690 saepe
651 636 772 678 alias.
804 634 860 678 cf.
895 636 1161 680 namnum.
1185 637 1240 680 ad
1266 638 1419 682 Horat.
1441 637 1575 681 Satir.
1593 637 1628 690 I,
1648 639 1692 690 9,
1724 651 1764 692 p.
1785 638 1877 688 293

174 715 290 758 eirca
326 717 510 771 Augusti
551 722 697 759 tamen
738 720 934 772 tempora
964 716 1048 759 iam
1091 731 1146 760 ex
1185 719 1283 761 aliis
1313 720 1445 761 etiam
1479 719 1675 775 partibus
1705 717 1875 774 imperii

175 796 216 839 id
247 810 387 851 genus
416 797 632 840 hominum
661 799 848 841 Romam
892 799 1152 842 confluebat.
1228 801 1376 846 Quare
1409 801 1646 844 domestica
1675 805 1721 844 et
1751 813 1879 856 pere-

175 879 297 932 grina
327 879 370 922 in
412 877 478 921 his
518 880 659 923 rebus.
685 879 875 925 discerni
906 893 991 922 non
1023 885 1206 936 possunt
1236 885 1281 924 et
1313 882 1565 924 describunt
1594 882 1741 924 Latini
1771 895 1878 938 poe-

172 964 244 1002 tae
275 959 352 1002 has
381 966 500 1004 artes
527 966 576 1003 ut
606 961 781 1005 Graeci.
845 959 1029 1004 Exstant
1060 974 1190 1015 vero,
1225 967 1404 1005 notante
1435 964 1565 1005 etiam
1595 963 1879 1005 Bnoucxlm-

173 1056 244 1086 sio
278 1043 399 1086 multi
430 1043 485 1087 de
521 1043 575 1086 iis
602 1045 703 1098 loci,
733 1049 783 1087 ut
811 1045 1003 1090 Vmen..
1034 1046 1144 1088 Aen.
1177 1045 1256 1099 IV,
1287 1049 1390 1088 487.
1434 1044 1591 1099 Eclog.
1621 1045 1742 1097 Vlll,
1773 1045 1878 1098 ibiq-

171 1126 300 1170 Voss.
353 1126 533 1170 Homer.
566 1127 707 1184 Epod.
741 1129 794 1172 V.
832 1134 877 1172 et
905 1129 1049 1175 Xvn.
1084 1130 1188 1184 ibiq.
1218 1130 1465 1185 interprett.
1497 1128 1658 1170 Tibull.
1701 1127 1811 1170 infra
1842 1128 1877 1180 l,

171 1214 216 1263 8,
251 1215 320 1257 19.
355 1213 594 1256 Puorssnr.
634 1214 671 1267 1,
713 1217 755 1268 1,
787 1217 860 1258 19.
906 1214 983 1258 lV.
1016 1218 1060 1268 5,
1089 1219 1117 1258 9
1148 1230 1242 1270 sqq.
1306 1216 1444 1258 Ovm.
1486 1214 1598 1257 Met.
1642 1213 1740 1266 VII,
1779 1216 1879 1256 179.

172 1295 294 1349 XIV,
325 1299 382 1339 43
401 1311 496 1352 sqq.
527 1297 710 1342 Heroid.
739 1299 817 1353 Vl,
841 1303 900 1342 83
918 1313 1014 1355 sqq.
1047 1301 1165 1344 Fast.
1201 1301 1255 1353 V,
1285 1302 1390 1342 429.
1421 1298 1543 1341 Idem
1577 1298 1744 1340 Amorr.
1778 1296 1813 1349 1,
1833 1300 1877 1337 8.

174 1382 219 1418 et
248 1377 366 1420 Fast.
396 1378 455 1432 H,
485 1384 569 1424 571
605 1393 700 1435 sqq.
741 1394 892 1436 sagam
921 1382 1110 1424 vetulam
1153 1381 1375 1424 describit.
1437 1380 1550 1424 Vide
1581 1392 1712 1435 porro
1742 1378 1878 1420 Mia-

175 1471 299 1501 wur..
332 1460 411 1509 lx,
440 1464 514 1504 30.
571 1461 750 1505 Lucan.
783 1463 858 1512 Vl,
890 1465 994 1508 431.
1043 1464 1216 1506 SssNssc.
1256 1461 1377 1504 Med.
1410 1467 1512 1505 675.
1565 1461 1742 1504 Hercul.
1775 1460 1878 1502 Oet.

173 1544 276 1586 454.
335 1542 515 1586 Vaussn.
557 1543 722 1586 chc.
770 1543 846 1598 VI,
876 1547 980 1587 439.
1036 1545 1134 1587 Sn..
1175 1545 1242 1587 l'r.
1286 1545 1405 1598 Vm,
1451 1547 1552 1587 496.
1613 1543 1876 1586 Cunnum.

173 1628 218 1670 in
251 1628 398 1673 Rufin.
420 1630 465 1682 ’1,
497 1633 598 1673 146.
659 1630 744 1673 Adi
778 1630 909 1673 etiam
931 1630 1201 1672 Tneocnrr.
1232 1643 1364 1672 carm.
1394 1630 1454 1671 11.
1515 1628 1606 1672 Sed
1637 1626 1691 1669 ad
1722 1626 1879 1668 Tibul-

176 1709 262 1752 lum
293 1715 343 1753 ut
369 1710 570 1765 redeam,
618 1712 734 1766 quod
773 1713 960 1756 Vossms
992 1711 1097 1756 haec
1129 1718 1173 1755 et
1205 1714 1289 1755 alia
1321 1713 1524 1755 simulata
1554 1715 1700 1755 mente
1731 1710 1785 1752 ab
1824 1723 1879 1752 eo

175 1794 221 1836 in
253 1794 403 1839 Deliae
433 1797 615 1850 gratiam
654 1797 816 1853 scripta
847 1804 1019 1850 censet,
1062 1799 1104 1840 in
1140 1810 1194 1840 eo
1231 1796 1342 1839 haud
1375 1798 1506 1839 dubie
1543 1797 1730 1849 fallitur;
1779 1808 1879 1838 nam

177 1882 226 1919 ut
255 1884 376 1920 reete
406 1885 552 1921 monet
583 1879 1017 1932 Wunnnamcmus,
1066 1879 1306 1922 detraxeris
1347 1880 1410 1922 sic
1452 1885 1618 1922 temere
1651 1879 1877 1920 veritatem

176 1972 379 2002 sensuum
418 1966 463 2003 et
505 1959 604 2004 huic
634 1966 681 2003 et
717 1961 813 2004 aliis
843 1959 991 2007 multis
1021 1962 1154 2015 locis,
1205 1962 1278 2004 ubi
1320 1963 1466 2018 pium,
1515 1962 1880 2019 superstitiosum,

178 2044 425 2099 religiosum
464 2047 654 2089 animum
692 2051 824 2102 poeta
866 2046 1025 2102 prodit.
1099 2045 1199 2089 Non
1244 2059 1451 2101 negamus
1493 2048 1663 2102 quidem
1707 2049 1882 2104 placere

177 2128 261 2170 sibi
302 2128 344 2170 in
387 2127 451 2171 his
489 2129 619 2171 rebus
658 2128 894 2172 tractandis
938 2133 1116 2184 poetas,
1164 2143 1262 2172 eum
1306 2131 1434 2173 etiam
1468 2137 1666 2174 ornatum
1697 2132 1883 2175 afferant

181 2213 439 2256 carminibus
470 2219 517 2256 et
547 2218 723 2256 teneant
762 2214 928 2256 animos
967 2213 1197 2256 miratione
1239 2219 1537 2277 portentorum
1573 2215 1756 2268 iniecta3
1803 2215 1882 2258 sed

178 2295 318 2338 inanis
346 2297 484 2340 omnis
517 2302 719 2350 ornatus,
750 2298 823 2351 qui
853 2310 940 2340 non
974 2299 1160 2340 veritate
1194 2299 1320 2339 simul
1352 2299 1504 2341 nititur
1534 2312 1764 2352 sensuum,
1795 2313 1883 2354 quo

180 2379 351 2422 nomine
389 2379 552 2422 Tibulli
593 2379 765 2433 quidem
809 2379 954 2435 poesis
986 2392 1090 2435 prae
1120 2380 1277 2422 ceteris
1309 2385 1376 2422 est
1405 2382 1649 2436 conspicua.
1721 2382 1883 2425 Venia-

182 2473 277 2504 mus
305 2460 363 2503 ad
389 2461 648 2515 singula.-—-
679 2461 732 2504 V.
758 2463 830 2504 44.
891 2461 1062 2505 Verba:
1092 2462 1383 2518 Pollicita
1414 2467 1502 2506 est
1533 2464 1767 2518 magico,
1791 2467 1884 2508 mi-

181 2544 460 2596 nisterio,
496 2544 900 2588 Wuanznmcmus
931 2547 1124 2602 explicat
1155 2560 1218 2603 pr.
1254 2546 1494 2603 praedixit,
1527 2547 1786 2603 spopondit,
1816 2549 1882 2592 fa-

181 2626 236 2668 tis
267 2626 438 2682 magica
465 2631 560 2669 arte
590 2628 853 2683 exploratis,
892 2630 1027 2672 veluti
1055 2644 1126 2686 ap.
1159 2631 1322 2674 Tacrr.
1350 2631 1463 2674 Hist.
1494 2632 1529 2685 I,
1559 2635 1634 2674 22.
1662 2633 1743 2676 sit:
1776 2632 1881 2675 dum

181 2724 314 2752 novos
347 2718 495 2753 motus
523 2718 569 2752 et
598 2709 773 2754 clarum
799 2712 966 2757 Othoni
997 2727 1164 2755 annum
1191 2712 1496 2756 observatione
1527 2715 1721 2757 siderum
1751 2716 1885 2772 affir-

181 2801 320 2836 mant.
381 2793 483 2837 Non
505 2794 655 2851 probo.
715 2796 1006 2841 Ministerium
1037 2801 1255 2852 magicum
1281 2804 1348 2841 est
1376 2811 1509 2855 opera
1537 2799 1721 2853 magica,
1752 2812 1878 2854 quam

182 2891 352 2921 carmen
385 2878 548 2922 faciens
578 2881 808 2936 praestitit,
837 2887 958 2928 utv.
979 2885 1054 2926 55.
1086 2883 1227 2926 docet.
1291 2884 1440 2928 Quare
1470 2895 1650 2926 sensus:
1684 2883 1745 2926 Ut
1775 2896 1883 2938 saga

180 2962 377 3019 promisit
414 2961 518 3006 milii
557 2964 745 3007 carmine
786 2965 957 3020 magico
986 2966 1029 3008 in
1061 2978 1184 3009 usum
1218 2978 1362 3008 meum
1399 2967 1666 3021 composito,
1714 2978 1800 3020 quo
1831 2979 1884 3009 en

182 3057 253 3088 res
282 3044 510 3088 efficiatur.
570 3043 762 3105 Sed-&ie
797 3045 1060 3090 indefinitins
1092 3047 1275 3103 primum
1307 3048 1526 3102 loquitur,
1571 3047 1680 3090 infra
1711 3048 1885 3100 clarius,

183 3130 233 3169 ut
263 3127 393 3170 toties
422 3126 684 3183 scriptores3
713 3117 781 3172 uie
807 3127 921 3172 enim
956 3130 1228 3184 exspectatio
1260 3132 1489 3174 excitatur.
1509 3155 1568 3162 —
1599 3131 1652 3175 V.
1686 3133 1758 3174 45.
1791 3130 1883 3174 du-

184 3212 406 3252 centem
447 3209 662 3254 sidera.
732 3211 836 3255 Fuit
866 3213 906 3255 in
939 3213 1126 3257 Graecia
1158 3213 1506 3258 Thessalicarum
1539 3215 1726 3259 maxime
1758 3214 1885 3258 femi-

185 3304 332 3335 narum
360 3293 587 3337 artificium
610 3295 753 3338 sidera
783 3302 858 3339 aut
889 3298 1029 3342 lunam
1060 3297 1116 3342 de
1147 3300 1271 3342 coelo
1304 3298 1503 3342 ducendi.
1538 3298 1719 3340 Hom'r.
1744 3297 1884 3352 Epod.

185 3373 238 3425 V,
263 3375 346 3416 45:
389 3375 516 3432 Quae
547 3376 697 3419 sidera
722 3385 970 3421 excantata
999 3394 1102 3423 voce
1143 3379 1359 3422 Thessala
1392 3379 1633 3436 lunamque
1663 3377 1779 3420 coelo
1812 3376 1886 3416 cle*
