2158 3750
383 277 485 322 318
785 266 1257 319 COMMENTAR.
1285 267 1364 319 IN
1400 269 1690 321 TIBULLI

385 429 459 459 cra
489 418 616 457 vocat
647 412 779 465 deos,
825 412 1027 467 implorat
1069 411 1201 454 verbo
1243 411 1450 454 auxilium
1493 417 1583 454 aut·
1610 411 1834 456 denuntiat
1874 413 2084 456 ultionem

387 499 590 550 deorum,
636 495 715 538 sed
757 496 820 538 sic
863 495 908 537 in
954 507 1129 538 scenam
1172 495 1349 550 prodire
1387 499 1432 538 et
1474 502 1728 551 praesentes
1772 495 1901 538 rebus
1930 502 2086 552 poetae

386 583 594 623 interesse
625 593 710 621 non
742 578 892 621 videas
923 591 999 620 eos
1028 579 1131 631 illic,
1163 579 1278 632 quod
1309 583 1453 621 tamen
1486 578 1717 633 Lygdamo
1750 580 1926 635 placuit.
1987 579 2086 623 Nou

387 664 501 705 enim
530 663 680 705 dubito
712 675 810 704 cum
842 662 1063 715 Munss'ro,
1094 661 1328 715 Lrvmfflo,
1360 663 1639 714 Pummno,
1672 663 1852 716 Voss1o,
1893 662 2087 718 ΒΛοΗιο,

384 745 672 788 ΕιοιῐετΑυιο
704 745 747 786 ἰη
777 743 1057 798 sequentibus
1089 756 1346 799 responsum
1381 744 1604 786 Musarum
1635 742 1796 796 haberi,
1826 743 1942 798 quod
1974 756 2085 788 nuuc

387 829 591 884 postulat.
651 828 914 871 Praesentes
955 831 1054 869 sunt
1085 832 1128 870 et
1158 827 1316 870 librum
1357 832 1532 884 portant
1562 826 1618 870 ad
1650 826 1895 880 Neaeram3
1940 827 2088 882 quidni

387 910 522 964 igitur
568 909 698 952 etiam
742 909 1009 964 loquantur?
1071 909 1372 962 Huscnrcms,
1422 922 1550 964 quem
1590 910 1712 964 sequi
1752 910 1866 952 solet
1906 910 2092 952 Gomn-

388 1003 535 1044 nrus,
574 990 880 1034 Homericum:
923 984 1106 1032 Ἕσπετε
1146 990 1223 1031 νῦν
1263 1007 1338 1040 μοι
1365 991 1548 1033 Μοῦσαι
1589 991 1798 1048 opponit,
1838 992 1913 1034 ubi
1945 995 2090 1034 tamen

393 1074 613 1118 Homerus
643 1076 739 1131 ipse
771 1074 1019 1129 respondet.
1083 1074 1279 1117 Frustra.
1341 1074 1519 1118 Oblitus
1549 1079 1616 1118 est
1646 1075 1915 1118 Huscnxms
1946 1073 2014 1117 hic
2043 1079 2093 1118 ut

391 1161 523 1214 aliaS,
555 1174 651 1204 esse
682 1161 810 1202 aliam
842 1159 1011 1214 epicam
1044 1159 1223 1214 poesin,
1269 1160 1397 1202 aliam
1428 1160 1606 1214 lyricam
1638 1166 1683 1203 et
1712 1162 1972 1216 elegiacam,
2014 1173 2095 1204 nec

391 1256 522 1298 posse
564 1243 723 1297 ubique
762 1243 948 1285 alterum
992 1255 1131 1297 genus
1176 1244 1302 1286 alteri
1342 1243 1596 1286 illustrando
1635 1242 1843 1287 adhiberi.
1874 1267 1934 1276 —
1985 1246 2096 1288 Seu

393 1337 539 1376 mea,
582 1337 683 1367 seu
733 1324 915 1367 fallor
958 1337 1051 1378 sqq.
1114 1324 1224 1367 Cum
1270 1338 1406 1368 cara
1449 1326 1588 1368 minus
1629 1326 1687 1368 sit
1723 1339 1851 1380 quam
1890 1338 2006 1368 mea
2050 1331 2096 1370 et

393 1409 580 1447 tamen
611 1405 840 1448 manifesto
872 1411 1052 1462 propter
1083 1405 1267 1449 fallor
1298 1407 1486 1462 positum
1517 1408 1587 1461 sit,
1619 1408 1791 1464 explico
1822 1421 1920 1451 cum
1953 1409 2093 1452 Wuu-
2132 1428 2139 1434 ·

394 1500 677 1530 mmmcmo:
722 1489 790 1531 vel
821 1501 942 1542 mea,
987 1489 1056 1531 vel
1087 1487 1124 1530 si
1157 1488 1310 1540 fallor,
1353 1502 1453 1531 cara
1483 1494 1641 1532 tamen.
1701 1488 1882 1532 Confert
1913 1489 2093 1533 Horum.

396 1573 528 1616 Satir.
558 1573 616 1626 II,
651 1577 691 1626 1,
723 1577 796 1615 59.
858 1573 1121 1629 Explicabat
1161 1573 1360 1616 similiter
1403 1574 1661 1626 Hmnsms,
1709 1573 1788 1615 nisi
1819 1572 1935 1627 quod
1964 1571 2095 1630 falso

396 1656 654 1698 coniiciebat
686 1657 812 1698 male.
874 1657 1066 1699 Vossms
1098 1661 1263 1709 contra,
1297 1669 1428 1710 quem
1454 1654 1722 1698 Huscflxms
1751 1654 1962 1709 sequitur,
1992 1666 2098 1698 con-
2134 1696 2144 1707 .

397 1739 554 1780 struit:
585 1750 710 1792 quae,
743 1750 822 1781 seu
851 1749 949 1780 mea
981 1742 1066 1790 est,
1096 1750 1176 1779 seu
1206 1751 1291 1779 non
1324 1742 1405 1790 est,
1438 1750 1538 1779 cara
1570 1742 1728 1791 tamen,
1757 1737 1800 1779 in
1840 1750 1927 1791 quo
1959 1736 2118 1780 offen-'

397 1820 461 1863 dit
490 1821 626 1876 prima
658 1834 759 1876 pars
789 1821 1055 1863 sententiae:
1104 1833 1182 1863 seu
1216 1833 1312 1862 mea
1342 1844 1402 1852 —
1434 1834 1534 1864 cara
1577 1826 1734 1864 tamen.
1797 1821 1894 1865 Nec
1922 1834 2098 1879 compa—

397 1903 482 1944 rari
513 1907 656 1957 potest
690 1902 800 1944 infra
829 1915 870 1945 v.
903 1905 976 1945 25.
1009 1905 1083 1945 26.
1115 1902 1189 1944 ubi
1219 1902 1344 1945 abest
1374 1910 1537 1947 tamen.

517 1984 573 2026 V.
605 1985 753 2026 7—-14,
814 1984 1007 2026 Prima
1038 1996 1170 2038 pars
1210 1996 1400 2026 rerum
1445 1988 1576 2040 post
1621 1985 1924 2029 exordium.
1986 1985 2102 2028 Mu-
2155 1992 2158 1997 '

399 2080 496 2127 sae
538 2068 806 2109 volumen
847 2067 1150 2108 carminum
1191 2078 1418 2110 suorum
1460 2068 1692 2111 mittere
1734 2081 1853 2112 eum
1892 2069 2101 2114 iubent
2150 2080 2158 2133 ,j

401 2149 704 2202 eleganter
734 2154 1008 2193 ornatum.
1039 2172 1099 2180 -

524 2235 578 2277 V.
610 2238 640 2277 7
669 2248 735 2288 sq.
798 2235 1056 2278 Carmine
1095 2235 1382 2278 formosae
1425 2249 1518 2290 sqq.
1592 2235 1748 2279 Monet
1785 2236 2101 2281 Ercnsmnms
2132 2221 2158 2322 ἑ

404 2316 448 2358 ἰη
481 2316 773 2362 Commentat.
805 2319 1053 2362 academica
1093 2333 1190 2362 ann.
1225 2323 1385 2372 1819„
1429 2332 1561 2375 supra
1602 2325 1868 2374 memorata,
1912 2321 1976 2364 sic
2018 2333 2102 2364 non
2134 2324 2158 2403 ἶ

402 2398 514 2442 bene
546 2399 708 2443 dixisse
739 2405 940 2457 poetam,
987 2401 1060 2456 qui
1103 2402 1295 2444 scribere
1341 2401 1568 2444 debuerit:
1616 2403 1792 2444 Doctae
1823 2399 2106 2449 carminibus,
2143 2408 2158 2455 ,ἑ

394 2482 545 2538 pretio
577 2483 823 2539 capiuntur
855 2498 1046 2538 avarae,
1090 2485 1128 2527 si
1158 2484 1333 2539 quidem
1379 2485 1596 2528 formosae
1633 2498 1714 2528 nec
1742 2486 1863 2528 solae
1904 2484 2104 2527 carmini·
2141 2452 2158 2535 ἦ

402 2564 483 2606 bus
513 2567 762 2621 capiantur,
794 2580 935 2620 neque
968 2566 1147 2610 eaedem
1179 2580 1396 2622 nunquam
1427 2581 1583 2610 avarae
1614 2569 1713 2610 sitit.
1774 2566 1980 2611 Profecto
2008 2579 2105 2609 cer·
2139 2539 2158 2601 'fl

404 2652 510 2701 tum,
541 2662 625 2691 non
657 2656 901 2693 accuratam
935 2664 1030 2693 esse
1062 2652 1397 2707 oppositionem,
1428 2651 1502 2692 ubi
1533 2664 1573 2693 v.
1602 2650 1829 2707 formosae
1860 2649 1914 2691 ad
1946 2660 2103 2705 corpus

402 2731 542 2773 solum
575 2732 789 2786 pertinet,
836 2737 885 2773 ut
925 2746 1094 2773 avarae
1136 2732 1191 2773 ad
1235 2732 1434 2774 animum.
1497 2733 1708 2788 Suspicor
1750 2738 1891 2775 tamen
1924 2731 2129 2794 Lygdaf

402 2826 520 2856 mum
551 2828 665 2857 nunc
698 2828 772 2857 eas
802 2815 1068 2858 intellexisse
1101 2815 1328 2868 formosas,
1366 2828 1478 2869 quae
1512 2817 1707 2871 corporis
1735 2816 1983 2870 ingeniique
2013 2815 2106 2857 for·
2136 2855 2158 2890 le

402 2907 516 2938 mam
558 2897 780 2952 pulchram
823 2896 1029 2940 haberent
1072 2904 1115 2941 et
1162 2901 1290 2942 talem
1337 2900 1509 2942 laudem
1553 2901 1743 2942 tribuere
1785 2899 1983 2942 Neaerae
2025 2911 2103 2942 vo·
2136 2889 2158 2953 k

405 2979 551 3022 luisse.
611 2980 661 3022 In
695 2981 1012 3023 Dissertatioue
1055 2981 1109 3024 de
1150 2981 1412 3024 Elocutione
1443 2982 1606 3024 Tibulli
1651 2984 1765 3024 etin
1800 2980 1865 3023 his
1897 2981 2103 3037 Explica·
2135 2958 2158 3015 ,³3

405 3062 596 3104 tionibus
645 3063 884 3104 notavimus
927 3065 1088 3106 multos
1137 3065 1245 3106 alios
1290 3065 1524 3107 insolentes
1571 3077 1674 3106 usus
1717 3064 1942 3106 verborum
1989 3060 2103 3118 apud
2132 3009 2158 3100 2

405 3144 694 3199 Lygdamum.
754 3146 962 3188 Peccavit
993 3148 1123 3189 etiam
1155 3147 1218 3189 sic
1251 3146 1333 3199 hic,
1363 3147 1438 3189 sed
1462 3147 1547 3188 alio
1574 3145 1717 3188 modo.
1737 3167 1796 3178 —
1827 3145 2102 3198 Gaudeat,
2137 3133 2158 3218 ὲ

406 3230 464 3266 ut
497 3225 665 3279 digna
708 3231 818 3280 est,
863 3228 1124 3270 versibus
1166 3229 1270 3270 illa
1313 3229 1466 3271 meis,
1526 3229 1670 3270 Recte
1703 3227 2102 3270 Wmvnnnmcnms
2135 3247 2158 3293 :g

407 3315 462 3349 ut
494 3308 632 3367 digna
671 3318 740 3351 est
782 3311 844 3353 sic
877 3312 1094 3367 explicat,
1139 3317 1189 3354 ut
1216 3311 1415 3369 gaudere
1446 3312 1671 3366 suppleat3
1720 3309 1827 3351 haec
1858 3309 1968 3351 enim
2001 3309 2104 3351 sim·-

407 3392 643 3448 plicissima
673 3391 742 3437 hic
775 3396 1056 3439 constructio.
1119 3396 1326 3448 Afferant,
1357 3396 1433 3449 ait,
1464 3396 1504 3438 ei
1535 3393 1641 3437 haec
1676 3394 1865 3436 carmina
1907 3393 2103 3448 volupta-
