2158 3750
275 316 343 359 50
669 299 1136 356 COMMENTAR.
1174 300 1249 350 IN
1287 298 1574 350 TIBULLI

279 451 554 504 affirmantis,
597 448 674 492 sed
706 447 835 490 habet
866 446 994 489 simul
1023 433 1136 503 ἦθος
1167 445 1349 500 ubique,
1395 456 1477 486 nec
1507 443 1598 486 sine
1628 441 1810 498 quodam
1843 441 1971 484 animi

280 550 407 581 sensu
445 534 530 577 dici
573 532 742 576 videtur
782 543 986 584 unquam.
1046 530 1121 574 Sic
1161 543 1273 573 nunc
1315 530 1359 571 in
1389 541 1437 571 re
1468 529 1575 571 mira
1617 528 1818 584 ponitur,
1865 527 1972 569 alias

280 619 559 662 acerbitatem
590 614 720 657 habet
750 617 794 656 et
824 614 1004 656 ironiam
1035 618 1111 655 aut
1140 611 1428 663 hilaritatem,
1470 610 1687 663 dolorem,
1727 608 1975 652 excusatio-

279 716 404 754 nem,
449 699 672 742 audaciam
706 696 869 751 (Ovm.
898 695 1009 738 Met.
1039 695 1137 748 VII,
1169 697 1242 736 53.
1274 693 1372 748 66.)
1418 697 1463 735 et
1504 705 1616 747 quae
1649 695 1747 734 suut
1787 691 1884 733 alia.
1915 713 1974 720 -

281 782 573 835 cantibus,
603 779 795 822 adhibito
826 782 931 834 puta
961 778 1087 821 simul
1118 777 1288 819 turbine
1319 776 1502 830 magico,
1535 774 1591 818 cf.
1618 775 1801 818 Honlvr.
1833 773 1978 829 Epod.

280 868 424 920 XVII,
456 871 497 911 6.
529 871 573 909 7.
604 885 660 898 —-
710 863 933 917 herbis,
977 863 1152 918 potione
1182 866 1347 918 parata.
1410 861 1491 904 His
1522 861 1659 915 igitur
1688 861 1817 903 rebus
1851 872 1979 916 opem

280 951 563 1007 promiserat,
606 951 650 992 et
679 949 900 1004 inceperat
931 947 1016 990 iam
1046 960 1154 989 rem.
1184 969 1243 978 --
1275 946 1331 990 V.
1363 949 1439 988 63.
1470 947 1728 998 solvere,
1759 945 1980 1000 proprium

283 1037 324 1077 in
357 1034 435 1077 hac
477 1047 549 1087 re,
599 1031 656 1076 cf.
687 1032 984 1074 Buoucrums.
1024 1030 1080 1072 ad
1112 1028 1152 1072 h.
1185 1030 1216 1071 l.
1265 1035 1309 1071 et
1352 1029 1595 1084 interprett.
1627 1028 1682 1071 ad
1711 1029 1911 1084 Propert.
1945 1027 1980 1081 1,

283 1120 326 1171 4,
358 1119 432 1162 15.
464 1137 522 1148 -
571 1119 627 1158 et
656 1126 736 1157 me
767 1111 1055 1155 lustravit
1084 1109 1303 1163 taedis,
1350 1114 1481 1164 atque
1511 1111 1640 1153 etiam
1671 1111 1867 1152 lustravit
1898 1121 1983 1154 me.

284 1200 424 1243 Aliter
453 1199 888 1242 thnssnmcmus:
940 1198 985 1237 et
1015 1207 1118 1236 vere
1147 1192 1375 1246 lustravit,
1419 1192 1461 1235 h.
1495 1206 1533 1235 e.
1568 1197 1613 1235 et
1644 1205 1747 1236 vere
1776 1206 1984 1247 aggressa

285 1287 352 1325 est
381 1295 472 1325 rem
503 1281 770 1323 lustratione.
834 1278 994 1321 Censet
1031 1278 1168 1332 igitur
1210 1278 1398 1320 carmina
1439 1282 1485 1320 et
1514 1277 1668 1321 herbas
1711 1282 1866 1334 postea
1907 1277 1985 1321 de-

285 1379 401 1408 mum
432 1363 692 1407 adhibendas
722 1362 869 1415 fnisse,
901 1361 1068 1403 initium
1100 1364 1243 1402 autem
1274 1361 1574 1403 incantationis
1605 1373 1701 1403 esse
1730 1360 1984 1403 lustratione

283 1449 462 1492 sactum.
522 1447 610 1492 Vix
651 1451 787 1489 recte.
847 1446 1052 1488 Ceterum
1088 1445 1248 1488 verba:
1292 1442 1512 1486 lustravit
1543 1443 1690 1486 taedis
1731 1442 1774 1487 h.
1807 1457 1845 1487 e.
1877 1444 1985 1487 faci-

287 1533 367 1575 bus
400 1545 455 1574 ex
484 1531 613 1574 taeda
643 1530 836 1573 admixto
866 1527 1071 1585 sulphure
1103 1532 1148 1572 et
1177 1528 1411 1582 bitumine,
1461 1527 1652 1583 explieat
1683 1527 1984 1570 Cnmnnnus

284 1618 504 1670 Panegyr.
543 1615 709 1656 Honor.
744 1627 784 1656 v.
817 1614 930 1655 324:
978 1609 1215 1652 lustralem
1258 1609 1322 1652 sic
1368 1609 1454 1650 rite
1490 1609 1670 1668 facem,
1724 1609 1798 1650 cui
1829 1609 1987 1651 ‘lumen

287 1698 468 1740 odorum
498 1694 715 1751 sulphure
747 1693 949 1736 caeruleo
979 1692 1193 1751 nigroque
1226 1691 1438 1734 bitumine
1457 1692 1635 1751 fumat,
1666 1691 1831 1735 circum
1854 1707 1986 1734 mem-

290 1778 370 1821 bra
410 1787 536 1821 rotat
580 1778 738 1820 doctas
773 1777 1021 1836 purganda
1060 1777 1283 1820 sacerdos.
1345 1777 1458 1821 Vide
1487 1777 1611 1832 plura
1641 1788 1711 1832 ap·
1742 1774 1985 1820 BRothKH.

287 1865 342 1908 acl
376 1864 415 1906 h.
449 1864 478 1906 l.
511 1868 556 1906 et
586 1865 775 1907 Scala.
805 1862 860 1904 ad
892 1864 1020 1907 Aetn.
1046 1865 1155 1905 350.
1218 1860 1485 1904 Adhibuerat
1513 1865 1659 1904 autem
1691 1859 1987 1903 lustrationem

287 1961 417 2002 saga,
464 1951 512 1989 ut
542 1951 751 2002 purgaret
780 1947 938 1990 malum
971 1950 1126 2002 poetae
1156 1947 1298 1988 animo
1326 1944 1566 1988 inhaerens·
1596 1967 1656 1977 —-
1707 1948 1876 1988 nocte
1907 1956 1990 1989 se-

289 2045 451 2084 rena,
500 2029 540 2072 h.
576 2043 613 2073 e.
655 2031 827 2072 lucente
869 2029 984 2071 luna.
1046 2029 1242 2071 Locrus.
1285 2028 1564 2084 Philopseud.
1608 2041 1649 2071 c.
1682 2029 1763 2072 142
1810 2023 1989 2077 αὐξομέ-

287 2131 363 2172 νην
396 2110 591 2171 τηρήσας
626 2108 706 2169 τήν
738 2107 940 2168 σελήνην,
972 2108 1071 2153 τότε
1100 2107 1182 2168 γιέρ
1216 2105 1271 2157 ὦς
1306 2106 1539 2152 ἓπιτοπολύ
1563 2105 1623 2152 vc?
1655 2103 1841 2152 τοιὰῧτα
1871 2110 1989 2151 τελε»-

291 2189 567 2257 σιουρῖνεῑται.
626 2197 739 2241 Vide
778 2199 903 2253 plura
943 2211 1013 2254 ap.
1055 2196 1325 2239 HssmnoRF.
1368 2194 1423 2238 ad
1463 2195 1618 2239 Horat.
1650 2196 1744 2239 Sat.
1774 2194 1810 2248 1,
1840 2198 1884 2248 8,
1915 2197 1990 2238 21.

292 2290 336 2328 et
369 2285 663 2326 Bnoncrmus.
695 2281 750 2323 ad
780 2282 982 2336 Propert.
1013 2280 1071 2332 ΙΙ,
1107 2283 1146 2333 1,
1177 2283 1250 2322 73.
1282 2302 1341 2309 ——
1398 2277 1588 2322 hostia
1630 2279 1817 2335 pulla,
1866 2279 1991 2334 nigra

292 2369 398 2420 ovis,
429 2367 609 2409 Hom'r.
642 2365 735 2408 Sat.
766 2365 801 2418 I,
834 2368 878 2418 8,
908 2367 980 2407 27.
1012 2365 1152 2408 Vmor.
1184 2364 1291 2406 Aen.
1327 2363 1377 2416 V,
1405 2365 1508 2406 736.
1540 2362 1714 2406 Smmc.
1744 2360 1856 2405 Oed.
1887 2365 1990 2406 556.

290 2449 461 2493 Eussn.
492 2450 649 2503 Praep.
679 2447 846 2500 Evang.
880 2446 957 2499 IV,
988 2447 1031 2488 4·
1094 2447 1220 2490 Quae
1252 2444 1428 2488 laudant
1458 2445 1733 2501 interpretes.
1760 2467 1819 2476 —
1851 2444 1995 2487 Cou-

292 2534 437 2584 cidit
467 2533 531 2576 ad
563 2533 725 2584 deos,
757 2531 811 2574 ad
842 2543 960 2573 aram
993 2530 1185 2573 deorum.
1248 2530 1383 2574 Ovm.
1414 2528 1598 2574 Heroid.
1628 2529 1664 2583 1,
1695 2532 1779 2573 26:
1805 2527 1993 2585 ponitur

293 2617 356 2658 ad
381 2616 558 2673 patrios
590 2613 782 2657 barbara
808 2615 980 2672 praeda
1012 2614 1126 2658 deos.
1190 2614 1301 2657 Add.
1332 2614 1434 2657 ibid.
1466 2613 1566 2667 XII,
1599 2613 1701 2657 128.
1731 2635 1789 2645 -
1830 2614 1883 2655 V.
1917 2616 1990 2656 66.

291 2700 574 2755 magicos,
604 2699 778 2751 inferos,
814 2711 922 2751 quos
953 2698 997 2739 in
1028 2697 1207 2751 magicis
1236 2697 1367 2738 rebus
1398 2695 1667 2738 invocabant.
1729 2693 1828 2737 Nun
1862 2707 1991 2750 parva

294 2783 444 2838 copia,
491 2782 528 2824 si
567 2781 675 2824 fides
717 2781 938 2824 Vmormo
983 2782 1090 2822 Aen.
1121 2779 1198 2832 lv,
1229 2779 1334 2822 510.
1409 2777 1576 2834 Magici
1618 2779 1818 2822 dicuntur
1861 2780 1990 2823 etiam

295 2865 473 2908 LucAN.
505 2864 582 2915 vl,
610 2866 716 2906 577.
746 2886 805 2893 --
842 2863 964 2905 Haec
995 2862 1129 2916 igitur
1159 2863 1300 2904 omnia
1330 2863 1413 2906 iam
1444 2861 1608 2906 fecerat
1638 2874 1769 2918 saga,
1810 2867 1856 2907 at
1884 2842 1994 2906 con-'

292 2951 501 2992 tinuasset
530 2961 621 2990 rem
661 2951 706 2989 et
735 2947 980 3003 repetiisset
1005 2947 1111 2988 istos
1142 2947 1250 2989 ritus
1282 2952 1326 2989 et
1356 2952 1498 3002 artes,
1527 2948 1610 2991 nisi
1641 2949 1880 2993 obstitisset
1910 2948 1992 2992 Ti-

291 3030 436 3073 bullus
481 3042 536 3073 ne
580 3034 798 3085 pergeret.
829 3052 886 3060 —
934 3030 988 3072 V.
1031 3031 1103 3071 65.
1146 3031 1218 3071 66.
1291 3028 1381 3072 Sed
1426 3031 1680 3075 recusabam
1729 3033 1853 3079 solvi.
1924 3033 1993 3078 Ad

292 3112 448 3156 verba:
492 3125 691 3155 carere
721 3124 893 3168 posse
924 3112 1092 3154 velim
1137 3111 1193 3154 cf.
1225 3113 1360 3155 Ovm.
1395 3115 1488 3155 Art.
1518 3109 1576 3167 11,
1605 3115 1718 3157 4542
1766 3114 1866 3171 Quo
1898 3113 1993 3156 sine

293 3209 381 3236 non
408 3195 553 3250 possit
581 3194 753 3247 vivere,
789 3210 919 3251 posse
950 3195 1074 3240 velit.
1104 3220 1163 3227 —
1210 3198 1319 3240 Post
1348 3194 1454 3240 haec
1483 3196 1604 3240 vides
1634 3197 1734 3252 quid
1767 3197 1882 3240 dicat
1911 3197 1992 3241 Ti-

289 3276 456 3320 bullus:
511 3278 739 3320 Cruciatus
770 3278 989 3321 doloribus
1030 3279 1205 3322 maximi
1243 3280 1402 3322 amoris
1445 3279 1822 3335 obtemperaverat
1861 3281 1992 3336 paul-

290 3360 422 3415 lisper
463 3373 597 3414 sagae
642 3373 769 3416 opem
811 3361 1102 3415 promittenti,
1154 3361 1230 3403 sed
1272 3361 1422 3404 relicta
1452 3375 1556 3405 mox
1596 3374 1666 3404 res
1709 3366 1776 3406 est
1804 3362 1991 3418 incepta,

289 3455 387 3485 cum
417 3454 500 3486 uon
533 3443 765 3487 sustineret
795 3445 917 3487 solvi.
992 3446 1091 3492 Qua
1129 3446 1372 3490 narratione
1403 3446 1506 3501 quid
1537 3445 1653 3489 aliud
1686 3445 1992 3502 probare-vult
