2086 3756
225 205 257 235 x
794 182 1006 232 VITAE
1063 180 1106 230 Τ
1111 178 1362 231 lBULLI.

759 421 961 474 VITA
1033 415 1391 471 TIBULLI

443 563 728 614 AUCTORE
769 560 1147 608 HIERONYMO
1185 556 1640 606 ALEXANDRINO.
1667 557 1710 614 ⁹)

366 718 548 768 Albius
593 716 834 784 Tibullus
884 731 1042 786 eques
1090 698 1304 768 illustris
1344 724 1396 766 et
1429 712 1642 779 insignis
1673 710 1843 761 forma
1873 706 1929 758 in

225 815 355 865 urbe
391 830 608 866 romana
644 815 737 866 ubi
773 824 925 865 natus
960 822 1229 881 pergratus
1266 821 1317 863 et
1350 810 1659 863 militaribus
1691 807 1729 872 *13
1767 816 1818 857 et
1850 814 1929 856 to-

225 908 352 974 gatis
388 909 543 975 signis
591 909 692 960 suit
744 925 907 976 quum
946 908 1028 959 vir
1065 917 1196 958 esset
1239 904 1419 956 doctus
1449 905 1489 968 †
1524 921 1620 955 nec
1661 906 1706 963 Ῐ
1751 911 1812 952 ut
1849 915 1933 951 so-

223 1005 334 1056 lent
366 1003 580 1074 quidam
618 1005 822 1057 vultum
863 1014 1054 1073 austetjc
1095 1009 1144 1063 21:
1187 1011 1238 1052 et
1265 1002 1462 1052 tristem
1499 998 1591 1051 sed
1623 999 1860 1067 hylarem
1886 994 1937 1058 It·

226 1110 279 1152 et
335 1098 622 1152 iocundum
682 1117 804 1167 erga
853 1116 1030 1150 omnes
1081 1099 1267 1148 habuit
1321 1097 1362 1160 ἦ·
1424 1087 1632 1162 Quippe
1694 1091 1936 1145 Tibullus

225 1205 421 1248 statura
464 1195 685 1262 pulcher
729 1199 768 1262 21:
813 1196 1031 1261 corpo're
1069 1194 1210 1260 agilis
1244 1193 1397 1245 Facie
1451 1187 1708 1241 iocundus
1751 1190 1794 1247 Ῑ
1833 1187 1936 1238 lin·

224 1308 327 1356 gua
362 1290 520 1342 comis
545 1291 591 1354 1
623 1290 858 1340 moribus
882 1287 1058 1340 ‘dulcis
1089 1295 1137 1354 T.
1172 1296 1223 1338 et
1257 1285 1524 1336 familiaris
1561 1293 1672 1334 erat
1715 1275 1768 1340 ΣΕ
1801 1282 1938 1332 Ante

228 1385 357 1436 alios
405 1400 532 1437 vero
585 1383 686 1435 sibi
726 1383 872 1435 omni
907 1383 1081 1434 officio
1124 1385 1164 1441 T,
1211 1389 1260 1430 et
1296 1376 1663 1431 benevolentia
1697 1377 1941 1428 Messalla

228 1481 473 1533 corvinus
508 1479 638 1531 favit
671 1478 712 1544 -ζ-
750 1478 877 1531 Erat
929 1479 1014 1530 hic
1063 1486 1242 1528 orator
1276 1475 1490 1542 insignis
1533 1478 1578 1539 :13
1621 1485 1776 1544 atque
1815 1490 1940 1527 con-

227 1576 370 1628 scilio
415 1584 468 1627 et
514 1591 677 1643 opera
712 1572 959 1630 Octavius
1007 1575 1251 1642 princeps
1298 1574 1541 1639 gravibus
1593 1573 1650 1622 in
1684 1573 1842 1623 rebus
1881 1587 1940 1623 ac

226 1669 466 1722 maximis
495 1670 739 1722 utebatur
761 1665 812 1732 Ϊ
847 1670 1057 1721 Amavit
1086 1667 1298 1738 quidem
1332 1669 1600 1721 Tibullum
1627 1648 1871 1720 Messalla
1902 1642 1942 1730 :1-

228 1763 586 1833 Eundemqex
645 1773 698 1816 et
746 1761 890 1816 domi
934 1773 985 1814 et
1031 1763 1160 1814 foris
1205 1763 1380 1814 multis
1425 1761 1575 1814 donis
1615 1758 1662 1822 :t
1706 1771 1759 1814 et
1791 1762 1941 1814 favo-

230 1860 377 1912 ribus
412 1860 704 1912 sublevavit
734 1857 776 1923 ἦ·
808 1856 998 1926 Neque
1052 1873 1181 1909 vero
1217 1857 1458 1910 Tibullus
1501 1856 1604 1910 fide
1650 1859 1824 1909 minus
1858 1858 1943 1910 in-

228 1968 371 2023 tegra
422 1971 736 2024 quacunque
785 1954 846 2006 in
889 1971 948 2006 re
985 1952 1230 2005 obeunda
1261 1956 1489 2007 solicitus
1523 1954 1564 2019 Ἰ·
1609 1952 1715 2006 Sed
1752 1970 1943 2021 percu·

230 2051 383 2121 pidus
419 2051 638 2104 honoris
674 2051 785 2102 eius
821 2059 873 2101 et
910 2050 1077 2101 cultor
1112 2059 1224 2102 erat
1273 2024 1314 2114 :1-
1359 2050 1623 2115 Aegaeum
1658 2066 1787 2102 vero
1826 2067 1942 2103 cum

231 2167 294 2202 eo
330 2149 580 2215 navigans
614 2163 759 2199 mare
793 2147 930 2199 mala
957 2146 1242 2199 valitudine
1275 2155 1452 2215 captus
1489 2155 1566 2198 est
1603 2145 1644 2211 ’ί-
1682 2146 1834 2198 Tunc
1858 2163 1944 2198 sa·

229 2244 352 2295 lutis
404 2261 558 2296 causa
614 2243 914 2312 proximam
960 2245 1018 2295 in
1064 2253 1258 2297 terram
1300 2243 1594 2312 phaeatiam
1638 2244 1778 2295 bona
1828 2261 1947 2295 cum

230 2337 502 2390 Messallae
536 2338 745 2389 licentia
793 2338 1038 2389 conscilio
1075 2340 1345 2390 voluntate
1395 2337 1646 2390 concessit
1695 2354 1945 2408 armaque

235 2434 411 2501 posuit
444 2433 520 2484 ibi
557 2434 597 2498 †
632 2428 716 2485 Ac
750 2433 968 2500 spraetis
1005 2432 1097 2500 qui
1134 2430 1337 2484 divitias
1383 2448 1512 2483 auro
1549 2432 1696 2484 fulvo
1733 2434 1946 2498 effigere-

232 2539 351 2580 rent
383 2528 423 2592 ἦ·
462 2527 545 2580 Ad
579 2530 872 2580 litterarum
929 2528 1042 2579 ocia
1075 2545 1209 2596 quae
1258 2526 1362 2579 iam
1396 2527 1681 2595 reliquerat
1717 2524 1874 2578 rediit
1907 2528 1948 2590 *X-

234 2623 491 2689 Epistolas
539 2622 819 2673 familiares
869 2618 935 2671 ad
985 2622 1192 2672 Amicos
1239 2622 1532 2688 complures
1584 2631 1636 2672 et
1672 2619 1946 2673 delectabi-

233 2719 308 2768 les
353 2720 387 2777 Ῑ
433 2727 602 2769 metro
649 2729 702 2768 et
747 2733 906 2786 prosa
942 2715 1084 2768 dedit
1116 2715 1155 2780 †
1210 2715 1402 2769 Libros
1449 2726 1621 2769 autem
1659 2728 1763 2769 tres
1804 2736 1945 2770 ama-

235 2810 368 2862 toria
415 2810 478 2862 de
529 2829 587 2863 re
634 2828 784 2864 suam
821 2812 885 2864 ad
923 2810 1110 2864 deliam
1148 2813 1352 2878 eligiato
1387 2800 1428 2878 ἦ·
1465 2823 1632 2866 metro
1672 2814 1874 2883 scripsit
1910 2817 1953 2881 {1

238 2905 322 2959 Sic
360 2909 499 2958 enim
552 2924 687 2978 quae
737 2909 947 2961 nomine
1001 2925 1129 2960 vero
1165 2910 1365 2960 Plautia
1401 2921 1678 2962 vocaretur
1713 2912 1814 2964 hoc
1847 2912 1947 2964 isto

236 3001 353 3053 ficto
407 3005 619 3055 nomine
668 3021 728 3057 ac
775 3021 885 3056 non
927 3021 1023 3059 suo
1061 3007 1340 3074 appellavit
1371 3005 1410 3070 ἦ·
1459 3008 1611 3075 plura
1660 3025 1769 3060 nou
1823 3010 1947 3062 scri-

360 3235 404 3288 “)
440 3235 680 3291 Descripsit
710 3235 955 3291 Huschkius
1001 3250 1055 3282 ex
1099 3238 1286 3282 editione
1329 3239 1560 3293 Regiensi,
1602 3246 1771 3283 servata
1813 3242 1946 3286 inter-

243 3309 487 3363 punctione.
551 3309 712 3356 Exstat
727 3325 777 3356 ea
802 3312 929 3358 etiam
953 3314 995 3357 in
1020 3313 1127 3357 Cod.
1155 3312 1346 3356 colbert.
1373 3324 1415 3355 et
1431 3313 1531 3355 edit.
1555 3313 1706 3356 Venet.
1728 3327 1793 3358 an.
1817 3317 1943 3359 1475.

2080 726 2086 778 ἰ
