2158 3750
705 247 888 299 LIBR.
924 250 968 299 Ι.
1038 246 1241 299 ELEG.
1277 247 1372 298 III.
1818 254 1882 299 69

187 397 348 440 tristem
384 392 683 452 parenthesin,
731 406 844 450 quae
876 392 950 436 ubi
991 392 1106 435 facta
1148 396 1290 446 esset,
1338 390 1582 435 adducebat
1621 392 1877 436 secubitum.

184 480 412 522 Postremo
451 476 554 521 nihil
592 477 806 523 usitatius,
836 482 882 519 et
922 477 1097 519 suavius
1126 474 1210 520 hoc
1240 475 1536 520 collocationis
1568 488 1753 531 genere,
1802 476 1877 519 nbi

183 563 295 605 inter
324 562 411 605 duo
438 561 719 613 substantiva,
746 559 973 612 adiectiva‚
1002 558 1220 613 adverbia,
1263 559 1408 613 verba,
1450 558 1641 602 membra
1671 541 1877 601 orationis

182 647 356 703 ponitur
382 646 424 689 id
455 645 571 700 quod
600 643 812 686 ambobus
843 654 1068 685 commune
1099 647 1179 685 est.
1240 643 1412 685 Veluti:
1462 638 1608 689 εἷῖνους
1640 636 1707 683 ὢν
1746 634 1876 690 ὑμῖν

180 734 254 771 καὶ
282 729 418 779 φίλος.
450 751 511 762 -
555 721 613 774 ὦς
650 723 704 768 ου’
743 727 924 773 δικαίως
963 726 1154 768 ταῦτα
1195 725 1409 782 ἔπραξα
1451 730 1526 767 καὶ
1565 726 1783 776 ἐπιμελῶς.
1818 749 1874 757 -

179 814 406 867 Ducarque
434 809 602 867 capillis
629 806 874 854 immerito,
902 819 1060 862 pronas
1091 807 1389 863 proripiarque
1416 808 1522 852 vias.
1553 830 1613 840 —
1655 807 1875 851 Bacchum

178 895 220 937 in
248 894 424 937 remotis
456 892 644 936 carmina
671 889 970 947 rupibus‘vidi
1003 890 1259 944 docentem,
1304 890 1468 932 credite
1492 890 1687 947 posteri,
1735 891 1874 947 Nym-

174 974 366 1031 phasque
410 974 634 1018 discentes
671 977 717 1016 et
757 984 886 1016 aures
933 972 1226 1030 capripedum
1272 974 1529 1027 Satyrorum
1574 978 1736 1018 acutaS.
1813 975 1875 1016 Ut

172 1055 240 1099 hic
266 1056 523 1109 subiicitur,
563 1057 628 1114 sic
666 1055 774 1099 alias
813 1054 1031 1099 interdum
1059 1055 1262 1098 inseritur
1292 1057 1438 1112 primo
1465 1057 1660 1100 membro
1693 1058 1869 1100 verbnm

171 1153 412 1194 commune,
442 1141 578 1184 &eluti
607 1140 768 1184 Tibull.
797 1139 834 1194 Ῐ,
859 1143 905 1193 8,
935 1143 1022 1183 69:
1053 1139 1267 1193 Oderunt,
1299 1138 1480 1187 Pholoe,
1507 1154 1670 1187 moneo,
1700 1140 1872 1181 fastidia

171 1223 283 1277 divi,
326 1237 408 1267 nec
449 1223 633 1280 prodest
669 1225 830 1269 sanctis
868 1228 967 1268 tura
1005 1223 1176 1267 dedisse
1217 1223 1340 1268 focis.
1414 1223 1555 1278 Atque
1589 1223 1694 1267 liaeo
1722 1222 1875 1266 hacte-

170 1319 264 1350 nus.
325 1306 574 1352 Redeamus
612 1307 687 1355 ad-
713 1321 872 1352 nexum
913 1309 1136 1352 orationis.
1198 1308 1310 1352 Cum
1338 1307 1420 1351 Isis
1450 1308 1495 1351 in
1522 1308 1686 1357 morbis
1713 1320 1873 1350 curan·

168 1389 235 1432 dis
265 1395 420 1448 potens
449 1395 580 1445 esset,
603 1395 744 1448 poeta
772 1390 847 1446 qui
875 1390 1043 1434 Deliam
1073 1391 1396 1445 religiosissime
1417 1389 1543 1432 Isidis
1573 1403 1696 1433 sacra
1726 1390 1877 1433 colere

167 1475 359 1529 videret,
388 1479 643 1532 speravent
666 1474 896 1519 iix-itinere
924 1475 1153 1519 affuturam
1185 1474 1310 1518 deam
1342 1473 1603 1528 morbosque
1636 1473 1871 1529 propulsu*

167 1570 287 1611 ram,
325 1558 713 1614 praeut-tintcum*
737 1563 841 1600 vota
867 1555 1045 1600 fecisset
1076 1557 1215 1600 Delia.
1277 1557 1377 1602 Qua
1406 1568 1484 1611 spe
1513 1554 1749 1597 frustratus
1773 1553 1870 1596 iure

166 1649 279 1679 nunc
307 1637 391 1692 sibi
403 1632 551 1693 „queri
565 1636 756 1688 vitietur.
783 1661 846 1671 —-
884 1637 940 1681 V.
968 1640 1040 1680 Ξῖ.
1074 1648 1246 1692 posse
1276 1634 1496 1679 mederi
1525 1632 1618 1676 scil.
1651 1635 1720 1686 te,
1752 1630 1867 1685 quod

166 1719 313 1780 multis
351 1711 563 1776 exaplis
601 1720 788 1762 illustrat
826 1718 1114 1765 Huscnxms.
1176 1717 1342 1761 Millies
1371 1721 1544 1760 veteres
1576 1728 1672 1768 me,
1704 1718 1774 1767 te,
1805 1726 1868 1766 se,

166 1813 260 1854 nos,
288 1815 365 1845 vos
391 1803 436 1850 in
463 1801 540 1845 tali
569 1803 890 1847 constructione
913 1805 1164 1846 omiserunt.
1224 1801 1339 1846 Vide
1366 1814 1476 1856 quos
1502 1799 1679 1843 laudant
1700 1798 1869 1841 Rmm-

167 1897 336 1927 temus
359 1890 413 1927 ‘et
440 1885 722 1928 Fuorscnssn
755 1884 812 1928 ad
840 1885 981 1928 Rutil.
1014 1885 1128 1940 Lup.
1161 1897 1262 1940 pag.
1296 1886 1396 1926 112.
1458 1881 1527 1925 Ne
1558 1881 1681 1936 plura
1712 1880 1869 1922 affera-

162 1978 347 2010 mus.—
378 1967 557 2010 multa
586 1967 823 2012 tabella.
885 1966 1130 2021 Singularis
1161 1979 1225 2022 pr.
1259 1965 1439 2022 plurali3
1470 1961 1867 2020 comparat-Wun-

163 2062 444 2093 nssnmcnms
473 2049 623 2097 multa
653 2049 731 2094 via
758 2054 802 2105 3,
832 2053 893 2093 50
921 2049 1046 2104 infr„
1094 2050 1267 2093 multus
1297 2049 1416 2107 Iopis
1443 2050 1512 2103 Il,
1532 2053 1575 2102 5,
1606 2052 1678 2092 72.
1741 2047 1867 2091 Adde
1922 2070 1923 2073 =

162 2132 304 2176 multo
332 2133 486 2194 ingere
515 2134 647 2190 11,-3,
677 2138 750 2193 41²·
794 2139 839 2178 et
868 2134 1147 2178 innumeram
1178 2149 1300 2177 ovem
1331 2134 1436 2176 ibid.
1499 2134 1734 2176 Praeterea
1767 2130 1866 2174 vide

160 2217 215 2260 &d
245 2217 281 2271 l,
311 2221 355 2271 9,
379 2222 461 2262 68·
489 2243 551 2252 -
596 2220 772 2276 picta.
821 2219 983 2263 Iov-nn.
1017 2220 1118 2275 ΧΠ,
1149 2223 1225 2264 28.
1297 2220 1546 2274 Suspensae
1577 2216 1712 2271 igitur
1742 2219 1865 2257 erant

160 2303 203 2345 in
242 2303 350 2346 Iseis
386 2303 560 2346 tabulae
598 2303 807 2359 plurimae
837 2304 897 2347 ab
925 2303 1190 2356 hominibus,
1235 2303 1308 2357 qui
1341 2315 1366 2344 e
1397 2301 1550 2344 morbo
1582 2299 1865 2343 reconvalue-

162 2390 256 2428 rant
284 2386 454 2440 aliquo,
484 2384 717 2429 reddentes
747 2386 980 2442 imaginem
1014 2384 1198 2428 hominis
1228 2389 1305 2426 aut
1337 2383 1474 2440 partis
1511 2383 1707 2437 corporIs
1736 2393 1864 2424 sana-

160 2473 258 2520 tae,
306 2469 372 2511 vel
420 2469 551 2512 etiam
597 2469 706 2514 deae
748 2471 950 2514 salutaris
998 2471 1189 2525 effigiem
1236 2482 1335 2512 cum
1381 2466 1674 2523 inscriptione.
1752 2465 1863 2510 Vide

157 2552 528 2596 Bnoucxnusnm
558 2558 603 2597 et
633 2554 880 2606 Hannon.
942 2555 1063 2598 Idem
1093 2555 1227 2597 fiebat
1256 2553 1310 2596 ab
1343 2553 1420 2605 iis,
1470 2551 1544 2605 qui
1575 2563 1600 2592 e
1632 2547 1740 2591 mari
1769 2559 1864 2590 ser-

158 2634 246 2677 vati
288 2639 411 2678 erant
451 2636 591 2707 alio&
628 2637 851 2693 periculo,
897 2637 953 2681 cf.
983 2637 1147 2680 Tibull.
1178 2636 1214 2690 1,
1244 2639 1287 2689 9,
1319 2635 1390 2677 fin.
1459 2633 1619 2675 Cicnn.
1665 2631 1719 2674 de
1761 2630 1862 2673 Nat.

158 2718 291 2760 Deor·
316 2717 398 2772 111,
422 2721 496 2762 37.
540 2713 724 2764 Holw'r.
749 2719 786 2774 Ι,
811 2723 857 2773 5,
887 2720 962 2762 fin.
995 2719 1097 2774 ibiq.
1129 2719 1372 2774 interprett.
1405 2720 1450 2758 et
1480 2715 1612 2758 Satir.
1640 2713 1697 2766 ΙΙ,
1728 2716 1765 2766 l,
1787 2715 1862 2755 33.

156 2815 195 2843 c.
227 2805 372 2843 annot·
403 2800 673 2847 Hssmnonr.
699 2816 764 2851 ρ·-
796 2802 1024 2845 votivas
1055 2814 1239 2845 voces.
1303 2799 1447 2853 Vulgo
1483 2795 1678 2838 votivum
1708 2795 1862 2851 appel-

158 2882 271 2924 latur
298 2882 415 2937 quod
441 2895 497 2926 ex
527 2888 629 2928 voto
659 2883 742 2927 diis
783 2883 1020 2938 debemus,
1065 2881 1427 2939 quemadmodum
1460 2881 1589 2924 etiam
1619 2879 1861 2923 thnnn-

158 2982 341 3013 memus
377 2970 578 3014 ostendit.
637 2971 732 3015 Sed
769 2972 807 3016 si
848 2972 891 3016 in
931 2971 1043 3016 hunc
1085 2972 1259 3015 modum
1292 2971 1440 3014 laudes
1473 2983 1529 3012 ex
1562 2970 1663 3011 voto
1694 2966 1863 3011 debitas

157 3054 377 3109 intelligis,
410 3052 518 3096 haec
546 3055 729 3098 exsistet
762 3056 871 3099 mira
904 3057 1144 3100 sententia:
1178 3058 1240 3100 Ut
1270 3058 1397 3099 Delia
1429 3056 1579 3098 laudes
1610 3053 1861 3110 persolvens

158 3139 393 3194 promissas
423 3143 524 3183 aute
556 3139 673 3183 fores
702 3139 883 3195 sedeat,
928 3141 1081 3197 bisque
1111 3142 1182 3186 die
1219 3142 1370 3186 laudes
1402 3143 1477 3184 tibi
1511 3141 1655 3183 dicere
1688 3138 1859 3181 debeat.

158 3222 286 3269 Quod
339 3224 527 3267 sentiens
581 3224 800 3269 Hermus
849 3226 1103 3283 simpliciter
1157 3233 1265 3269 vota
1317 3225 1588 3282 explicabat,
1647 3235 1727 3264 nec
1776 3232 1859 3261 non

159 3306 468 3351 Ounssnnone.
499 3307 554 3351 ad
588 3309 791 3365 Appulei.
825 3309 932 3354 Met.
961 3310 1039 3362 XI,
1073 3325 1115 3367 p.
1143 3314 1245 3355 ⁴168.
1277 3311 1350 3365 qui
1381 3311 1464 3352 ait:
1497 3320 1657 3362 „voces
1691 3306 1859 3348 votivae

159 3395 259 3432 vota
297 3396 420 3445 sunt,
463 3397 511 3437 ut
556 3406 685 3437 voces
729 3398 956 3448 precantes
998 3395 1112 3451 apud
1158 3399 1308 3450 poetas
1340 3399 1437 3438 sunt
1469 3392 1666 3449 precesf‘
1730 3389 1861 3432 Velut
