2158 3750
661 247 848 301 LIBR.
887 250 953 300 11.
1027 249 1233 302 ELEG.
1268 251 1339 303 V.
1763 263 1866 307 295

165 390 314 448 signa,
341 389 541 448 gaudete
571 389 715 434 colom·
746 396 829 436 etc.
891 391 1005 436 Nam
1035 391 1140 435 illud
1171 391 1345 448 quidem
1376 392 1504 438 facile
1535 393 1695 448 videas,
1726 393 1864 451 hypo-

166 473 373 518 theticam
404 475 665 519 seutentiam
693 475 798 519 ferri
828 489 917 520 non
948 489 1104 533 posse,
1133 476 1212 519 sed
1243 482 1363 520 certa
1392 490 1518 533 spes,
1549 481 1694 520 certus
1732 489 1863 520 even-

163 559 233 598 tus
260 556 532 600 describitur.
593 557 726 603 Quod
757 557 945 613 denique
976 558 1169 601 Vossms
1199 559 1374 615 scripsit
1405 559 1502 612 uti,
1545 564 1620 602 aut
1650 559 1864 603 editiones

160 640 328 694 aliquot
357 641 525 695 priores
556 638 719 684 babent
750 649 804 682 ut
834 641 997 684 laurus
1016 669 1027 687 ,
1069 640 1191 683 nihili
1221 646 1315 694 est3
1363 655 1492 697 quam
1531 643 1720 686 ieiunum
1757 643 1862 685 illud

161 723 483 766 exclamationis
513 730 666 778 genus'
692 721 776 767 boc
817 725 918 768 loco
956 726 1038 778 sit,
1083 725 1179 781 ipse
1219 727 1379 780 sentis,
1423 726 1496 769 uti
1534 740 1639 771 vero
1682 741 1739 771 ne
1777 727 1863 777 dici

158 807 332 863 quidem
375 809 421 851 in
467 808 784 851 exclamatione
834 807 1106 851 Huscnxms
1164 810 1249 851 iam
1299 811 1478 854 monuit.
1564 818 1709 867 Atque
1755 811 1862 856 haec

157 890 380 935 hactenus.
441 889 533 934 Sed
565 895 797 946 antequam
842 896 1102 948 pergamus,
1150 894 1471 949 praemonenda
1517 897 1719 939 nonnulla
1760 902 1860 940 suut

158 974 214 1017 de
253 974 420 1017 ratione
461 973 764 1031 descriptionis
806 976 1042 1031 sequentis.
1102 975 1300 1031 Egregie
1341 976 1547 1020 observat
1586 978 1858 1022 Huscmuus

155 1055 396 1099 felicitatis.
418 1055 620 1112 publicae
666 1065 886 1098 momenta
928 1056 1023 1099 tria
1068 1070 1200 1114 saepe
1245 1058 1360 1115 apud
1406 1063 1576 1102 veteres
1623 1061 1859 1116 scriptores

155 1138 362 1191 coniungi
396 1135 527 1190 haec,
548 1136 750 1196 frugum
781 1135 1058 1184 ubertatem,
1078 1137 1293 1196 feturam
1319 1155 1521 1199 gregum,
1551 1150 1860 1184 matronarum

143 1218 494 1277 fecunditatem.
565 1221 644 1264 Sic
684 1220 931 1266 Hssaonovr.
974 1223 1052 1277 ΙΙΙ,
1096 1228 1183 1268 65:
1247 1225 1344 1266 Καὶ
1386 1224 1530 1267 ταῦτα
1575 1227 1650 1275 μὲν
1693 1226 1859 1268 ποιεῦσι

149 1294 253 1350 ὑμῖν
281 1301 351 1357 γῆ
378 1317 437 1343 τε
467 1297 682 1360 καρπον
710 1304 938 1360 ἐκφέροι
967 1307 1064 1346 καὶ
1092 1309 1370 1359 γυναῖκές
1397 1324 1457 1350 τε
1489 1311 1586 1349 καὶ
1620 1317 1858 1358 ποῖμναι

148 1387 427 1435 τίκτοιεν,
456 1385 572 1428 ἐοῦσι
599 1387 641 1433 ἔς
670 1381 747 1426 τᾶν
774 1379 948 1429 ἅπαντα
973 1383 1132 1445 χρόνον
1162 1389 1450 1448 ἐλευθέροισι’
1482 1386 1544 1447 μή
1575 1387 1855 1439 ἀνασωσαμέ-

147 1479 259 1508 νοισι
297 1466 346 1508 δὲ
382 1462 465 1523 τήν
504 1463 643 1524 ἆρχήν
674 1491 731 1500 -—
759 1463 822 1510 τοὶ
849 1472 1022 1512 ἐναντία
1059 1466 1255 1520 τούτάσι
1296 1469 1478 1530 ἀρέομαι
1508 1468 1610 1523 ὑμῖν
1639 1476 1857 1525 γενέσθαι.

148 1549 322 1593 Laudat
361 1563 491 1607 porro
532 1553 784 1596 Aars'rorn.
827 1554 932 1598 Pac.
965 1558 1083 1598 1317
1112 1569 1234 1610 sqq„
1290 1557 1431 1599 Sopn.
1475 1557 1595 1598 Ossn.
1639 1556 1696 1597 R.
1741 1558 1861 1609 172,

146 1634 383 1677 Assscnrr..
446 1634 682 1680 Eumenid.v
731 1639 836 1681 905.
929 1638 1092 1683 Videas
1151 1638 1268 1683 idem
1325 1640 1370 1682 in
1426 1638 1623 1681 Hnsmnx
1683 1633 1855 1693 Ἔργοις

145 1722 238 1761 232
266 1733 360 1774 sqq.
432 1721 576 1776 Atque
621 1719 705 1765 boc
748 1735 864 1766 nunc
909 1723 1040 1767 etiam
1086 1723 1310 1767 Tibullum
1354 1723 1596 1767 videbimus
1641 1725 1854 1774 secutum,

147 1804 222 1859 qui
254 1805 438 1860 primum
463 1805 614 1860 fruges
642 1812 734 1850 seu'
754 1807 958 1851 Cererem
991 1811 1037 1851 et
1066 1807 1237 1861 vinum,
1269 1806 1428 1851 deinde
1456 1806 1708 1863 pecuarIam
1746 1817 1854 1859 rem,

146 1887 332 1942 denique
363 1901 595 1944 puerorum
625 1890 784 1933 laetum
813 1896 1072 1947 proventum
1098 1896 1421 1935 commemorat.
1484 1892 1714 1934 Postremo
1742 1887 1855 1932 hunc

144 1973 290 2016 locum
321 1973 483 2017 claudit
527 1974 821 2030 descriptione
862 1975 965 2018 festi
995 1977 1150 2019 ruralis
1183 1976 1379 2018 lautioris
1409 1977 1453 2018 in
1485 1973 1628 2018 herbis
1659 1973 1762 2016 acti.
1794 1995 1852 2004 —

53 2087 56 2090 »
142 2056 483 2110 Distendet‚
513 2057 733 2113 implebit,
764 2063 813 2100 ut
843 2058 986 2102 Vnae.
1022 2058 1190 2112 Georg.
1221 2057 1301 2110 IV,
1334 2059 1444 2100 164:
1479 2064 1524 2097 et
1554 2054 1728 2114 liquido
1759 2053 1854 2095 dis-

142 2138 336 2180 tendunt
373 2146 554 2181 nectare
594 2137 745 2181 cellas.
808 2137 935 2181 Conf.
970 2138 1222 2182 ΒυΒΜΑΝΝ.
1255 2137 1310 2181 ad
1345 2136 1518 2181 Anthol.
1550 2137 1649 2180 Lat.
1679 2136 1716 2190 1,
1750 2138 1851 2189 147,

70 2217 75 2220 ’
141 2221 299 2264 28.—
326 2219 469 2264 Porro
500 2220 738 2264 Oblitus
767 2224 954 2262 musto
984 2219 1274 2273 rusticus,
1302 2224 1456 2277 utpote
1487 2220 1653 2263 naviter
1682 2218 1854 2262 calcans

141 2313 341 2356 magnam
377 2303 562 2358 copiam.
592 2324 653 2335 —-
699 2303 863 2346 lacus
905 2302 1080 2345 fuerunt
1123 2316 1224 2345 vasa
1246 2293 1398 2359 'ampla
1429 2302 1637 2357 (Kaf'en)
1669 2306 1719 2344 ut
1748 2315 1854 2345 con-

141 2390 252 2438 stat,
293 2386 337 2428 in
377 2386 533 2441 quibus
577 2390 766 2430 mustum
801 2385 987 2443 primum
1021 2398 1277 2441 expressum
1317 2385 1635 2441 recipiebatur3
1683 2385 1854 2427 Dolia

142 2480 261 2522 vero,
291 2468 334 2511 in
365 2469 521 2523 quibus
552 2468 790 2513 ebulliebat
811 2473 1001 2512 mustum
1034 2473 1079 2511 et
1110 2467 1418 2511 defaecabatur
1442 2466 1691 2522 (Tonnen).
1724 2466 1852 2510 CA‘ro

142 2549 198 2593 de
228 2550 300 2593 Re
329 2550 458 2593 Rust.
491 2564 532 2593 c.
566 2553 679 2594 113:
725 2551 798 2593 De
839 2548 945 2592 lacu
993 2549 1322 2608 quamprImum
1366 2548 1520 2592 vinum
1550 2549 1598 2590 in
1632 2547 1752 2589 dolia
1781 2547 1853 2590 in·-

140 2630 249 2674 dito.
311 2633 424 2673 Post
456 2630 548 2673 dies
578 2633 669 2674 XL
701 2630 950 2688 diffundite
979 2632 1028 2673 in
1058 2631 1313 2689 amphoras.
1340 2656 1400 2665 -
1446 2633 1500 2677 V.
1525 2635 1585 2676 87
1607 2645 1702 2688 sqq.
1767 2633 1852 2676 Ae-

145 2713 262 2756 cedit
302 2713 358 2756 ad
397 2714 581 2757 alterum
621 2713 843 2758 felicitatis
873 2715 1077 2771 publicae
1109 2721 1389 2760 momentum.
1452 2717 1646 2760 Sensust
1696 2716 1854 2760 Flore-

146 2793 212 2837 bit
242 2795 373 2839 etiam
403 2808 475 2838 rea
504 2797 722 2852 pecuaria.
783 2796 875 2839 Sed
909 2810 990 2853 pro
1028 2795 1111 2840 hoc
1143 2798 1204 2840 ita
1234 2797 1367 2842 dicit:
1414 2799 1574 2842 Pastor
1606 2810 1709 2842 vero
1740 2799 1854 2842 laete

143 2879 356 2923 Palilia
397 2893 478 2924 sua
508 2881 748 2925 celebrabit
775 2893 856 2937 pro
886 2881 994 2924 flore
1023 2881 1088 2924 rei
1119 2882 1362 2937 pecuariae.
1425 2882 1534 2925 Acta
1565 2894 1668 2926 vero
1699 2880 1855 2925 Palilia

142 2960 185 3005 d.
214 2962 338 3005 XXI.
370 2964 474 3019 Apr.
546 2963 810 3006 Lustrabant
852 2976 1034 3018 gregem
1074 2978 1187 3019 aqua
1229 2978 1379 3021 sparsa
1414 2971 1458 3008 et
1500 2965 1648 3019 fumo,
1691 2965 1852 3009 offere-

144 3044 248 3087 bant
277 3045 372 3087 Pali
402 3044 532 3087 libam
561 3044 618 3088 de
647 3045 768 3088 milio
800 3049 848 3089 et
877 3046 1050 3101 signum
1081 3048 1176 3090 eius
1204 3049 1557 3105 conspergebant
1588 3049 1719 3103 lacte,
1751 3061 1852 3105 pre-

146 3133 296 3172 cantes
327 3133 376 3170 ut
404 3140 584 3183 gregem
618 3141 716 3172 cum
756 3130 968 3184 magistro
999 3135 1219 3184 servaret,
1267 3132 1394 3187 lupos
1438 3137 1659 3176 averteret
1689 3136 1734 3175 et
1768 3131 1850 3185 lac,

146 3226 347 3267 caseum,
393 3227 531 3269 agnos
575 3214 802 3269 lanamque
843 3215 967 3270 large
1018 3215 1214 3259 donaret.
1278 3217 1391 3259 Tum
1434 3218 1517 3273 ipsi
1558 3222 1755 3274 pastores
1787 3216 1853 3257 lac

150 3294 359 3339 bibebant
400 3301 446 3339 et
482 3309 660 3354 sapam,
706 3310 888 3353 vespere
920 3303 1066 3343 autem
1109 3300 1202 3355 poti
1234 3301 1533 3344 transiliebant
1563 3301 1749 3357 stipulae
1782 3311 1853 3340 ar-

150 3378 293 3423 dentis
323 3394 504 3425 acervos
533 3381 800 3425 lustrationis
829 3395 971 3426 causa.
1036 3381 1199 3426 Confer
1230 3382 1285 3426 de
1316 3382 1381 3426 his
1412 3383 1542 3426 rebus
1574 3383 1713 3425 Ovm.
1734 3380 1855 3423 Fast.
