2158 3750
320 293 417 339 106
705 283 1172 340 COMMENTAR.
1209 283 1285 336 IN
1321 283 1611 337 TIBULLI

315 439 537 490 posterum
572 429 886 483 felicissimam,
932 430 968 472 si
1014 429 1214 472 restituta
1245 426 1492 470 valetudine
1523 437 1624 468 rure
1656 436 1800 468 secer·
1834 425 1948 468 vivat
1980 427 2024 465 et

317 522 532 570 tamquam
564 512 735 555 domina
778 516 823 555 et
862 509 1184 554 materfamilias
1224 509 1366 552 omnia
1398 511 1525 562 regat
1555 512 1599 549 et
1639 510 1785 560 curet,
1827 506 2023 549 omnibus

317 599 502 656 praesit,
549 598 643 653 ipse
685 609 787 640 vero
827 594 930 639 nihil
961 596 1092 639 sitin
1122 600 1216 638 tota
1248 595 1391 638 domo.
1447 594 1581 648 ,Quae
1622 592 1695 646 qui
1726 591 1862 645 legit,
1910 605 2024 645 quo-

316 681 446 724 modo
492 680 670 723 credere
717 683 863 736 potest
904 680 975 722 alii
1020 680 1112 722 viro
1161 683 1336 735 nuptam
1386 674 1614 732 puellam?
1677 674 1740 716 Ac
1788 674 2022 715 Sronmus

318 763 490 818 quidem
524 776 578 806 eo
608 762 719 806 adeo
751 773 1010 818 progressus
1041 769 1122 815 est,
1153 765 1202 804 ut
1233 765 1408 817 poetam
1438 761 1481 803 in
1514 757 1834 801 matrimonium
1864 755 2024 799 ducere

318 844 506 887 voluisse
542 844 710 887 Deliam
752 856 808 886 ex
851 841 932 887 hoc
964 842 1063 887 loco
1095 840 1399 896 concluderet,
1443 842 1486 884 in
1533 853 1620 895 quo
1662 845 1805 882 tamen
1838 837 2022 892 fallitur3

318 926 444 970 liuius
482 928 595 971 enim
639 928 701 970 rei
741 927 905 971 nullum
954 931 1099 970 exstat
1144 927 1187 970 in
1230 930 1324 970 toto
1356 925 1545 968 carmine
1582 922 1813 978 vestigium
1843 914 2023 974 certum,

317 1010 395 1052 sed
427 1009 626 1054 Tibullus
654 1008 760 1052 illud
799 1013 965 1052 tantum
1008 1008 1248 1063 significat,
1295 1009 1431 1052 instar
1474 1008 1623 1072 uxoris
1666 1019 1714 1049 se
1755 1004 1914 1049 habere
1960 1005 2023 1047 ibi

317 1092 506 1135 voluisse
537 1093 667 1154 longe
706 1093 967 1136 carissimam
1008 1093 1210 1148 puellam.
1270 1091 1372 1135 Hoc
1401 1096 1548 1135 autem
1582 1089 1811 1147 perspicue
1844 1089 2012 1145 signifi-

320 1179 405 1218 cat.
466 1173 583 1217 Nihil
616 1175 752 1229 igitur
782 1174 947 1217 efficias
979 1174 1155 1228 dicens,
1187 1187 1298 1230 pace
1329 1174 1526 1229 coniugis
1559 1174 1727 1217 Deliam
1757 1185 1832 1216 rus
1862 1172 1927 1216 ire
1957 1174 2023 1216 in-

320 1255 492 1298 terdum
524 1257 718 1311 potuisse
749 1255 806 1299 ad
836 1255 1083 1308 Tibullum,
1131 1267 1261 1310 quem
1302 1255 1369 1298 vir
1411 1255 1495 1298 iste
1537 1256 1730 1308 noverit3
1775 1267 1876 1297 nam
1906 1255 2023 1298 nullo

318 1337 448 1380 modo
478 1339 622 1395 potuit
648 1343 782 1395 nupta
811 1338 856 1382 id
888 1337 1005 1394 quod
1036 1338 1237 1382 Tibullus
1267 1340 1311 1382 in
1342 1339 1486 1382 animo
1518 1336 1663 1391 habet,
1687 1337 1761 1394 qui
1791 1350 1876 1381 non
1901 1351 2026 1382 men-

319 1432 390 1462 ses
422 1433 611 1476 paucos,
659 1421 737 1465 sed
781 1426 916 1465 totam
959 1423 1090 1466 vitam
1135 1423 1342 1479 sperabat
1383 1435 1481 1466 cum
1512 1422 1648 1465 amica
1687 1420 1768 1466 hoc
1807 1421 1938 1465 modo
1977 1435 2024 1465 se

318 1510 647 1549 transactarum.
706 1505 830 1561 Ergo
867 1507 1006 1550 virum
1047 1519 1161 1550 nunc
1192 1507 1319 1550 Delia
1357 1518 1442 1550 non
1487 1503 1641 1558 habet,
1689 1509 1735 1548 et
1764 1505 1926 1547 nullum
1959 1509 2026 1548 est

319 1589 418 1632 talis
456 1591 644 1646 coniugii
689 1591 731 1634 in
777 1597 872 1635 toto
916 1593 1105 1636 carmine
1146 1592 1404 1647 vestigium,
1450 1590 1528 1634 sed
1576 1590 1720 1633 omnia
1765 1594 2025 1646 repugnant.

317 1673 377 1714 At
408 1671 591 1716 fortasse
621 1678 816 1716 mortuus
857 1679 924 1717 est
955 1686 1082 1729 quem
1113 1671 1286 1727 habuit,
1331 1678 1380 1715 ut
1421 1670 1694 1716 nihilominus
1725 1675 1825 1728 post
1855 1674 2024 1714 sextam

317 1755 481 1810 scripta
525 1768 622 1799 esse
669 1755 778 1800 haec
822 1757 971 1811 quinta
1012 1757 1218 1813 potuerit.
1278 1755 1460 1799 Minime
1504 1755 1660 1811 potuit.
1722 1753 1811 1800 Qui
1854 1756 2023 1796 attente

319 1837 516 1893 primam,
544 1838 792 1892 secundam,
822 1840 1008 1892 tertiam,
1045 1839 1238 1894 quintam
1271 1839 1456 1893 elegiam
1485 1836 1643 1891 legerit
1673 1839 1718 1879 et
1745 1846 2024 1891 comparave-

318 1920 377 1963 rit
406 1932 504 1963 cum
534 1924 683 1974 sexta,
730 1921 858 1963 facile
898 1922 1113 1986 intelliget
1143 1923 1274 1976 longe
1315 1921 1582 1973 molliorem,
1629 1917 1918 1976 pulchriorem
1955 1917 2024 1962 af-

321 2002 483 2046 fectum
514 2003 558 2046 in
588 2005 672 2046 illis
703 2016 889 2058 regnare
919 2017 1047 2059 quam
1078 2005 1122 2046 in
1152 2009 1304 2058 sexta,
1343 2017 1456 2060 quae
1497 2003 1608 2046 dura
1647 2003 1778 2046 verba
1820 2000 1951 2045 habet
1980 2009 2026 2046 et

320 2090 540 2128 extremos
571 2092 750 2128 conatus
782 2085 837 2128 ad
867 2085 996 2128 fidem
1027 2086 1258 2129 revocandi
1289 2087 1503 2143 puellam,
1537 2089 1586 2128 ut
1615 2085 1732 2129 illam
1765 2086 2025 2139 necessario,

321 2182 405 2212 non
438 2169 580 2222 aliam,
613 2169 806 2211 ultimam
831 2168 976 2211 dicere
1007 2166 1242 2211 debeamus
1268 2168 1471 2222 omnium,
1503 2180 1615 2222 quae
1642 2166 1793 2210 Deliae
1820 2167 2022 2224 scriptae.

320 2253 379 2295 At
420 2251 534 2294 enim
573 2251 774 2294 valedicit
815 2252 968 2294 Deliae
1005 2252 1049 2294 in
1089 2253 1174 2294 fine
1208 2251 1395 2306 quintae.
1458 2249 1626 2302 Audio,
1673 2254 1718 2291 et
1760 2249 1842 2291 nisi
1883 2248 2024 2304 fallor,

319 2333 426 2377 haec
455 2347 559 2377 vera
592 2346 721 2376 causa
752 2338 831 2387 est,
863 2346 996 2388 quare
1027 2334 1218 2376 Vossms
1247 2338 1292 2376 et
1318 2333 1568 2376 Passovms
1599 2340 1700 2389 post
1726 2337 1894 2376 sextam
1927 2346 2023 2376 eam

320 2418 548 2460 voluerunt
578 2417 796 2472 scriptam.
859 2417 950 2460 Sed
982 2417 1153 2473 decepti
1184 2422 1285 2460 sunt
1314 2416 1558 2460 manifesto.
1622 2417 1732 2459 Cum
1763 2416 1847 2459 alia
1877 2417 2024 2460 omnia

320 2502 556 2557 postulent,
587 2505 636 2542 ut
668 2510 767 2542 ante
800 2505 968 2543 sextam
1001 2515 1097 2544 eam
1131 2513 1352 2558 ponamus,
1384 2501 1527 2543 exitus
1554 2499 1709 2543 melius
1741 2499 2023 2555 explicandus

322 2587 414 2635 est,
446 2582 578 2637 idque
607 2582 818 2626 faciemus
848 2583 993 2638 paullo
1022 2588 1122 2639 post
1151 2583 1193 2624 iu
1225 2584 1311 2624 fine
1342 2581 1468 2625 huius
1492 2581 1835 2625 introductIonis.
1897 2583 2024 2628 Quae

321 2677 419 2707 cum
449 2665 511 2706 ita
541 2666 651 2718 sInt,
697 2651 849 2708 relicta
878 2667 1034 2710 Vossn
1066 2671 1110 2708 et
1140 2667 1355 2710 Passovu
1397 2666 1610 2708 sententia
1651 2677 1860 2720 ponamus
1890 2665 2022 2710 alium

323 2749 496 2790 omnino
525 2761 669 2791 rerum
700 2748 907 2792 ordinem.
968 2749 1037 2792 Ita
1067 2762 1171 2792 vero
1201 2749 1320 2792 dicot
1352 2749 1512 2792 Redux
1545 2748 1745 2791 Tibullus
1775 2762 1800 2792 e
1832 2748 2026 2804 Corcyra

323 2835 555 2872 auctumno
593 2843 690 2872 ann.
726 2832 828 2873 724.
868 2831 1058 2884 graviter
1089 2834 1389 2885 aegrotantem
1431 2831 1594 2873 invenit
1625 2831 1818 2885 Deliam,
1864 2837 1941 2876 aut
1970 2845 2023 2876 ea

323 2914 470 2969 paullo
501 2917 600 2968 post
629 2913 779 2955 incidit
806 2914 851 2956 in
881 2913 1103 2967 morbum,
1128 2915 1428 2970 praestititque
1457 2914 1656 2957 Tibullus
1682 2919 1774 2959 tum
1805 2927 1882 2969 ea,
1913 2929 2025 2971 quae

323 2996 367 3037 in
408 2994 490 3038 hoc
530 2995 717 3037 carmine
759 2993 932 3048 laudatf,
979 2996 1153 3038 auxilia.
1214 2996 1403 3040 Volebat
1431 2998 1591 3038 'autem
1633 3009 1746 3038 nunc
1785 2997 1928 3040 redire
1970 2998 2024 3041 ad

324 3081 527 3122 rusticam
558 3079 713 3131 vitam,
748 3079 876 3122 etiam
908 3081 1145 3134 gratiorem
1177 3079 1334 3123 factam
1364 3085 1465 3136 post
1497 3080 1600 3123 belli
1630 3079 1876 3132 molestias,
1918 3092 2021 3134 spe-

325 3163 558 3215 rabatque,
589 3162 626 3204 si
655 3162 992 3204 reconvaluisset
1016 3163 1184 3218 puella,
1217 3162 1310 3206 fore
1338 3167 1389 3205 ut
1421 3176 1474 3206 ea
1505 3161 1678 3204 tandem
1710 3173 1857 3204 secum
1888 3160 1948 3203 ibi
1980 3162 2022 3204 in

326 3248 545 3300 posterum
587 3244 770 3299 degeret
808 3246 941 3288 instar
973 3247 1134 3291 uxoris.
1195 3246 1320 3290 Haec
1350 3251 1494 3290 tamen
1526 3246 1608 3289 iam
1641 3246 1753 3287 inter
1783 3244 2020 3305 absentiam

324 3325 512 3379 Tibulli,
559 3330 607 3368 ut
638 3325 831 3381 videtur,
876 3328 1055 3371 aliorum
1098 3329 1320 3384 promissis
1363 3341 1511 3372 aurem
1553 3314 1763 3384 praebere
1802 3332 2017 3383 coeperat.

325 3408 573 3465 Receperat
603 3410 779 3466 quidem
808 3415 980 3468 poetam
1013 3416 1110 3468 post
1143 3410 1327 3455 reditum
1356 3415 1404 3454 ut
1435 3415 1557 3464 ante,
1591 3413 1844 3466 resurgente
1875 3409 2018 3465 priore
