2158 3750
653 263 837 316 LIBR.
872 264 941 315 II.
1010 263 1212 316 ELEG.
1245 265 1340 316 IV.
1730 269 1836 316 265

122 402 375 461 fontanas,
417 419 496 446 nec
523 402 690 463 pudet,
737 405 900 449 addere
929 420 1092 467 aquas.
1150 408 1265 452 Car.
1295 407 1351 451 de
1380 405 1452 450 Re
1481 406 1612 450 Rust.
1645 417 1687 453 c.
1715 407 1835 448 151:

131 485 489 545 Quotiescunque
519 503 632 545 opus
672 488 759 531 erit
791 487 948 547 facito
992 490 1065 532 uti
1100 504 1270 548 aquam
1301 488 1461 533 addas.
1491 510 1551 520 -
1577 485 1652 532 ’Ἄ
1684 489 1743 530 43
1774 499 1841 541 sq.

139 566 255 608 Seu
299 570 494 612 veniet
536 569 646 612 tibi
685 582 859 623 mors,
911 571 980 613 vel
1026 571 1065 613 si
1116 572 1286 625 veniet,
1339 571 1396 614 ef.
1426 571 1463 625 1,
1496 574 1541 624 6,
1570 573 1644 613 21.
1723 569 1843 612 Con-

133 649 347 692 iunctivns
384 650 539 693 veniat
578 652 785 708 probatus
827 654 992 697 Vossro
1036 658 1083 696 et
1122 653 1303 697 Bicmo
1345 667 1446 697 cum
1490 655 1756 696 Scsmessno
1797 655 1844 693 et

136 729 468 776 Bnoncmsm
498 733 727 777 manifesto
756 733 921 776 alienus
963 736 1054 786 est3
1096 746 1238 788 neque
1269 737 1382 778 enim
1413 735 1590 778 dubium
1621 738 1845 777 venturam

136 819 335 858 mortem.
364 838 422 847 —
451 828 554 859 nec
582 817 711 860 erit.
773 817 992 860 Graecum
1024 811 1125 858 οὔτε
1155 840 1214 848 —-
1244 813 1342 859 οὔτε
1373 819 1626 874 plerumque
1656 828 1735 872 per
1763 829 1843 859 nec

137 921 195 929 —
224 913 306 939 nec
333 899 587 954 exprimitur
612 903 663 942 nt
693 897 776 942 hoe
806 901 933 954 loeo,
961 913 1095 957 saepe
1126 901 1257 944 etiam
1288 913 1369 956 per
1397 915 1538 959 neque
1569 923 1629 932 —
1658 913 1764 946 nec,
1793 901 1845 942 ut

137 980 174 1034 1,
203 985 250 1035 2,
276 985 376 1035 80.,
418 994 518 1024 raro
563 981 749 1036 denique
789 995 870 1038 per
910 996 1052 1041 neque
1081 1005 1138 1014 —
1170 996 1326 1039 neque.
1363 1003 1424 1016 —
1471 982 1523 1024 in
1567 981 1847 1035 exequias

139 1060 182 1104 h.
205 1075 244 1105 e.
277 1062 333 1105 ad
362 1061 489 1105 funus
517 1062 777 1118 curandum,
815 1063 930 1119 quod
963 1068 1059 1109 erat
1085 1065 1346 1118 amantium,
1378 1063 1432 1107 cf.
1465 1065 1681 1108 TERENT.
1714 1063 1847 1109 Andr.

138 1144 175 1198 I,
207 1147 250 1198 1,
280 1148 355 1188 81.
416 1145 541 1188 Adde
568 1146 811 1189 Pnomsnw.
839 1145 900 1200 11,
932 1149 1003 1202 13,
1034 1149 1091 1190 21
1124 1160 1219 1202 sqq.
1261 1146 1340 1200 IV,
1370 1151 1414 1200 7,
1445 1149 1502 1189 31
1536 1159 1631 1201 sqq.
1693 1146 1849 1189 Atten-

140 1226 217 1269 dat
245 1226 431 1283 denique
460 1229 623 1282 lector,
654 1243 785 1284 quam
814 1229 927 1274 bene
957 1231 1087 1275 etiam
1114 1229 1222 1274 haec
1251 1231 1466 1275 sententia
1496 1231 1723 1273 conveniat
1750 1243 1849 1273 cum

139 1309 509 1354 antecedentibus».
569 1310 681 1355 Nam
721 1325 850 1357 avara
891 1317 941 1356 ut
982 1313 1128 1356 vivens
1170 1312 1326 1369 opibus
1365 1313 1456 1356 suis
1502 1313 1662 1369 privari
1705 1311 1852 1365 debet,

142 1392 204 1434 ita
244 1396 414 1435 mortua
455 1405 604 1436 carere
642 1394 894 1438 muneribus
924 1395 1161 1438 amicorum
1192 1399 1239 1437 et
1277 1395 1424 1437 efferri
1463 1396 1557 1437 sine
1591 1407 1751 1450 pompa
1780 1394 1854 1436 fu-

143 1474 281 1528 nebri,
310 1479 361 1518 ut
390 1476 517 1532 plane
545 1476 672 1532 inops
702 1481 748 1519 et
777 1489 932 1532 egena,
961 1476 1017 1519 ab
1048 1477 1247 1519 omnibus
1271 1476 1493 1519 destituta.
1512 1500 1572 1509 —
1603 1476 1659 1520 V.
1679 1477 1738 1518 45
1757 1489 1850 1530 sqq.

145 1559 215 1600 At
244 1557 413 1612 bona,
442 1563 489 1602 at
518 1571 660 1614 qnae
689 1558 855 1612 facilis,
884 1558 1097 1613 benigna,
1134 1570 1221 1600 non
1247 1571 1402 1614 aspera
1433 1562 1478 1600 et
1506 1557 1719 1613 superba,
1750 1569 1853 1599 nec

144 1653 316 1683 avara
356 1639 481 1684 fuit.
542 1641 611 1687 Cf.
645 1641 756 1685 infra
784 1642 844 1696 11,
874 1645 919 1696 6,
945 1644 1020 1686 44.
1051 1642 1236 1685 ΗοιιΑτ.
1267 1641 1346 1696 lv,
1378 1643 1420 1694 1,
1452 1643 1496 1683 1.
1558 1639 1760 1694 claudit,
1806 1645 1855 1682 ut

142 1721 282 1776 vides,
313 1726 449 1766 totam
479 1721 586 1767 hane
616 1727 786 1780 partem
815 1724 1093 1781 oppositione
1124 1724 1263 1767 bonae
1294 1724 1482 1780 puellae.
1508 1745 1568 1753 -—
1599 1722 1855 1765 flebitur

149 1810 281 1848 ante
328 1819 548 1862 rogum,
596 1807 654 1852 cf.
686 1808 892 1852 Carum..
921 1808 1134 1863 XXXIX,
1164 1811 1207 1852 4.
1267 1809 1562 1851 ardentem
1592 1820 1698 1850 vero
1730 1807 1859 1850 addi-

148 1891 240 1929 tum
271 1892 338 1930 est
366 1893 546 1944 propter
573 1894 824 1944 sequentem
852 1892 1137 1943 sententiam3
1176 1889 1485 1944 honorabitur,
1515 1891 1604 1944 ait,
1636 1895 1681 1933 et
1711 1891 1756 1932 in
1787 1889 1859 1932 fu-

146 1983 251 2012 nere
286 1976 331 2013 et
362 1976 462 2027 post
490 1971 618 2014 funus
649 1972 878 2026 quotannis
906 1976 1020 2014 stato
1051 1971 1136 2014 die.
1173 1994 1231 2003 —
1274 1972 1471 2014 Annua
1501 1976 1661 2014 serta
1698 1971 1862 2014 dabit

147 2053 395 2106 tumulo,
437 2053 635 2108 imponet
661 2053 829 2096 tumulo
860 2053 932 2096 die
971 2053 1104 2096 natali
1137 2057 1213 2095 aut
1241 2054 1419 2107 mortis,
1465 2054 1520 2097 cf.
1553 2054 1863 2100 KIRGHMANN.

149 2135 205 2178 de
234 2135 346 2178 Fun.
375 2135 506 2178 Rom.
537 2135 615 2189 IV,
649 2138 693 2178 3.
723 2135 959 2179 Kamous.
985 2134 1042 2178 ad
1070 2135 1272 2191 Propert.
1303 2135 1383 2189 111,
1419 2138 1489 2189 16,
1520 2140 1594 2179 23.
1625 2136 1773 2179 CERD.
1806 2137 1863 2180 ad

73 2237 78 2240 ·
149 2217 273 2272 Virg.
305 2219 412 2261 Aen.
443 2218 499 2271 V,
539 2220 613 2260 79.
667 2216 742 2269 Vl,
771 2219 877 2262 581.
925 2216 1087 2260 Noms.
1129 2216 1186 2258 ad
1227 2215 1468 2273 Cenotaph.
1513 2219 1661 2261 Pisan.
1699 2218 1782 2271 111,
1813 2222 1857 2261 6.

150 2299 278 2344 Adde
306 2299 362 2342 de
402 2297 485 2342 hoe
514 2297 747 2342 coronandi
776 2311 897 2341 more
927 2298 1125 2342 Lucum
1158 2297 1328 2353 Nigrin.
1362 2313 1402 2344 c.
1433 2303 1508 2341 30.
1542 2304 1588 2341 et
1617 2300 1772 2344 IAcoB.
1804 2300 1861 2343 ad

152 2383 335 2427 Lucian.
365 2381 600 2426 Alexandr.
630 2396 674 2438 p.
699 2385 772 2426 60.
832 2380 1019 2423 Fiebant
1048 2385 1194 2424 antem
1225 2394 1414 2424 coronae
1443 2387 1715 2426 mortuorum
1744 2383 1862 2440 apud

154 2473 325 2510 veteres
355 2479 412 2510 ex
444 2464 667 2509 frondibus
703 2469 750 2508 et
779 2463 958 2507 floribus
990 2463 1146 2518 variis,
1189 2477 1246 2508 ex
1275 2464 1429 2509 fronde
1460 2466 1690 2521 oleagina,
1722 2479 1867 2524 popu-

155 2550 252 2603 lea,
283 2563 340 2593 ex
369 2550 518 2602 lauro,
553 2547 733 2601 myrtis,
763 2547 888 2604 apio,
922 2559 978 2590 ex
1009 2546 1189 2590 floribus
1218 2551 1363 2590 autem
1394 2547 1710 2592 adhibebantur
1738 2563 1866 2594 rosae

158 2639 204 2678 et
233 2630 533 2686 amaranthus,
563 2629 693 2675 etiam
725 2631 814 2673 lilia
845 2635 891 2673 et
920 2629 1204 2684 hyacinthus3
1249 2631 1479 2674 sumebant
1509 2645 1567 2674 ex
1596 2630 1664 2675 his
1692 2633 1868 2687 generi-

156 2717 264 2770 bus,
308 2715 423 2771 quod
466 2714 535 2759 vel
574 2715 619 2758 in
659 2718 865 2771 promptu
901 2719 1018 2757 esset
1052 2715 1121 2757 vel
1165 2715 1323 2758 ceteris
1367 2715 1588 2759 videretur
1618 2718 1773 2772 aptius.
1805 2740 1867 2750 —

162 2804 529 2852 constructo,
583 2802 733 2842 erecto
783 2797 839 2840 ab
891 2811 945 2841 eo
994 2799 1036 2841 in
1081 2797 1290 2842 honorem
1341 2804 1538 2842 mortuae
1593 2813 1724 2857 super
1770 2814 1870 2845 ossa

162 2883 270 2925 eius.
298 2902 360 2916 —
403 2882 458 2926 V.
493 2883 571 2924 49.
604 2883 680 2924 60.
740 2878 859 2923 Nota
893 2877 1001 2922 haec
1031 2884 1226 2924 veterum
1259 2882 1440 2936 religio,
1479 2881 1534 2924 cf.
1570 2881 1777 2926 chmr.
1814 2882 1870 2927 de

162 2964 276 3007 Fun.
305 2962 385 3017 111,
420 2965 463 3006 9.
508 2967 555 3006 et
587 2961 685 3006 vide
726 2974 859 3018 supra
898 2962 953 3006 ad
995 2963 1031 3018 Ι,
1070 2966 1114 3018 4,
1145 2968 1219 3008 60.
1280 2978 1524 3009 securae
1565 2967 1756 3010 suaviter
1801 2980 1870 3023 pr.

165 3049 421 3106 pronomine
449 3045 547 3093 tibi,
574 3046 630 3090 cf.
662 3046 718 3090 ad
748 3046 808 3101 11,
840 3050 880 3101 1,
912 3050 987 3091 74.
1048 3049 1335 3092 Gonnssartrs
1366 3064 1550 3091 securae
1582 3064 1647 3107 pr.
1680 3051 1874 3106 genitivo

165 3130 321 3185 habet,
367 3142 622 3186 comparans
665 3128 804 3172 Ovm.
850 3129 1022 3171 Amorr.
1065 3129 1101 3182 1,
1132 3134 1176 3184 8,
1219 3134 1334 3175 108:
1382 3139 1436 3172 ut
1481 3146 1578 3173 mea
1627 3131 1873 3190 defunctae

167 3211 361 3254 molliter
395 3226 498 3254 ossa
529 3209 714 3257 cubent,
756 3209 830 3265 qui
860 3221 1010 3253 versus
1042 3209 1144 3254 nihil
1173 3213 1339 3269 probat.
1401 3214 1582 3258 Dativus
1617 3213 1686 3258 hic
1717 3228 1876 3260 nervo-

169 3296 284 3349 sior,
314 3300 610 3349 monstratque
641 3305 738 3336 eum
770 3292 975 3336 formula:
1007 3293 1078 3335 Sit
1107 3293 1192 3337 tibi
1220 3303 1346 3339 terra
1377 3296 1502 3340 levis.

289 3380 342 3423 V.
373 3377 538 3423 51-ad
571 3379 713 3422 finem·
773 3375 996 3422 Exitus.
1058 3379 1361 3424 Revoeans
1402 3394 1462 3424 se
1494 3384 1665 3436 poeta
1694 3378 1760 3420 ab
1793 3375 1878 3421 his
