2158 3750
677 245 860 297 LIBR.
897 246 963 297 ΙΙ.
1034 246 1238 300 ELEG.
1271 249 1364 299 ΙΙΙ.
1759 257 1860 304 235

165 389 325 433 Tibulli
350 388 510 432 dictum
537 392 585 432 ut
607 388 661 432 de
688 389 796 432 aliis.
858 387 1009 432 Habes
1037 389 1248 431 rationem
1282 389 1462 444 elegiae.
1484 392 1494 398 “
1524 390 1701 437 Quaero
1733 403 1859 444 nunc,

164 473 267 527 quid
302 472 380 516 hac
410 474 668 516 tractatione
699 474 942 527 argumenti
972 474 1029 516 sit
1059 474 1229 529 aptiu3‚
1259 473 1363 529 quid
1392 474 1503 522 insit
1522 474 1636 530 quod
1670 475 1858 518 alienum

161 556 255 598 inre
286 556 370 598 dici
401 557 574 612 possit?
635 557 786 599 Mirari
827 557 961 610 igitur
1002 557 1108 598 satis
1151 569 1235 598 non
1269 558 1586 620 possumssslui
1616 557 1776 599 factum
1807 558 1864 600 sit

162 644 211 681 ut
258 639 312 681 de
361 639 525 682 unitate
574 639 743 692 elegiae
789 638 1072 680 dubitaretur.
1152 639 1217 679 De
1262 618 1529 691 ScAnmmzo
1576 652 1661 681 non
1711 639 1865 690 dicam,

164 720 383 764 Hermus
414 726 561 763 autem
591 720 645 762 ad
680 733 722 763 v.
737 722 810 761 33.
842 718 1019 760 scribit:
1051 718 1303 771 „Dissident
1333 718 1449 762 haec·
1469 734 1646 776 prorsus
1677 735 1701 763 a
1732 735 1865 778 supe-

163 803 349 845 rioribus
391 803 615 846 sententiis
660 806 706 843 et
748 799 951 842 numeris,
1015 799 1156 841 Antea
1200 799 1255 842 de
1298 802 1442 856 puella
1477 803 1518 844 in
1562 816 1635 845 rus
1666 803 1869 859 abducta,

163 899 277 929 nunc
318 887 372 930 de
413 899 542 928 avara
583 886 728 939 agitur
768 887 814 926 et
843 883 898 924 ab
930 888 1125 925 amatore
1157 883 1290 925 divite
1323 885 1524 927 abducta.
1587 886 1687 928 Non
1719 889 1868 942 itaque

164 971 291 1012 unius
333 970 531 1012 carminis
577 973 720 1023 partes
766 979 862 1009 esse
905 968 1134 1023 potuere.“
1207 967 1307 1008 Non
1339 968 1540 1010 indicavit
1571 970 1648 1011 Vir
1679 982 1868 1012 summus

168 1051 383 1106 quomodo
415 1049 521 1092 haec
551 1050 633 1092 sibi
663 1054 920 1105 repugnent.
981 1050 1031 1092 Si
1063 1061 1208 1093 mores
1250 1050 1443 1093 diversos
1474 1052 1673 1094 Nemesis
1703 1055 1872 1108 putavit

166 1134 376 1187 exhiberi,
408 1147 493 1176 non
527 1137 594 1175 est
626 1132 707 1175 hoc
738 1133 914 1186 factum,
946 1146 1027 1176 nec
1058 1133 1173 1188 quod
1206 1134 1247 1175 in
1281 1135 1490 1189 principio
1520 1135 1708 1177 breviter
1741 1142 1872 1190 poeta

165 1217 278 1261 dixit
320 1217 410 1259 ruri
448 1216 587 1259 teneri
627 1217 841 1272 puellam,
887 1215 1044 1257 deinde
1086 1229 1192 1259 vero
1237 1216 1375 1258 innuit
1415 1221 1650 1259 amatorem
1693 1218 1870 1261 divitem

167 1315 264 1344 esse
305 1301 380 1356 qui
418 1300 671 1354 abduxerit,
716 1301 851 1343 ullam
890 1300 1175 1343 offensionem
1221 1298 1375 1353 habet,
1419 1300 1495 1342 sed
1538 1301 1648 1342 bene
1680 1305 1724 1342 et
1755 1306 1874 1344 recte

168 1391 235 1428 est
262 1386 504 1428 institutum
537 1389 582 1428 et
611 1384 774 1427 factum
802 1368 1049 1443 ¹seru-:entim
1080 1385 1280 1426 similiter
1310 1385 1352 1426 in
1385 1384 1521 1438 poesi,
1551 1383 1738 1438 fecitque
1770 1384 1874 1425 alias

167 1470 262 1524 ipse
306 1468 532 1522 Tibullus,
577 1473 627 1510 nt
671 1467 716 1510 in
757 1467 1066 1525 Explicatioue
1110 1468 1273 1511 monui.
1346 1467 1425 1510 Sin
1471 1467 1649 1509 ironiam
1698 1471 1742 1508 et
1783 1478 1876 1508 sar-

168 1564 357 1594 casmum
387 1553 431 1594 in
461 1550 605 1594 media
633 1555 764 1606 parte
785 1554 1040 1612 regnantem
1072 1562 1268 1607 pugnare
1300 1550 1520 1592 Hermus
1556 1548 1739 1591 credidit
1776 1561 1873 1590 cnm

169 1633 429 1687 reliquarum
470 1633 656 1690 partium
692 1611 1001 1709 tragffitaiponej
1022 1632 1154 1675 etiam
1192 1630 1274 1674 hoc
1307 1632 1495 1674 breviter
1526 1631 1805 1673 refutavimus
1834 1632 1876 1672 in

169 1717 473 1770 Annotatione‚
506 1721 551 1759 et
582 1717 743 1759 oblitus
772 1716 952 1779 eatsVir
981 1716 1189 1771 egregins
1217 1716 1349 1758 toties
1380 1716 1486 1757 alias
1518 1729 1543 1756 a
1574 1727 1622 1756 se
1656 1714 1872 1756 laudatam

169 1799 212 1841 in
244 1799 419 1842 Tibullo
450 1798 671 1855 pulchram
701 1799 958 1851 varietatem
989 1797 1241 1842 affectuum.
1303 1797 1470 1839 Tamen
1503 1795 1608 1838 haec
1638 1809 1709 1838 res
1740 1807 1877 1851 nuper

169 1883 373 1926 Vosswn
405 1896 459 1926 eo
493 1882 701 1926 audaciae
753 1881 960 1936 adduxit,
1001 1887 1051 1925 ut
1091 1883 1275 1939 primam
1306 1887 1350 1925 et
1385 1883 1555 1924 tertiam
1588 1885 1754 1938 partem
1786 1882 1877 1924 ele-

169 1965 267 2019 giae
297 1966 452 2008 iterum
483 1966 686 2009 continua
715 1967 830 2008 serie
861 1966 1149 2021 coniungeret
1180 1971 1229 2008 ut
1261 1967 1523 2017 Sestiana,
1555 1964 1741 2006 mediam
1772 1978 1876 2006 vero

168 2060 195 2088 a
228 2059 266 2089 v.
296 2050 354 2087 33
367 2050 476 2090 -’60.
507 2047 727 2094 οχίιιιεῐεῐ,
748 2051 796 2089 et
825 2045 943 2088 aliud
971 2059 1129 2089 novum
1161 2057 1347 2089 carmen·
1367 2059 1464 2089 esse
1496 2047 1768 2089 decerneret.
1829 2047 1879 2089 ln

170 2143 256 2185 quo
286 2135 462 2173 secutus
492 2135 560 2173 est
599 2130 820 2174 BAcmus.
884 2131 1003 2176 Quid
1041 2130 1210 2184 igitur?
1273 2131 1418 2173 Unum
1455 2143 1540 2172 non
1586 2133 1652 2171 est
1693 2141 1881 2182 carmen,

169 2215 286 2270 quod
317 2216 632 2273 oppositionem
663 2213 992 2272 pulcherrimam
1034 2213 1164 2257 habet
1194 2214 1413 2269 mythicae
1444 2215 1599 2257 aetatis
1631 2218 1675 2256 et
1707 2212 1882 2257 hodier—

170 2312 279 2353 nae,
323 2301 482 2343 amoris
517 2305 564 2342 et
602 2300 805 2343 avaritiae
846 2313 899 2342 ac
942 2300 1179 2342 luxuriae?
1258 2300 1522 2342 Divellamus
1567 2299 1702 2353 igitur
1750 2299 1881 2340 etiam

174 2395 345 2425 carmen
375 2381 499 2426 xlll.
531 2381 630 2424 libri
658 2381 737 2424 llI.
782 2381 898 2437 apud
930 2382 1270 2433 Pnormvrrmu,
1316 2381 1391 2423 ubi
1429 2382 1627 2423 similiter
1658 2381 1712 2424 de
1742 2381 1884 2423 avari-

175 2467 236 2510 tia
266 2466 472 2509 hodierna
506 2467 744 2522 puellarum
776 2465 936 2508 dicitur
979 2471 1025 2508 et
1065 2465 1120 2508 de
1150 2466 1426 2521 simplicitate
1460 2467 1601 2522 prisca
1632 2467 1884 2520 agrestium,

174 2556 307 2606 atque
338 2556 386 2593 ut
415 2551 671 2606 Propertius
703 2549 817 2592 unde
854 2562 979 2591 orsus
1013 2554 1080 2591 est
1110 2549 1152 2591 in
1187 2549 1426 2604 principio,
1473 2561 1527 2590 eo
1570 2550 1610 2590 in
1643 2549 1726 2591 fine
1758 2548 1885 2603 redit,

174 2633 239 2676 sic
269 2632 468 2696 Tibpllus
510 2632 565 2675 de
605 2630 792 2686 mythice
836 2636 980 2673 aetate
1029 2632 1071 2672 in
1115 2630 1326 2686 principio
1371 2631 1480 2673 dixit
1512 2636 1556 2674 et
1598 2632 1641 2674 in
1685 2633 1796 2685 fine,
1842 2632 1886 2674 in

174 2715 316 2759 medio
351 2721 495 2758 autem
541 2715 770 2758 collocavit
813 2716 953 2758 locum
997 2715 1275 2757 sarcasticum
1320 2714 1374 2756 de
1417 2713 1634 2756 hodiernis
1678 2714 1884 2756 moribus.

177 2800 301 2844 Quae
331 2799 512 2840 variatio
542 2797 793 2840 suavissima
824 2802 904 2850 est,
936 2810 1034 2839 cnm
1068 2800 1220 2837 contra
1251 2809 1306 2837 ex
1339 2797 1494 2839 Vossu
1527 2797 1696 2838 ratione
1728 2794 1884 2838 eodem

103 2909 110 2919 .
178 2893 315 2934 usque
345 2878 535 2922 themate
562 2892 641 2923 nos
671 2879 827 2934 fatiget
860 2885 1004 2935 poeta.
1067 2879 1157 2922 Sed
1188 2880 1291 2934 quid
1316 2880 1489 2922 multa?
1552 2878 1739 2933 Mythici
1771 2884 1890 2923 tem-

179 2964 296 3020 poris
326 2976 497 3006 amores
538 2967 768 3019 propterea
810 2963 911 3006 data
955 2978 1089 3020 opera
1131 2964 1460 3020 praedicantur,
1513 2964 1615 3017 quia
1651 2962 1885 3019 opponitur

180 3047 413 3091 hodiernae
445 3047 666 3103 pravitatis
697 3046 1000 3104 reprehensio,
1047 3048 1222 3105 dempta
1266 3063 1369 3092 vero
1412 3048 1491 3090 hac
1533 3048 1735 3104 opposita
1765 3051 1889 3104 parte

180 3134 308 3176 etiam
339 3138 581 3175 ceterarum
617 3145 758 3175 rerum
788 3133 852 3175 vis
879 3134 1107 3187 minuitur,
1151 3139 1196 3176 et
1227 3133 1530 3189 pessumdatur
1563 3133 1729 3187 elegia,
1772 3145 1886 3186 quae

182 3230 294 3259 nunc
336 3230 391 3260 ex
433 3217 613 3259 diversis
654 3222 756 3273 apte
797 3218 1036 3273 composita
1079 3218 1272 3273 partibus
1315 3220 1471 3275 placet.
1551 3218 1669 3260 Satis
1712 3217 1768 3260 de
1807 3216 1886 3259 his.

184 3300 340 3343 Restat
379 3314 510 3344 unum
549 3306 598 3343 ut
637 3314 852 3343 moneam.
917 3300 1085 3344 Etenim
1119 3315 1374 3357 quamquam
1409 3301 1766 3357 compositionem
1798 3299 1890 3341 ele-

186 3386 283 3439 giae
317 3386 489 3430 omuino
521 3387 742 3442 egregiam
774 3386 871 3429 dico
905 3391 947 3430 et
980 3398 1081 3430 vere
1114 3387 1342 3444 poeticam,
1375 3387 1518 3429 insunt
1552 3391 1694 3428 tamen
1725 3384 1891 3437 aliquot
