2158 3750
666 268 849 323 LIBR.
886 270 926 322 1.
1000 269 1199 324 ELEG.
1238 270 1307 323 V.
1342 271 1435 323 VI.
1791 278 1888 325 127

195 411 367 458 homine
398 414 604 470 loquitur,
633 415 678 459 iu
706 420 858 461 sextae
888 416 1058 472 elegiae
1083 416 1279 461 versibus
1308 420 1452 461 autem
1485 415 1542 460 de
1569 429 1620 461 se
1648 421 1693 461 et
1724 416 1779 462 de
1809 421 1897 463 suis

192 497 356 541 artibus
393 498 590 554 furtivi33
635 500 751 555 quod
794 500 1023 544 discrimen
1065 513 1151 544 nou
1192 513 1347 544 curans
1388 500 1569 545 Ovidius
1610 502 1740 545 etiam
1783 500 1897 545 hunc

190 594 361 626 versum
385 582 441 625 ad
466 582 631 626 Tibulli
654 588 770 627 artes
795 582 1015 636 transfert,
1043 584 1199 637 quibus
1229 582 1299 627 hic
1329 584 1416 627 alio
1446 589 1642 641 tempore
1666 583 1896 641 coniugem

191 666 343 709 Deliae
373 666 560 722 decepit.
619 665 754 711 Vides
784 665 842 709 de
868 671 1066 722 tempore
1094 667 1269 722 quintae
1298 668 1468 722 elegiae
1511 667 1614 711 nihil
1657 679 1683 712 e
1722 668 1799 711 tali
1837 669 1895 712 li·-

187 749 332 793 centia
361 748 478 792 effici
508 760 653 805 posse.
673 769 731 778 —
761 747 816 791 V.
835 751 896 790 75
916 761 982 802 sq.
1012 747 1270 791 furtivus
1298 761 1454 792 amor
1485 754 1577 803 est,
1605 762 1735 806 quem
1763 749 1897 794 Delia

188 836 234 875 et
259 835 448 874 tentator
470 841 607 873 novus
628 828 774 871 furtim
794 827 943 872 fovere
965 828 1167 872 videntur
1188 829 1325 873 inscio
1347 830 1551 887 amatore]
1563 833 1694 877 divite
1714 835 1815 878 isto.
1831 858 1892 867 —-

183 917 353 956 utere
392 911 487 955 scii.
527 910 876 967 opportunitate,
922 909 1040 965 quod
1066 921 1110 954 ve
1149 923 1282 954 sensu
1324 912 1410 955 loci
1455 914 1713 958 eliciendum
1744 920 1892 960 monet

182 995 466 1038 Huscmnus.
527 991 735 1036 Ceterum
764 991 821 1037 cf.
853 991 1016 1037 Tibull.
1045 991 1081 1047 Ι,
1108 995 1154 1048 8,
1184 995 1259 1039 48.
1287 994 1528 1039 ΡιιοΡΒιιτ.
1552 997 1590 1051 Ι,
1614 1001 1684 1052 13,
1707 1001 1780 1043 34.
1810 999 1894 1056 lv,

179 1079 225 1131 5,
247 1079 323 1120 58.
354 1075 572 1120 Tanna-r.
593 1076 777 1122 Pnonu.
802 1076 882 1131 111,
903 1079 948 1131 2,
971 1079 1045 1122 24.
1063 1100 1124 1111 --
1153 1090 1372 1134 quaeso
1402 1084 1471 1123 est
1497 1080 1764 1125 obsecrantis
1788 1097 1888 1129 cum
1953 1068 1958 1072 ¹

178 1159 341 1214 ironia,
384 1163 590 1204 monente
617 1159 1013 1204 Wmmssnmcmo.
1041 1182 1104 1193 —-
1143 1159 1199 1203 in
1240 1161 1466 1216 liquida
1498 1168 1594 1206 nat
1634 1164 1747 1207 tibi
1781 1166 1886 1209 lin-

178 1246 272 1286 ter
310 1254 464 1297 aqua.
524 1241 817 1287 Proverbialis
842 1242 1006 1286 locutio
1037 1255 1102 1299 pr.
1133 1242 1258 1287 adest
1289 1243 1367 1287 tibi
1397 1244 1597 1289 fortunae
1627 1249 1887 1303 opportuni-

177 1330 258 1369 tas.
304 1324 490 1369 Honsw.
529 1323 674 1381 Epist.
712 1324 749 1378 1,
794 1327 869 1379 18,
907 1328 985 1370 8².
1030 1330 1309 1382 comparante
1348 1327 1513 1370 Vossto
1555 1333 1601 1372 et
1641 1330 1885 1374 WUNDER-

175 1422 359 1453 memo:
407 1412 476 1452 Tu
515 1406 622 1451 dum
662 1415 749 1451 tua
778 1407 911 1452 navis
939 1406 989 1451 in
1021 1407 1119 1451 alto
1148 1416 1243 1463 est,
1288 1409 1371 1452 hoc
1400 1423 1486 1469 age
1514 1426 1569 1453 ne
1598 1420 1782 1454 mutata
1812 1429 1884 1455 re·-

175 1499 373 1535 trorsum
401 1500 448 1534 te
467 1491 604 1551 ferat
632 1504 769 1536 aura.
827 1493 924 1537 Nec
953 1492 1146 1537 abundat
1186 1494 1434 1548 liquida3
1482 1494 1736 1550 designatur
1765 1498 1879 1542 enim

176 1575 317 1620 facins
345 1580 393 1621 et
421 1576 652 1634 expeditus
679 1589 847 1622 cursus.
908 1577 1116 1622 Ceterum
1145 1578 1233 1624 vid.
1263 1577 1320 1622 ad
1350 1578 1386 1633 Ι,
1420 1581 1461 1633 1,
1491 1582 1564 1623 62.
1596 1601 1656 1612 -

763 2615 1282 2673 INTRODUCTIO.

157 2807 399 2883 vidimus
428 2810 650 2876 'rituum
688 2831 733 2874 in
771 2830 913 2886 elegia
941 2830 1132 2875 secunda
1164 2830 1351 2888 primum
1383 2834 1482 2887 post
1510 2831 1683 2888 nupti-s
1715 2831 1867 2877 Denuo

162 2926 274 2957 nova
303 2914 398 2958 eius
427 2914 574 2958 limina
603 2907 885 2967 tentanteh3'
909 2913 1219 2970 impetraverat
1249 2912 1407 2957 deinde
1436 2914 1551 2970 quod
1583 2915 1788 2971 cupiebat
1817 2921 1864 2959 et

160 3008 294 3053 saepe
322 2995 535 3040 admissus
570 2997 683 3040 clam
712 2995 892 3050 marito,
934 3000 986 3039 ut
1025 3008 1083 3039 ex
1112 2994 1195 3039 hoc
1225 2997 1416 3040 carmine
1455 2997 1675 3052 videmus,
1726 2997 1867 3044 fuerat

158 3080 426 3136 aliquamdiu
454 3082 574 3125 solus
603 3081 648 3124 in
679 3092 828 3125 amore
848 3082 1042 3138 puellae.
1101 3081 1269 3125 Deinde
1299 3094 1404 3125 vero
1434 3082 1624 3138 suspicio
1656 3086 1752 3125 orta
1779 3095 1862 3125 no-

156 3174 258 3206 vum
289 3163 469 3207 rivalem
497 3163 748 3219 irrepsisse,
790 3175 844 3207 ac
873 3176 972 3208 cum
1010 3169 1198 3219 negante
1228 3166 1330 3208 iicet
1361 3165 1487 3208 Delia
1517 3177 1588 3209 res
1618 3177 1703 3207 non
1732 3164 1862 3208 dubia

157 3245 400 3300 videretur,
430 3245 605 3301 scripsit
633 3243 743 3289 hanc
774 3245 957 3302 elegiam
986 3247 1208 3300 ultimum,
1242 3247 1281 3290 si
1309 3248 1405 3291 fieri
1434 3252 1607 3304 posset,
1644 3247 1698 3291 ad
1731 3248 1865 3291 casti-

159 3333 292 3372 tatem
324 3332 370 3372 et
398 3327 529 3373 fidem
557 3332 841 3372 revocaturus
866 3332 1070 3373 emtam.
1131 3329 1367 3375 Videamus
1397 3330 1575 3386 propius
1605 3329 1698 3373 eius
1723 3329 1858 3372 ratio-

159 3425 271 3457 nem.
332 3414 476 3470 Atque
506 3413 803 3459 exordium
830 3412 1006 3471 quidem
1043 3414 1262 3470 querelam
1306 3413 1448 3460 habet.
1511 3415 1700 3458 Accusat
1734 3417 1863 3469 poeta
