<?xml version="1.0" encoding="UTF-8"?>
<!DOCTYPE html PUBLIC "-//W3C//DTD XHTML 1.0 Transitional//EN"
    "http://www.w3.org/TR/xhtml1/DTD/xhtml1-transitional.dtd">
<html xmlns="http://www.w3.org/1999/xhtml" xml:lang="en" lang="en">
 <head>
  <title>
</title>
<meta http-equiv="Content-Type" content="text/html;charset=utf-8" />
  <meta name='ocr-system' content='tesseract 3.04.00' />
  <meta name='ocr-capabilities' content='ocr_page ocr_carea ocr_par ocr_line ocrx_word'/>
</head>
<body>
  <div class='ocr_page' id='page_1' title='image "./carminaexrecensi01tibuuoft_0063.png"; bbox 0 0 2086 3756; ppageno 0'>
   <div class='ocr_carea' id='block_1_1' title="bbox 823 242 1835 296">
    <p class='ocr_par' dir='ltr' id='par_1_1' title="bbox 823 242 1835 296">
     <span class='ocr_line' id='line_1_1' title="bbox 823 242 1835 296; baseline -0.001 -4"><span class='ocrx_word' id='word_1_1' title='bbox 823 242 1129 296; x_wconf 87' lang='lat' dir='ltr'><strong>TIBULLI.</strong></span> <span class='ocrx_word' id='word_1_2' title='bbox 1730 260 1789 293; x_wconf 73' lang='grc' dir='ltr'><strong>ιν</strong></span> <span class='ocrx_word' id='word_1_3' title='bbox 1798 261 1835 291; x_wconf 85' lang='grc' dir='ltr'><strong>ιι</strong></span> 
     </span>
    </p>
   </div>
   <div class='ocr_carea' id='block_1_2' title="bbox 50 385 1839 3422">
    <p class='ocr_par' dir='ltr' id='par_1_2' title="bbox 50 385 1839 3422">
     <span class='ocr_line' id='line_1_2' title="bbox 123 385 1833 466; baseline 0.001 -30"><span class='ocrx_word' id='word_1_4' title='bbox 123 387 270 436; x_wconf 81' lang='lat' dir='ltr'><strong>thum</strong></span> <span class='ocrx_word' id='word_1_5' title='bbox 323 385 711 455; x_wconf 86' lang='lat' dir='ltr'><strong>quodammodo</strong></span> <span class='ocrx_word' id='word_1_6' title='bbox 766 387 1010 456; x_wconf 85' lang='lat' dir='ltr'><strong>excipiat.</strong></span> <span class='ocrx_word' id='word_1_7' title='bbox 1097 385 1234 466; x_wconf 54' lang='lat' dir='ltr'>Qu</span> <span class='ocrx_word' id='word_1_8' title='bbox 1283 386 1384 440; x_wconf 89' lang='lat' dir='ltr'><strong>hoc</strong></span> <span class='ocrx_word' id='word_1_9' title='bbox 1438 404 1632 454; x_wconf 85' lang='lat' dir='ltr'>genus,</span> <span class='ocrx_word' id='word_1_10' title='bbox 1690 385 1833 455; x_wconf 89' lang='lat' dir='ltr'>quod</span> 
     </span>
     <span class='ocr_line' id='line_1_3' title="bbox 120 481 1835 553; baseline 0.001 -22"><span class='ocrx_word' id='word_1_11' title='bbox 120 482 299 547; x_wconf 88' lang='lat' dir='ltr'><strong>pueris</strong></span> <span class='ocrx_word' id='word_1_12' title='bbox 324 483 590 550; x_wconf 87' lang='lat' dir='ltr'><strong>scriptum,</strong></span> <span class='ocrx_word' id='word_1_13' title='bbox 627 481 835 534; x_wconf 83' lang='lat' dir='ltr'><strong>credam</strong></span> <span class='ocrx_word' id='word_1_14' title='bbox 870 502 1025 536; x_wconf 90' lang='lat' dir='ltr'>suum</span> <span class='ocrx_word' id='word_1_15' title='bbox 1061 485 1161 538; x_wconf 87' lang='lat' dir='ltr'><strong>sibi</strong></span> <span class='ocrx_word' id='word_1_16' title='bbox 1194 485 1471 553; x_wconf 86' lang='lat' dir='ltr'><strong>proprium</strong></span> <span class='ocrx_word' id='word_1_17' title='bbox 1503 501 1706 537; x_wconf 79' lang='lat' dir='ltr'><strong>molem</strong></span> <span class='ocrx_word' id='word_1_18' title='bbox 1739 485 1835 534; x_wconf 88' lang='lat' dir='ltr'><strong>ha-</strong></span> 
     </span>
     <span class='ocr_line' id='line_1_4' title="bbox 121 578 1835 653; baseline 0.001 -26"><span class='ocrx_word' id='word_1_19' title='bbox 121 578 326 643; x_wconf 85' lang='lat' dir='ltr'>buisse3</span> <span class='ocrx_word' id='word_1_20' title='bbox 361 589 444 646; x_wconf 41' lang='lat' dir='ltr'>‚ut</span> <span class='ocrx_word' id='word_1_21' title='bbox 487 578 754 629; x_wconf 87' lang='lat' dir='ltr'><strong>lasciviam</strong></span> <span class='ocrx_word' id='word_1_22' title='bbox 801 578 962 629; x_wconf 91' lang='lat' dir='ltr'><strong>habet</strong></span> <span class='ocrx_word' id='word_1_23' title='bbox 1010 581 1110 630; x_wconf 88' lang='lat' dir='ltr'><strong>sibi</strong></span> <span class='ocrx_word' id='word_1_24' title='bbox 1158 581 1429 653; x_wconf 67' lang='lat' dir='ltr'><strong>propriam</strong></span> <span class='ocrx_word' id='word_1_25' title='bbox 1442 618 1459 646; x_wconf 91' lang='lat'><strong>,</strong></span> <span class='ocrx_word' id='word_1_26' title='bbox 1510 597 1628 630; x_wconf 89' lang='lat' dir='ltr'><strong>cum</strong></span> <span class='ocrx_word' id='word_1_27' title='bbox 1676 580 1835 644; x_wconf 84' lang='lat' dir='ltr'>vulgo</span> 
     </span>
     <span class='ocr_line' id='line_1_5' title="bbox 121 616 1837 744; baseline -0.001 -20"><span class='ocrx_word' id='word_1_28' title='bbox 121 674 276 724; x_wconf 88' lang='lat' dir='ltr'>Musa</span> <span class='ocrx_word' id='word_1_29' title='bbox 311 616 507 724; x_wconf 80' lang='lat' dir='ltr'>Tibulli</span> <span class='ocrx_word' id='word_1_30' title='bbox 539 672 743 744; x_wconf 76' lang='lat' dir='ltr'><strong>pudica</strong></span> <span class='ocrx_word' id='word_1_31' title='bbox 765 673 859 740; x_wconf 92' lang='lat' dir='ltr'><strong>sit,</strong></span> <span class='ocrx_word' id='word_1_32' title='bbox 911 675 984 725; x_wconf 90' lang='lat' dir='ltr'><strong>sic</strong></span> <span class='ocrx_word' id='word_1_33' title='bbox 1035 677 1194 727; x_wconf 91' lang='lat' dir='ltr'><strong>etiam</strong></span> <span class='ocrx_word' id='word_1_34' title='bbox 1240 677 1323 728; x_wconf 89' lang='lat' dir='ltr'><strong>ira</strong></span> <span class='ocrx_word' id='word_1_35' title='bbox 1370 687 1423 728; x_wconf 89' lang='lat' dir='ltr'><strong>et</strong></span> <span class='ocrx_word' id='word_1_36' title='bbox 1470 674 1624 728; x_wconf 94' lang='lat' dir='ltr'><strong>dolor</strong></span> <span class='ocrx_word' id='word_1_37' title='bbox 1665 673 1837 727; x_wconf 82' lang='lat' dir='ltr'><strong>videri</strong></span> 
     </span>
     <span class='ocr_line' id='line_1_6' title="bbox 119 767 1835 838; baseline 0.001 -21"><span class='ocrx_word' id='word_1_38' title='bbox 119 778 290 835; x_wconf 87' lang='lat' dir='ltr'><strong>potest</strong></span> <span class='ocrx_word' id='word_1_39' title='bbox 331 767 417 817; x_wconf 80' lang='lat' dir='ltr'><strong>hic</strong></span> <span class='ocrx_word' id='word_1_40' title='bbox 465 777 573 818; x_wconf 85' lang='lat' dir='ltr'><strong>arte</strong></span> <span class='ocrx_word' id='word_1_41' title='bbox 617 768 979 835; x_wconf 85' lang='lat' dir='ltr'><strong>vehementior</strong></span> <span class='ocrx_word' id='word_1_42' title='bbox 1016 770 1082 820; x_wconf 92' lang='lat' dir='ltr'><strong>ab</strong></span> <span class='ocrx_word' id='word_1_43' title='bbox 1121 787 1184 820; x_wconf 93' lang='lat' dir='ltr'><strong>eo</strong></span> <span class='ocrx_word' id='word_1_44' title='bbox 1223 787 1502 837; x_wconf 83' lang='lat' dir='ltr'>expressus</span> <span class='ocrx_word' id='word_1_45' title='bbox 1541 786 1699 838; x_wconf 88' lang='lat' dir='ltr'><strong>quam</strong></span> <span class='ocrx_word' id='word_1_46' title='bbox 1733 784 1835 835; x_wconf 86' lang='lat' dir='ltr'><strong>pro</strong></span> 
     </span>
     <span class='ocr_line' id='line_1_7' title="bbox 119 864 1836 934; baseline 0.001 -19"><span class='ocrx_word' id='word_1_47' title='bbox 119 881 265 916; x_wconf 80' lang='lat' dir='ltr'><strong>vero·</strong></span> <span class='ocrx_word' id='word_1_48' title='bbox 332 866 507 933; x_wconf 82' lang='lat' dir='ltr'><strong>Atque</strong></span> <span class='ocrx_word' id='word_1_49' title='bbox 545 876 709 917; x_wconf 83' lang='lat' dir='ltr'><strong>artem</strong></span> <span class='ocrx_word' id='word_1_50' title='bbox 743 864 922 934; x_wconf 83' lang='lat' dir='ltr'><strong>prodit</strong></span> <span class='ocrx_word' id='word_1_51' title='bbox 958 865 1113 918; x_wconf 88' lang='lat' dir='ltr'><strong>etiam</strong></span> <span class='ocrx_word' id='word_1_52' title='bbox 1151 867 1406 932; x_wconf 78' lang='lat' dir='ltr'><strong>elegantia</strong></span> <span class='ocrx_word' id='word_1_53' title='bbox 1430 885 1617 933; x_wconf 86' lang='lat' dir='ltr'><strong>magna</strong></span> <span class='ocrx_word' id='word_1_54' title='bbox 1641 866 1836 917; x_wconf 88' lang='lat' dir='ltr'><strong>horum</strong></span> 
     </span>
     <span class='ocr_line' id='line_1_8' title="bbox 120 961 1836 1031; baseline -0.001 -19"><span class='ocrx_word' id='word_1_55' title='bbox 120 962 426 1014; x_wconf 80' lang='lat' dir='ltr'><strong>carminum.</strong></span> <span class='ocrx_word' id='word_1_56' title='bbox 493 962 697 1031; x_wconf 84' lang='lat' dir='ltr'>Nempe</span> <span class='ocrx_word' id='word_1_57' title='bbox 744 979 1036 1030; x_wconf 86' lang='lat' dir='ltr'><strong>puerorum</strong></span> <span class='ocrx_word' id='word_1_58' title='bbox 1084 978 1236 1014; x_wconf 91' lang='lat' dir='ltr'><strong>amor</strong></span> <span class='ocrx_word' id='word_1_59' title='bbox 1281 972 1563 1030; x_wconf 85' lang='lat' dir='ltr'><strong>postquam</strong></span> <span class='ocrx_word' id='word_1_60' title='bbox 1603 979 1631 1012; x_wconf 92' lang='lat' dir='ltr'>e</span> <span class='ocrx_word' id='word_1_61' title='bbox 1670 961 1836 1011; x_wconf 88' lang='lat' dir='ltr'><strong>Grae-</strong></span> 
     </span>
     <span class='ocr_line' id='line_1_9' title="bbox 120 1057 1835 1125; baseline 0 -17"><span class='ocrx_word' id='word_1_62' title='bbox 120 1058 198 1123; x_wconf 83' lang='lat' dir='ltr'><strong>cia</strong></span> <span class='ocrx_word' id='word_1_63' title='bbox 233 1057 301 1108; x_wconf 92' lang='lat' dir='ltr'><strong>ad</strong></span> <span class='ocrx_word' id='word_1_64' title='bbox 336 1058 604 1111; x_wconf 88' lang='lat' dir='ltr'><strong>Romanos</strong></span> <span class='ocrx_word' id='word_1_65' title='bbox 647 1060 928 1110; x_wconf 85' lang='lat' dir='ltr'><strong>translatus</strong></span> <span class='ocrx_word' id='word_1_66' title='bbox 975 1069 1113 1124; x_wconf 86' lang='lat' dir='ltr'><strong>erat,</strong></span> <span class='ocrx_word' id='word_1_67' title='bbox 1163 1058 1248 1109; x_wconf 91' lang='lat' dir='ltr'><strong>usi</strong></span> <span class='ocrx_word' id='word_1_68' title='bbox 1296 1058 1453 1110; x_wconf 86' lang='lat' dir='ltr'><strong>etiam</strong></span> <span class='ocrx_word' id='word_1_69' title='bbox 1501 1067 1687 1125; x_wconf 86' lang='lat' dir='ltr'><strong>poetae</strong></span> <span class='ocrx_word' id='word_1_70' title='bbox 1736 1059 1835 1108; x_wconf 86' lang='lat' dir='ltr'><strong>hac</strong></span> 
     </span>
     <span class='ocr_line' id='line_1_10' title="bbox 118 1154 1838 1222; baseline -0.001 -17"><span class='ocrx_word' id='word_1_71' title='bbox 118 1173 177 1206; x_wconf 91' lang='lat' dir='ltr'><strong>re</strong></span> <span class='ocrx_word' id='word_1_72' title='bbox 226 1166 350 1207; x_wconf 91' lang='lat' dir='ltr'>sunt</span> <span class='ocrx_word' id='word_1_73' title='bbox 397 1155 462 1207; x_wconf 90' lang='lat' dir='ltr'><strong>ad</strong></span> <span class='ocrx_word' id='word_1_74' title='bbox 511 1158 658 1207; x_wconf 90' lang='lat' dir='ltr'>lusus</span> <span class='ocrx_word' id='word_1_75' title='bbox 708 1158 966 1222; x_wconf 83' lang='lat' dir='ltr'>elegantes</span> <span class='ocrx_word' id='word_1_76' title='bbox 1013 1155 1218 1206; x_wconf 83' lang='lat' dir='ltr'>Musae.</span> <span class='ocrx_word' id='word_1_77' title='bbox 1295 1154 1453 1206; x_wconf 91' lang='lat' dir='ltr'><strong>Nunc</strong></span> <span class='ocrx_word' id='word_1_78' title='bbox 1501 1155 1711 1206; x_wconf 89' lang='lat' dir='ltr'><strong>immitis</strong></span> <span class='ocrx_word' id='word_1_79' title='bbox 1761 1164 1838 1205; x_wconf 82' lang='lat' dir='ltr'><strong>est</strong></span> 
     </span>
     <span class='ocr_line' id='line_1_11' title="bbox 118 1252 1835 1322; baseline -0.001 -19"><span class='ocrx_word' id='word_1_80' title='bbox 118 1253 383 1306; x_wconf 86' lang='lat' dir='ltr'><strong>formosus</strong></span> <span class='ocrx_word' id='word_1_81' title='bbox 411 1252 625 1322; x_wconf 84' lang='lat' dir='ltr'><strong>quidam</strong></span> <span class='ocrx_word' id='word_1_82' title='bbox 648 1271 784 1322; x_wconf 91' lang='lat' dir='ltr'><strong>puer</strong></span> <span class='ocrx_word' id='word_1_83' title='bbox 812 1254 1048 1319; x_wconf 89' lang='lat' dir='ltr'><strong>amatori,</strong></span> <span class='ocrx_word' id='word_1_84' title='bbox 1078 1271 1220 1303; x_wconf 88' lang='lat' dir='ltr'><strong>nunc</strong></span> <span class='ocrx_word' id='word_1_85' title='bbox 1245 1254 1311 1304; x_wconf 90' lang='lat' dir='ltr'><strong>ab</strong></span> <span class='ocrx_word' id='word_1_86' title='bbox 1335 1253 1439 1304; x_wconf 90' lang='lat' dir='ltr'><strong>alio</strong></span> <span class='ocrx_word' id='word_1_87' title='bbox 1464 1252 1835 1320; x_wconf 84' lang='lat' dir='ltr'><strong>corrumpitur,</strong></span> 
     </span>
     <span class='ocr_line' id='line_1_12' title="bbox 118 1340 1836 1415; baseline -0.001 -16"><span class='ocrx_word' id='word_1_88' title='bbox 118 1367 262 1401; x_wconf 91' lang='lat' dir='ltr'><strong>nunc</strong></span> <span class='ocrx_word' id='word_1_89' title='bbox 298 1369 330 1402; x_wconf 89' lang='lat' dir='ltr'><strong>a</strong></span> <span class='ocrx_word' id='word_1_90' title='bbox 364 1349 611 1401; x_wconf 89' lang='lat' dir='ltr'><strong>libertina</strong></span> <span class='ocrx_word' id='word_1_91' title='bbox 657 1340 909 1414; x_wconf 83' lang='lat' dir='ltr'><strong>allicitur,</strong></span> <span class='ocrx_word' id='word_1_92' title='bbox 958 1358 1071 1399; x_wconf 88' lang='lat' dir='ltr'><strong>tum</strong></span> <span class='ocrx_word' id='word_1_93' title='bbox 1117 1350 1343 1415; x_wconf 84' lang='lat' dir='ltr'>superbe</span> <span class='ocrx_word' id='word_1_94' title='bbox 1389 1348 1643 1412; x_wconf 88' lang='lat' dir='ltr'><strong>habetur,</strong></span> <span class='ocrx_word' id='word_1_95' title='bbox 1691 1358 1744 1398; x_wconf 91' lang='lat' dir='ltr'><strong>et</strong></span> <span class='ocrx_word' id='word_1_96' title='bbox 1791 1347 1836 1397; x_wconf 91' lang='lat' dir='ltr'><strong>si</strong></span> 
     </span>
     <span class='ocr_line' id='line_1_13' title="bbox 122 1444 1835 1514; baseline -0.003 -17"><span class='ocrx_word' id='word_1_97' title='bbox 122 1464 227 1514; x_wconf 85' lang='lat' dir='ltr'><strong>qua</strong></span> <span class='ocrx_word' id='word_1_98' title='bbox 263 1447 364 1498; x_wconf 87' lang='lat' dir='ltr'><strong>alia</strong></span> <span class='ocrx_word' id='word_1_99' title='bbox 396 1447 533 1497; x_wconf 85' lang='lat' dir='ltr'><strong>ratio</strong></span> <span class='ocrx_word' id='word_1_100' title='bbox 569 1455 816 1497; x_wconf 89' lang='lat' dir='ltr'><strong>ornatum</strong></span> <span class='ocrx_word' id='word_1_101' title='bbox 852 1444 1196 1496; x_wconf 70' lang='lat' dir='ltr'><strong>admittebat.⁴</strong></span> <span class='ocrx_word' id='word_1_102' title='bbox 1251 1445 1494 1495; x_wconf 88' lang='lat' dir='ltr'>Tibullus</span> <span class='ocrx_word' id='word_1_103' title='bbox 1509 1481 1525 1508; x_wconf 90' lang='lat'><strong>,</strong></span> <span class='ocrx_word' id='word_1_104' title='bbox 1573 1461 1674 1510; x_wconf 88' lang='lat' dir='ltr'><strong>pro</strong></span> <span class='ocrx_word' id='word_1_105' title='bbox 1712 1444 1835 1494; x_wconf 90' lang='lat' dir='ltr'><strong>sim-</strong></span> 
     </span>
     <span class='ocr_line' id='line_1_14' title="bbox 118 1540 1835 1609; baseline -0.001 -18"><span class='ocrx_word' id='word_1_106' title='bbox 118 1543 344 1609; x_wconf 89' lang='lat' dir='ltr'><strong>plicitate</strong></span> <span class='ocrx_word' id='word_1_107' title='bbox 392 1559 487 1592; x_wconf 89' lang='lat' dir='ltr'><strong>sua</strong></span> <span class='ocrx_word' id='word_1_108' title='bbox 535 1542 736 1592; x_wconf 88' lang='lat' dir='ltr'>alienus</span> <span class='ocrx_word' id='word_1_109' title='bbox 781 1541 826 1592; x_wconf 91' lang='lat' dir='ltr'><strong>si</strong></span> <span class='ocrx_word' id='word_1_110' title='bbox 862 1541 980 1608; x_wconf 82' lang='lat' dir='ltr'>quis</span> <span class='ocrx_word' id='word_1_111' title='bbox 1030 1540 1163 1592; x_wconf 91' lang='lat' dir='ltr'>alius</span> <span class='ocrx_word' id='word_1_112' title='bbox 1214 1542 1280 1591; x_wconf 88' lang='lat' dir='ltr'><strong>ab</strong></span> <span class='ocrx_word' id='word_1_113' title='bbox 1327 1541 1476 1591; x_wconf 87' lang='lat' dir='ltr'><strong>inani</strong></span> <span class='ocrx_word' id='word_1_114' title='bbox 1522 1541 1674 1603; x_wconf 89' lang='lat' dir='ltr'>lusu,</span> <span class='ocrx_word' id='word_1_115' title='bbox 1725 1556 1835 1590; x_wconf 85' lang='lat' dir='ltr'><strong>non</strong></span> 
     </span>
     <span class='ocr_line' id='line_1_15' title="bbox 117 1633 1837 1705; baseline -0.002 -18"><span class='ocrx_word' id='word_1_116' title='bbox 117 1637 289 1705; x_wconf 88' lang='lat' dir='ltr'><strong>potuit</strong></span> <span class='ocrx_word' id='word_1_117' title='bbox 332 1636 489 1704; x_wconf 87' lang='lat' dir='ltr'><strong>plane</strong></span> <span class='ocrx_word' id='word_1_118' title='bbox 536 1637 658 1687; x_wconf 90' lang='lat' dir='ltr'><strong>ficta</strong></span> <span class='ocrx_word' id='word_1_119' title='bbox 705 1646 998 1687; x_wconf 84' lang='lat' dir='ltr'><strong>commenta</strong></span> <span class='ocrx_word' id='word_1_120' title='bbox 1035 1652 1252 1700; x_wconf 90' lang='lat' dir='ltr'><strong>canere,</strong></span> <span class='ocrx_word' id='word_1_121' title='bbox 1302 1633 1393 1686; x_wconf 88' lang='lat' dir='ltr'>sed</span> <span class='ocrx_word' id='word_1_122' title='bbox 1432 1635 1624 1687; x_wconf 83' lang='lat' dir='ltr'><strong>amavit</strong></span> <span class='ocrx_word' id='word_1_123' title='bbox 1650 1633 1837 1685; x_wconf 72' lang='lat' dir='ltr'><strong>‘Mara-</strong></span> 
     </span>
     <span class='ocr_line' id='line_1_16' title="bbox 118 1729 1835 1795; baseline -0.003 -12"><span class='ocrx_word' id='word_1_124' title='bbox 118 1733 268 1783; x_wconf 90' lang='lat' dir='ltr'><strong>thum</strong></span> <span class='ocrx_word' id='word_1_125' title='bbox 303 1741 354 1782; x_wconf 92' lang='lat' dir='ltr'><strong>et</strong></span> <span class='ocrx_word' id='word_1_126' title='bbox 391 1732 583 1783; x_wconf 84' lang='lat' dir='ltr'><strong>amavit</strong></span> <span class='ocrx_word' id='word_1_127' title='bbox 624 1729 816 1795; x_wconf 83' lang='lat' dir='ltr'>calide,</span> <span class='ocrx_word' id='word_1_128' title='bbox 867 1739 928 1780; x_wconf 92' lang='lat' dir='ltr'>ut</span> <span class='ocrx_word' id='word_1_129' title='bbox 977 1740 1090 1780; x_wconf 87' lang='lat' dir='ltr'><strong>erat</strong></span> <span class='ocrx_word' id='word_1_130' title='bbox 1135 1730 1412 1795; x_wconf 87' lang='lat' dir='ltr'><strong>ingenium</strong></span> <span class='ocrx_word' id='word_1_131' title='bbox 1460 1745 1646 1794; x_wconf 83' lang='lat' dir='ltr'>suum3</span> <span class='ocrx_word' id='word_1_132' title='bbox 1715 1745 1835 1778; x_wconf 90' lang='lat' dir='ltr'><strong>cum</strong></span> 
     </span>
     <span class='ocr_line' id='line_1_17' title="bbox 118 1825 1837 1893; baseline -0.003 -13"><span class='ocrx_word' id='word_1_133' title='bbox 118 1839 293 1880; x_wconf 87' lang='lat' dir='ltr'><strong>tamen</strong></span> <span class='ocrx_word' id='word_1_134' title='bbox 329 1838 517 1879; x_wconf 88' lang='lat' dir='ltr'><strong>natura</strong></span> <span class='ocrx_word' id='word_1_135' title='bbox 551 1826 779 1878; x_wconf 83' lang='lat' dir='ltr'><strong>maxime</strong></span> <span class='ocrx_word' id='word_1_136' title='bbox 818 1825 885 1877; x_wconf 90' lang='lat' dir='ltr'><strong>ad</strong></span> <span class='ocrx_word' id='word_1_137' title='bbox 931 1827 1231 1893; x_wconf 87' lang='lat' dir='ltr'>puellarum</span> <span class='ocrx_word' id='word_1_138' title='bbox 1283 1842 1485 1876; x_wconf 85' lang='lat' dir='ltr'><strong>amores</strong></span> <span class='ocrx_word' id='word_1_139' title='bbox 1536 1825 1703 1875; x_wconf 86' lang='lat' dir='ltr'><strong>factus</strong></span> <span class='ocrx_word' id='word_1_140' title='bbox 1755 1840 1837 1874; x_wconf 90' lang='lat' dir='ltr'>es-</span> 
     </span>
     <span class='ocr_line' id='line_1_18' title="bbox 119 1918 1836 1987; baseline -0.004 -13"><span class='ocrx_word' id='word_1_141' title='bbox 119 1934 224 1987; x_wconf 80' lang='lat' dir='ltr'><strong>set,</strong></span> <span class='ocrx_word' id='word_1_142' title='bbox 271 1923 490 1975; x_wconf 84' lang='lat' dir='ltr'><strong>fortasse</strong></span> <span class='ocrx_word' id='word_1_143' title='bbox 536 1932 647 1973; x_wconf 89' lang='lat' dir='ltr'><strong>arte</strong></span> <span class='ocrx_word' id='word_1_144' title='bbox 695 1922 898 1972; x_wconf 91' lang='lat' dir='ltr'><strong>colores</strong></span> <span class='ocrx_word' id='word_1_145' title='bbox 933 1922 1112 1987; x_wconf 88' lang='lat' dir='ltr'>paullo</span> <span class='ocrx_word' id='word_1_146' title='bbox 1149 1919 1395 1970; x_wconf 86' lang='lat' dir='ltr'><strong>fortiores</strong></span> <span class='ocrx_word' id='word_1_147' title='bbox 1430 1919 1590 1972; x_wconf 59' lang='lat' dir='ltr'><strong>illati:</strong></span> <span class='ocrx_word' id='word_1_148' title='bbox 1661 1918 1836 1985; x_wconf 88' lang='lat' dir='ltr'>Atque</span> 
     </span>
     <span class='ocr_line' id='line_1_19' title="bbox 118 2011 1836 2086; baseline -0.003 -18"><span class='ocrx_word' id='word_1_149' title='bbox 118 2019 247 2070; x_wconf 86' lang='lat' dir='ltr'><strong>haec</strong></span> <span class='ocrx_word' id='word_1_150' title='bbox 283 2017 495 2086; x_wconf 86' lang='lat' dir='ltr'><strong>quidem</strong></span> <span class='ocrx_word' id='word_1_151' title='bbox 531 2015 596 2068; x_wconf 91' lang='lat' dir='ltr'>de</span> <span class='ocrx_word' id='word_1_152' title='bbox 628 2017 726 2067; x_wconf 85' lang='lat' dir='ltr'><strong>his.</strong></span> <span class='ocrx_word' id='word_1_153' title='bbox 795 2018 1074 2068; x_wconf 87' lang='lat' dir='ltr'><strong>Praeterea</strong></span> <span class='ocrx_word' id='word_1_154' title='bbox 1107 2025 1342 2079; x_wconf 84' lang='lat' dir='ltr'><strong>exstant,</strong></span> <span class='ocrx_word' id='word_1_155' title='bbox 1377 2024 1439 2064; x_wconf 84' lang='lat' dir='ltr'>ut</span> <span class='ocrx_word' id='word_1_156' title='bbox 1474 2031 1572 2080; x_wconf 92' lang='lat' dir='ltr'><strong>par</strong></span> <span class='ocrx_word' id='word_1_157' title='bbox 1610 2011 1836 2076; x_wconf 48' lang='lat' dir='ltr'><strong>est„hic</strong></span> 
     </span>
     <span class='ocr_line' id='line_1_20' title="bbox 50 2108 1837 2176; baseline -0.003 -12"><span class='ocrx_word' id='word_1_158' title='bbox 50 2128 53 2131; x_wconf 55' lang='lat'><em>⁴</em></span> <span class='ocrx_word' id='word_1_159' title='bbox 118 2112 224 2163; x_wconf 86' lang='lat' dir='ltr'><strong>illic</strong></span> <span class='ocrx_word' id='word_1_160' title='bbox 260 2113 416 2164; x_wconf 89' lang='lat' dir='ltr'><strong>etiam</strong></span> <span class='ocrx_word' id='word_1_161' title='bbox 456 2111 513 2163; x_wconf 87' lang='lat' dir='ltr'><strong>in</strong></span> <span class='ocrx_word' id='word_1_162' title='bbox 552 2110 1089 2163; x_wconf 79' lang='lat' dir='ltr'><strong>ceteris-carminibus</strong></span> <span class='ocrx_word' id='word_1_163' title='bbox 1127 2108 1343 2160; x_wconf 89' lang='lat' dir='ltr'><strong>artificia</strong></span> <span class='ocrx_word' id='word_1_164' title='bbox 1377 2110 1583 2176; x_wconf 85' lang='lat' dir='ltr'><strong>poetica</strong></span> <span class='ocrx_word' id='word_1_165' title='bbox 1621 2118 1671 2159; x_wconf 86' lang='lat' dir='ltr'><strong>et</strong></span> <span class='ocrx_word' id='word_1_166' title='bbox 1706 2108 1837 2173; x_wconf 87' lang='lat' dir='ltr'>figu-</span> 
     </span>
     <span class='ocr_line' id='line_1_21' title="bbox 70 2203 1838 2276; baseline -0.005 -15"><span class='ocrx_word' id='word_1_167' title='bbox 70 2258 74 2261; x_wconf 86' lang='lat'>.</span> <span class='ocrx_word' id='word_1_168' title='bbox 119 2227 210 2260; x_wconf 89' lang='lat' dir='ltr'><strong>rae</strong></span> <span class='ocrx_word' id='word_1_169' title='bbox 246 2207 468 2273; x_wconf 89' lang='lat' dir='ltr'><strong>dicendi,</strong></span> <span class='ocrx_word' id='word_1_170' title='bbox 505 2225 636 2276; x_wconf 80' lang='lat' dir='ltr'>quas</span> <span class='ocrx_word' id='word_1_171' title='bbox 671 2223 782 2258; x_wconf 89' lang='lat' dir='ltr'><strong>non</strong></span> <span class='ocrx_word' id='word_1_172' title='bbox 820 2205 1026 2258; x_wconf 85' lang='lat' dir='ltr'>dubites</span> <span class='ocrx_word' id='word_1_173' title='bbox 1064 2203 1239 2256; x_wconf 87' lang='lat' dir='ltr'><strong>dedita</strong></span> <span class='ocrx_word' id='word_1_174' title='bbox 1276 2221 1439 2271; x_wconf 88' lang='lat' dir='ltr'><strong>opera</strong></span> <span class='ocrx_word' id='word_1_175' title='bbox 1473 2204 1687 2270; x_wconf 82' lang='lat' dir='ltr'><strong>positaS,</strong></span> <span class='ocrx_word' id='word_1_176' title='bbox 1725 2219 1838 2252; x_wconf 89' lang='lat' dir='ltr'><strong>non</strong></span> 
     </span>
     <span class='ocr_line' id='line_1_22' title="bbox 120 2296 1839 2364; baseline -0.005 -9"><span class='ocrx_word' id='word_1_177' title='bbox 120 2315 295 2356; x_wconf 86' lang='lat' dir='ltr'><strong>tamen</strong></span> <span class='ocrx_word' id='word_1_178' title='bbox 329 2303 532 2355; x_wconf 84' lang='lat' dir='ltr'>lusibus</span> <span class='ocrx_word' id='word_1_179' title='bbox 570 2301 762 2352; x_wconf 80' lang='lat' dir='ltr'><strong>iocosis</strong></span> <span class='ocrx_word' id='word_1_180' title='bbox 795 2300 1081 2364; x_wconf 83' lang='lat' dir='ltr'><strong>inservire,</strong></span> <span class='ocrx_word' id='word_1_181' title='bbox 1118 2297 1212 2348; x_wconf 88' lang='lat' dir='ltr'>sed</span> <span class='ocrx_word' id='word_1_182' title='bbox 1248 2299 1384 2349; x_wconf 88' lang='lat' dir='ltr'><strong>serio</strong></span> <span class='ocrx_word' id='word_1_183' title='bbox 1424 2299 1616 2348; x_wconf 83' lang='lat' dir='ltr'><strong>affectu</strong></span> <span class='ocrx_word' id='word_1_184' title='bbox 1650 2296 1839 2346; x_wconf 86' lang='lat' dir='ltr'><strong>inferri</strong></span> 
     </span>
     <span class='ocr_line' id='line_1_23' title="bbox 123 2392 1836 2465; baseline -0.004 -15"><span class='ocrx_word' id='word_1_185' title='bbox 123 2408 174 2450; x_wconf 88' lang='lat' dir='ltr'><strong>et</strong></span> <span class='ocrx_word' id='word_1_186' title='bbox 209 2416 419 2465; x_wconf 82' lang='lat' dir='ltr'><strong>gravem</strong></span> <span class='ocrx_word' id='word_1_187' title='bbox 453 2415 665 2448; x_wconf 85' lang='lat' dir='ltr'>sensum</span> <span class='ocrx_word' id='word_1_188' title='bbox 709 2398 980 2448; x_wconf 87' lang='lat' dir='ltr'><strong>continere</strong></span> <span class='ocrx_word' id='word_1_189' title='bbox 1027 2395 1224 2448; x_wconf 74' lang='lat' dir='ltr'><strong>videaS.</strong></span> <span class='ocrx_word' id='word_1_190' title='bbox 1312 2392 1586 2457; x_wconf 83' lang='lat' dir='ltr'>Quaedam</span> <span class='ocrx_word' id='word_1_191' title='bbox 1637 2411 1705 2444; x_wconf 89' lang='lat' dir='ltr'><strong>ex</strong></span> <span class='ocrx_word' id='word_1_192' title='bbox 1751 2394 1836 2444; x_wconf 83' lang='lat' dir='ltr'><strong>his</strong></span> 
     </span>
     <span class='ocr_line' id='line_1_24' title="bbox 121 2489 1836 2559; baseline -0.002 -17"><span class='ocrx_word' id='word_1_193' title='bbox 121 2493 292 2543; x_wconf 83' lang='lat' dir='ltr'><strong>statim</strong></span> <span class='ocrx_word' id='word_1_194' title='bbox 325 2493 383 2542; x_wconf 89' lang='lat' dir='ltr'><strong>in</strong></span> <span class='ocrx_word' id='word_1_195' title='bbox 430 2492 671 2559; x_wconf 84' lang='lat' dir='ltr'>sequenti</span> <span class='ocrx_word' id='word_1_196' title='bbox 719 2492 887 2558; x_wconf 89' lang='lat' dir='ltr'><strong>capite</strong></span> <span class='ocrx_word' id='word_1_197' title='bbox 939 2489 1315 2553; x_wconf 87' lang='lat' dir='ltr'><strong>considerabO,</strong></span> <span class='ocrx_word' id='word_1_198' title='bbox 1367 2490 1466 2540; x_wconf 89' lang='lat' dir='ltr'><strong>alia</strong></span> <span class='ocrx_word' id='word_1_199' title='bbox 1515 2490 1627 2540; x_wconf 88' lang='lat' dir='ltr'><strong>aliis</strong></span> <span class='ocrx_word' id='word_1_200' title='bbox 1675 2489 1836 2555; x_wconf 76' lang='lat' dir='ltr'><strong>locis3</strong></span> 
     </span>
     <span class='ocr_line' id='line_1_25' title="bbox 121 2582 1836 2638; baseline -0.002 -1"><span class='ocrx_word' id='word_1_201' title='bbox 121 2586 188 2637; x_wconf 87' lang='lat' dir='ltr'><strong>ad</strong></span> <span class='ocrx_word' id='word_1_202' title='bbox 223 2587 523 2638; x_wconf 87' lang='lat' dir='ltr'><strong>universam</strong></span> <span class='ocrx_word' id='word_1_203' title='bbox 559 2595 734 2636; x_wconf 89' lang='lat' dir='ltr'><strong>autem</strong></span> <span class='ocrx_word' id='word_1_204' title='bbox 769 2587 1133 2636; x_wconf 72' lang='lat' dir='ltr'><strong>tractationem</strong></span> <span class='ocrx_word' id='word_1_205' title='bbox 1162 2601 1343 2634; x_wconf 89' lang='lat' dir='ltr'><strong>rerum</strong></span> <span class='ocrx_word' id='word_1_206' title='bbox 1372 2584 1505 2634; x_wconf 84' lang='lat' dir='ltr'><strong>nihil</strong></span> <span class='ocrx_word' id='word_1_207' title='bbox 1531 2582 1836 2634; x_wconf 89' lang='lat' dir='ltr'><strong>huiusmodi</strong></span> 
     </span>
     <span class='ocr_line' id='line_1_26' title="bbox 119 2679 1836 2750; baseline -0.002 -17"><span class='ocrx_word' id='word_1_208' title='bbox 119 2683 363 2750; x_wconf 86' lang='lat' dir='ltr'><strong>pertinet,</strong></span> <span class='ocrx_word' id='word_1_209' title='bbox 397 2692 458 2732; x_wconf 90' lang='lat' dir='ltr'>ut</span> <span class='ocrx_word' id='word_1_210' title='bbox 491 2682 660 2749; x_wconf 81' lang='lat' dir='ltr'><strong>possis</strong></span> <span class='ocrx_word' id='word_1_211' title='bbox 697 2682 834 2733; x_wconf 87' lang='lat' dir='ltr'><strong>male</strong></span> <span class='ocrx_word' id='word_1_212' title='bbox 867 2681 1128 2732; x_wconf 89' lang='lat' dir='ltr'><strong>intellecta</strong></span> <span class='ocrx_word' id='word_1_213' title='bbox 1162 2699 1221 2732; x_wconf 92' lang='lat' dir='ltr'><strong>re</strong></span> <span class='ocrx_word' id='word_1_214' title='bbox 1261 2682 1406 2731; x_wconf 89' lang='lat' dir='ltr'><strong>abuti</strong></span> <span class='ocrx_word' id='word_1_215' title='bbox 1442 2679 1510 2731; x_wconf 88' lang='lat' dir='ltr'><strong>ad</strong></span> <span class='ocrx_word' id='word_1_216' title='bbox 1541 2681 1641 2739; x_wconf 77' lang='lat' dir='ltr'><strong>alia</strong></span> <span class='ocrx_word' id='word_1_217' title='bbox 1671 2682 1836 2731; x_wconf 89' lang='lat' dir='ltr'><strong>multa</strong></span> 
     </span>
     <span class='ocr_line' id='line_1_27' title="bbox 95 2774 1834 2848; baseline -0.003 -16"><span class='ocrx_word' id='word_1_218' title='bbox 95 2774 267 2832; x_wconf 53' lang='lat' dir='ltr'>&#39;secus</span> <span class='ocrx_word' id='word_1_219' title='bbox 303 2778 716 2848; x_wconf 84' lang='lat' dir='ltr'><strong>interpretanda.</strong></span> <span class='ocrx_word' id='word_1_220' title='bbox 792 2780 1067 2830; x_wconf 89' lang='lat' dir='ltr'><strong>Postremo</strong></span> <span class='ocrx_word' id='word_1_221' title='bbox 1097 2778 1201 2829; x_wconf 91' lang='lat' dir='ltr'><strong>ioci</strong></span> <span class='ocrx_word' id='word_1_222' title='bbox 1228 2777 1431 2828; x_wconf 90' lang='lat' dir='ltr'><strong>ironica</strong></span> <span class='ocrx_word' id='word_1_223' title='bbox 1459 2777 1693 2828; x_wconf 86' lang='lat' dir='ltr'>hilaritas</span> <span class='ocrx_word' id='word_1_224' title='bbox 1724 2795 1834 2829; x_wconf 90' lang='lat' dir='ltr'><strong>non</strong></span> 
     </span>
     <span class='ocr_line' id='line_1_28' title="bbox 123 2874 1834 2946; baseline -0.001 -19"><span class='ocrx_word' id='word_1_225' title='bbox 123 2879 269 2929; x_wconf 84' lang='lat' dir='ltr'>abest</span> <span class='ocrx_word' id='word_1_226' title='bbox 303 2876 515 2946; x_wconf 88' lang='lat' dir='ltr'><strong>quidem</strong></span> <span class='ocrx_word' id='word_1_227' title='bbox 552 2895 583 2928; x_wconf 91' lang='lat' dir='ltr'><strong>a</strong></span> <span class='ocrx_word' id='word_1_228' title='bbox 618 2876 850 2942; x_wconf 83' lang='lat' dir='ltr'><strong>Tibullo,</strong></span> <span class='ocrx_word' id='word_1_229' title='bbox 887 2874 980 2927; x_wconf 84' lang='lat' dir='ltr'>sed</span> <span class='ocrx_word' id='word_1_230' title='bbox 1017 2876 1231 2926; x_wconf 90' lang='lat' dir='ltr'><strong>nonnisi</strong></span> <span class='ocrx_word' id='word_1_231' title='bbox 1266 2876 1323 2926; x_wconf 90' lang='lat' dir='ltr'><strong>in</strong></span> <span class='ocrx_word' id='word_1_232' title='bbox 1362 2875 1577 2941; x_wconf 87' lang='lat' dir='ltr'>singulis</span> <span class='ocrx_word' id='word_1_233' title='bbox 1616 2875 1834 2943; x_wconf 88' lang='lat' dir='ltr'>quibus-</span> 
     </span>
     <span class='ocr_line' id='line_1_29' title="bbox 122 2970 1834 3039; baseline -0.001 -16"><span class='ocrx_word' id='word_1_234' title='bbox 122 2971 242 3023; x_wconf 85' lang='lat' dir='ltr'><strong>dam</strong></span> <span class='ocrx_word' id='word_1_235' title='bbox 273 2972 400 3024; x_wconf 83' lang='lat' dir='ltr'><strong>locis</strong></span> <span class='ocrx_word' id='word_1_236' title='bbox 435 2972 730 3039; x_wconf 85' lang='lat' dir='ltr'><strong>reperitur,</strong></span> <span class='ocrx_word' id='word_1_237' title='bbox 764 2970 930 3024; x_wconf 77' lang='lat' dir='ltr'>veluti</span> <span class='ocrx_word' id='word_1_238' title='bbox 964 2972 1006 3036; x_wconf 95' lang='grc' dir='ltr'><strong>Ι,</strong></span> <span class='ocrx_word' id='word_1_239' title='bbox 1046 2977 1094 3035; x_wconf 89' lang='grc'><strong>8,</strong></span> <span class='ocrx_word' id='word_1_240' title='bbox 1135 2975 1197 3021; x_wconf 91' lang='grc'><strong>71</strong></span> <span class='ocrx_word' id='word_1_241' title='bbox 1241 2986 1358 3038; x_wconf 84' lang='lat' dir='ltr'>sqq.</span> <span class='ocrx_word' id='word_1_242' title='bbox 1395 2971 1461 3035; x_wconf 93' lang='grc' dir='ltr'><strong>ΙΙ,</strong></span> <span class='ocrx_word' id='word_1_243' title='bbox 1503 2974 1549 3035; x_wconf 93' lang='grc'><strong>1,</strong></span> <span class='ocrx_word' id='word_1_244' title='bbox 1589 2975 1674 3021; x_wconf 89' lang='lat'><strong>61.</strong></span> <span class='ocrx_word' id='word_1_245' title='bbox 1686 3008 1701 3035; x_wconf 95' lang='lat'><strong>,</strong></span> <span class='ocrx_word' id='word_1_246' title='bbox 1738 2988 1834 3021; x_wconf 91' lang='lat' dir='ltr'><strong>nec</strong></span> 
     </span>
     <span class='ocr_line' id='line_1_30' title="bbox 122 3060 1834 3134; baseline -0.002 -17"><span class='ocrx_word' id='word_1_247' title='bbox 122 3067 321 3132; x_wconf 82' lang='lat' dir='ltr'><strong>multis;</strong></span> <span class='ocrx_word' id='word_1_248' title='bbox 355 3083 468 3118; x_wconf 89' lang='lat' dir='ltr'><strong>non</strong></span> <span class='ocrx_word' id='word_1_249' title='bbox 502 3065 712 3134; x_wconf 90' lang='lat' dir='ltr'><strong>reperio</strong></span> <span class='ocrx_word' id='word_1_250' title='bbox 750 3064 897 3134; x_wconf 83' lang='lat' dir='ltr'>quod</span> <span class='ocrx_word' id='word_1_251' title='bbox 931 3060 1223 3116; x_wconf 57' lang='lat' dir='ltr'>Paldamus&#39;</span> <span class='ocrx_word' id='word_1_252' title='bbox 1247 3066 1286 3130; x_wconf 97' lang='lat' dir='ltr'><strong>I,</strong></span> <span class='ocrx_word' id='word_1_253' title='bbox 1325 3070 1375 3129; x_wconf 90' lang='grc'><strong>2,</strong></span> <span class='ocrx_word' id='word_1_254' title='bbox 1415 3068 1502 3117; x_wconf 85' lang='grc'><strong>55.</strong></span> <span class='ocrx_word' id='word_1_255' title='bbox 1543 3068 1591 3129; x_wconf 92' lang='grc'><strong>6,</strong></span> <span class='ocrx_word' id='word_1_256' title='bbox 1625 3064 1713 3116; x_wconf 84' lang='grc'><strong>47.</strong></span> <span class='ocrx_word' id='word_1_257' title='bbox 1746 3068 1834 3115; x_wconf 89' lang='grc'><strong>56.</strong></span> 
     </span>
     <span class='ocr_line' id='line_1_31' title="bbox 121 3160 1833 3230; baseline -0.003 -17"><span class='ocrx_word' id='word_1_258' title='bbox 121 3163 296 3229; x_wconf 89' lang='lat' dir='ltr'>Vulgo</span> <span class='ocrx_word' id='word_1_259' title='bbox 344 3162 480 3215; x_wconf 82' lang='lat' dir='ltr'><strong>seria</strong></span> <span class='ocrx_word' id='word_1_260' title='bbox 531 3172 643 3213; x_wconf 91' lang='lat' dir='ltr'><strong>tota</strong></span> <span class='ocrx_word' id='word_1_261' title='bbox 688 3165 819 3214; x_wconf 89' lang='lat' dir='ltr'><strong>haec</strong></span> <span class='ocrx_word' id='word_1_262' title='bbox 869 3162 1061 3230; x_wconf 84' lang='lat' dir='ltr'><strong>poesis.</strong></span> <span class='ocrx_word' id='word_1_263' title='bbox 1157 3162 1233 3212; x_wconf 89' lang='lat' dir='ltr'><strong>Ac</strong></span> <span class='ocrx_word' id='word_1_264' title='bbox 1281 3160 1504 3212; x_wconf 87' lang='lat' dir='ltr'>Vossius</span> <span class='ocrx_word' id='word_1_265' title='bbox 1556 3177 1833 3227; x_wconf 84' lang='lat' dir='ltr'><strong>perperam</strong></span> 
     </span>
     <span class='ocr_line' id='line_1_32' title="bbox 123 3256 1834 3326; baseline -0.005 -16"><span class='ocrx_word' id='word_1_266' title='bbox 123 3263 242 3310; x_wconf 84' lang='lat' dir='ltr'><strong>laxa</strong></span> <span class='ocrx_word' id='word_1_267' title='bbox 293 3260 722 3326; x_wconf 84' lang='lat' dir='ltr'><strong>interpretatione</strong></span> <span class='ocrx_word' id='word_1_268' title='bbox 774 3259 939 3311; x_wconf 88' lang='lat' dir='ltr'><strong>multa</strong></span> <span class='ocrx_word' id='word_1_269' title='bbox 989 3257 1056 3309; x_wconf 87' lang='lat' dir='ltr'><strong>ad</strong></span> <span class='ocrx_word' id='word_1_270' title='bbox 1104 3259 1246 3310; x_wconf 87' lang='lat' dir='ltr'>leves</span> <span class='ocrx_word' id='word_1_271' title='bbox 1295 3256 1574 3308; x_wconf 78' lang='lat' dir='ltr'><strong>sententias</strong></span> <span class='ocrx_word' id='word_1_272' title='bbox 1623 3262 1834 3305; x_wconf 86' lang='lat' dir='ltr'><strong>revocat</strong></span> 
     </span>
     <span class='ocr_line' id='line_1_33' title="bbox 124 3329 1833 3422; baseline -0.003 -20"><span class='ocrx_word' id='word_1_273' title='bbox 124 3355 180 3403; x_wconf 83' lang='lat' dir='ltr'><strong>in</strong></span> <span class='ocrx_word' id='word_1_274' title='bbox 216 3353 297 3403; x_wconf 85' lang='lat' dir='ltr'><strong>his</strong></span> <span class='ocrx_word' id='word_1_275' title='bbox 335 3354 664 3417; x_wconf 86' lang='lat' dir='ltr'><strong>carminibus,</strong></span> <span class='ocrx_word' id='word_1_276' title='bbox 701 3372 767 3404; x_wconf 90' lang='lat' dir='ltr'><strong>ne</strong></span> <span class='ocrx_word' id='word_1_277' title='bbox 808 3351 937 3422; x_wconf 87' lang='lat' dir='ltr'>quid</span> <span class='ocrx_word' id='word_1_278' title='bbox 972 3329 1179 3420; x_wconf 79' lang='lat' dir='ltr'><strong>gravius</strong></span> <span class='ocrx_word' id='word_1_279' title='bbox 1206 3350 1434 3416; x_wconf 84' lang='lat' dir='ltr'><strong>dicatur3</strong></span> <span class='ocrx_word' id='word_1_280' title='bbox 1473 3361 1530 3401; x_wconf 87' lang='lat' dir='ltr'>tu</span> <span class='ocrx_word' id='word_1_281' title='bbox 1559 3365 1685 3403; x_wconf 86' lang='lat' dir='ltr'><strong>vero</strong></span> <span class='ocrx_word' id='word_1_282' title='bbox 1716 3365 1833 3398; x_wconf 87' lang='lat' dir='ltr'><strong>cum</strong></span> 
     </span>
    </p>
   </div>
  </div>
 </body>
</html>
