2086 3756
915 203 1223 258 TlBULLI.
1288 185 1290 187 .
1705 219 1898 253 chxm

197 348 428 412 bullum,
475 347 577 399 nisi
611 348 751 400 hunc
785 349 960 400 locum
995 349 1182 400 afferas
1220 347 1269 410 Ι,
1306 351 1367 410 8,
1403 349 1491 396 36.
1527 345 1642 394 dum
1674 353 1819 394 tumet
1852 354 1896 394 et

191 451 369 492 teneros
415 446 609 492 conserit
657 459 802 508 usque
846 446 997 504 sr'nuS,
1050 443 1104 492 h.
1132 459 1178 492 e.
1217 439 1344 492 dum
1385 439 1553 492 teneri
1598 439 1708 489 eius
1749 438 1893 503 sinus

192 546 341 599 sunt,
377 534 501 586 dum
537 546 744 586 teneros
780 535 925 585 sinus
960 536 1146 597 habet,
1183 551 1317 603 quos
1353 534 1532 599 iungat
1563 542 1760 592 tecum,
1801 531 1894 581 ubi

191 641 364 680 tamen
411 647 519 680 non
562 639 669 679 tam
714 644 903 678 ornare
950 630 1119 680 voluit
1164 640 1347 694 poeta,
1402 645 1558 696 quam
1602 625 1894 694 pleniorem

189 721 614 786 significationem
679 721 968 772 sententiae
1038 719 1179 771 dare.
1225 748 1298 758 —
1386 723 1535 773 Aliud
1590 719 1895 775 huiusmodi

188 815 392 864 schema
430 823 508 866 est
543 813 770 866 nominis
803 814 1012 880 proprii
1048 813 1411 880 amplificatio,
1453 815 1511 865 in
1549 815 1699 881 poesi
1735 814 1897 881 epica,

186 910 404 973 tragica,
459 908 624 982 lpica
664 908 960 960 sublimiori
1005 925 1253 974 magnum
1299 907 1632 976 splendorem
1677 911 1895 973 habenS,

187 1011 246 1054 ut
277 1000 453 1072 μένος
487 993 841 1069 Ἀλκινόοιο,
886 1000 1271 1063 Πολυνείκους
1305 1001 1411 1074 βία
1422 1042 1442 1067 ,
1483 1005 1694 1055 violentia
1733 1005 1895 1067 Turni,

183 1101 326 1149 virtus
371 1097 589 1160 Catoni-⁹,
646 1098 912 1149 Herculeus
958 1098 1123 1161 labor,
1177 1095 1286 1150 vid.
1331 1097 1549 1149 Monck.
1598 1096 1663 1148 ad
1711 1097 1897 1164 Eurip.

183 1191 403 1259 Hippol,
439 1210 494 1259 Ρ.
515 1196 603 1244 99.
673 1191 967 1244 Adhibetur
1008 1208 1138 1245 vero
1181 1193 1283 1243 hoc
1326 1190 1601 1244 artificium
1642 1192 1798 1243 etiam
1837 1193 1895 1243 in

182 1285 389 1354 reliqua
435 1285 584 1354 poesi
629 1286 853 1354 passim,
926 1287 993 1336 cf.
1033 1286 1196 1354 Vulp.
1245 1284 1312 1337 ad
1356 1287 1555 1339 Tibull.
1599 1288 1653 1353 Ι,
1688 1293 1750 1352 2,
1792 1293 1893 1351 11.,

183 1381 357 1430 minus
398 1390 575 1430 tamen
617 1390 836 1447 propter
880 1389 1153 1445 ornatum,
1202 1398 1360 1448 quam
1400 1383 1686 1433 sententiae
1723 1398 1894 1434 causa.

183 1473 357 1541 Atque
403 1474 478 1524 ita
520 1472 673 1525 etiam
719 1473 884 1539 elegia
919 1482 1090 1525 mutat
1132 1474 1394 1540 eleganter
1437 1474 1792 1542 praedicatum
1836 1476 1893 1525 in

182 1568 477 1619 subiectum
510 1584 612 1635 pro
647 1568 861 1618 nomine
900 1578 989 1619 aut
1023 1569 1366 1635 pronomine,
1415 1579 1477 1620 ut
1514 1571 1747 1621 dementia
1781 1589 1890 1621 mea

181 1679 266 1728 pr.
297 1679 390 1728 ego
406 1699 420 1725 ,
470 1662 663 1712 Tantali
697 1666 796 1712 είτιὶς
831 1679 915 1729 pr.
949 1661 1175 1713 Tantalo
1221 1663 1456 1728 sitiente,
1505 1683 1639 1716 error
1672 1665 1894 1715 Herculis

164 1756 374 1823 fleverat
419 1771 501 1823 pr.
541 1756 769 1807 Hercule
823 1765 1059 1820 errante,
1118 1766 1170 1807 et
1221 1773 1356 1824 quae
1407 1769 1530 1808 sunt
1577 1758 1696 1808 alia.
1786 1757 1892 1809 Sed

182 1851 337 1904 etiam
386 1852 544 1903 huius
597 1852 799 1903 formae
855 1851 1099 1903 Tibullus
1155 1869 1324 1919 pauca
1377 1862 1582 1904 tantum
1639 1853 1892 1920 simplicia

179 1948 421 2015 exempla
455 1946 642 2012 habet,
675 1944 796 1999 vide
835 1944 902 1997 ad
938 1947 980 2011 I,
1009 1951 1061 2011 2,
1093 1949 1201 2012 11.,
1240 1965 1346 2015 qua
1381 1947 1647 2016 Propertii
1679 1949 1891 1999 mollior

178 2041 351 2111 poesis
386 2061 541 2112 saepe
561 2042 881 2096 'suavissime
914 2043 1097 2095 utitur.
1165 2043 1250 2094 Ex
1277 2043 1533 2113 Lygdami
1570 2045 1887 2097 carminibus

178 2154 391 2204 appono
427 2138 521 2202 111,
549 2143 600 2202 2,
632 2141 717 2189 13.
752 2139 859 2188 ‘Sed
887 2142 1039 2188 veniat
1073 2155 1223 2189 carae
1254 2143 1421 2190 m'atn's
1455 2143 1683 2190 comitata
1714 2141 1890 2203 dolore,

179 2239 233 2282 et
266 2230 365 2295 III,
396 2235 454 2295 3,
491 2236 541 2281 8.
578 2235 716 2299 inque
753 2241 835 2301 tuo
869 2232 1064 2282 caderet
1096 2241 1259 2282 nostra
1293 2243 1479 2283 senecta
1519 2237 1638 2284 sinu.
1708 2234 1889 2284 Altera

178 2340 308 2376 vero
333 2325 505 2375 forma
530 2324 736 2390 elegans
763 2325 1169 2392 compositionis,
1205 2327 1298 2376 ubi
1326 2324 1635 2378 adiectivum
1661 2327 1889 2379 nominis

176 2417 234 2468 in
261 2418 546 2484 genitivum
580 2418 893 2471 substantivi
920 2427 1179 2483 mutatur,
1217 2429 1274 2469 ut
1304 2421 1480 2470 lumina
1503 2419 1695 2486 fastuS,
1729 2423 1890 2473 littora

162 2510 296 2578 sati,
350 2515 509 2575 iurgia
556 2515 804 2577 saevitiae,
869 2512 936 2563 ab
986 2512 1223 2563 oratione
1270 2513 1469 2564 Tibulli
1518 2516 1676 2581 plane
1728 2516 1888 2580 abest,

174 2605 222 2659 si
265 2605 460 2674 excipis
502 2605 850 2658 locutionem:
903 2608 1054 2658 ubera
1094 2610 1231 2658 lactis
1271 2609 1324 2672 I,
1360 2613 1420 2671 3,
1453 2609 1541 2660 46.
1583 2627 1667 2677 pr.
1702 2611 1885 2674 lactea,

172 2711 459 2770 usurpatur
503 2718 661 2768 vero,
715 2711 776 2754 ut
817 2701 970 2753 facile
1019 2702 1292 2767 coniicias,
1350 2722 1381 2754 a
1425 2703 1726 2772 Propertio.
1809 2707 1887 2757 Ac

174 2797 294 2866 quis
342 2813 454 2849 non
495 2797 647 2849 novit
693 2813 809 2848 eam
854 2813 974 2847 cum
1023 2794 1233 2847 aliunde
1283 2807 1422 2861 tum,
1488 2808 1548 2849 ut
1592 2799 1696 2852 hoc
1743 2817 1886 2851 nunc

174 2889 390 2955 addam,
442 2907 513 2943 ex
561 2887 772 2943 Ossiani
817 2890 1165 2955 carminibus,
1216 2892 1311 2942 ubi
1342 2892 1683 2947 Ahlwardtus
1721 2892 1785 2946 de
1824 2913 1886 2946 ea

172 2985 305 3037 dixit
340 2985 397 3036 in
426 2985 653 3037 Praefat.
685 2982 752 3036 ad
782 2985 1041 3037 Translat.
1073 2985 1251 3038 Germ.
1291 3005 1347 3054 Ρ.
1365 3004 1477 3039 xx1.
1546 2991 1721 3058 Atque
1756 2991 1884 3042 haec

172 3077 385 3148 quidem
426 3079 491 3131 de
528 3080 630 3131 his.
659 3105 733 3119 --
803 3078 939 3132 Cum
974 3081 1172 3150 denique
1209 3090 1420 3148 praeter
1456 3099 1545 3148 ea,
1597 3101 1733 3152 quae
1773 3103 1884 3136 me-

171 3173 515 3238 moravimus,
563 3174 718 3224 etiam
754 3173 885 3226 aliae
920 3176 1116 3227 multae
1164 3174 1270 3227 sint
1314 3175 1372 3226 in
1410 3178 1559 3244 poesi
1602 3179 1884 3230 substanti-

171 3283 390 3332 vorum,
440 3266 844 3334 adiectivorum,
893 3270 1178 3323 verborum
1223 3285 1322 3336 per
1369 3270 1882 3323 circumlocutionem
