2158 3750
317 261 380 306 06
708 251 1173 308 COMMENTAR.
1210 255 1286 308 IN
1324 257 1611 311 TIBULLI

321 399 461 441 dinem
494 399 727 441 faustorum
759 409 1059 452 responsorum
1091 403 1135 442 et
1166 401 1355 443 ominum
1387 401 1644 456 respicitur,
1671 401 1826 457 quibus
1856 401 2010 446 nihilo-

323 482 458 524 minus
489 492 574 523 non
615 479 742 534 plane
782 477 1037 523 confidebat.
1099 481 1164 523 Ac
1209 483 1469 538 pertinaciae
1513 485 1675 539 optime
1720 486 1850 529 etiam
1893 501 2010 527 nun-

322 577 454 620 quam
497 562 710 605 convenit.
741 584 801 595 -
847 563 1191 620 respiceret,
1238 578 1335 608 eum
1379 566 1463 608 iam
1509 567 1728 622 ingressus
1769 573 1887 612 esset
1928 571 2011 612 iter

319 646 532 690 Tibullus,
563 667 621 679 —
667 646 722 690 V.
754 649 824 690 15.
885 646 1016 703 lpse
1059 661 1165 704 ego
1206 651 1454 704 solator,
1490 656 1622 707 atque
1653 653 1748 709 ipse
1778 654 1909 697 etiam
1939 654 2012 707 qui

319 729 572 772 consolabar
603 730 814 786 puellam,
860 743 947 787 non
991 745 1108 775 eram
1151 734 1244 777 sine
1274 734 1562 778 sollicitudine
1593 735 1789 790 quadam,
1809 740 1854 780 et
1883 748 2012 792 prae-

314 815 514 857 sensione
544 812 691 857 futuri.
751 813 925 859 Etenim
960 815 1125 861 duabus
1156 818 1348 873 partibus
1379 823 1550 862 constat
1572 820 1692 863 locus
1719 820 1764 862 in
1795 831 1881 873 quo
1914 830 2011 861 ver-

314 909 473 939 samur.
532 896 726 940 Primum
755 897 906 941 Deliae
936 899 1194 943 anxietatem
1227 899 1470 956 descripsit,
1502 914 1613 945 nunc
1639 913 1760 944 suam
1789 899 2012 943 describit.

313 982 457 1035 Atque
497 980 695 1036 gradatio
733 986 800 1024 est
830 982 874 1025 in
914 981 997 1027 hoc
1038 983 1202 1027 ordIne.
1263 985 1468 1028 Ceterum
1500 984 1555 1028 de
1594 998 1634 1028 v.
1667 982 1839 1027 solator
1870 982 1924 1027 cf.
1956 981 2012 1023 ad

312 1065 348 1118 1,
379 1069 422 1120 2,
454 1070 526 1110 78.
557 1088 614 1098 —-
657 1067 918 1111 mandata
961 1067 1263 1113 dedissem.
1325 1071 1569 1127 Usurpatur
1613 1070 1796 1115 formula
1837 1069 1892 1112 de
1933 1068 2012 1111 ab-

312 1152 514 1194 euntibus
555 1156 631 1195 aut
668 1153 975 1206 morientibus,
1033 1166 1131 1197 cum
1174 1154 1323 1197 dicunt
1365 1155 1468 1209 quid
1512 1161 1613 1212 post
1658 1155 1894 1199 discessum
1937 1159 2012 1216 aut

309 1242 492 1280 mortem
524 1237 615 1279 fieri
640 1237 798 1290 velint3
825 1237 958 1280 etiam
986 1237 1041 1280 de
1071 1238 1406 1291 remanentibus»,
1438 1250 1536 1281 cum
1559 1237 1880 1282 discedentibus
1908 1237 2012 1292 quid

309 1319 402 1361 fieri
434 1319 578 1372 velint,
611 1319 893 1374 praecipiunt.
954 1319 1065 1364 Vide
1096 1321 1514 1365 Wurmssumcmum
1545 1321 1602 1364 ad
1633 1312 1674 1365 h.
1705 1322 1735 1365 1.
1765 1341 1824 1354 -
1855 1322 1911 1366 V·
1939 1324 2008 1364 1⁴1.

310 1409 602 1458 causatus,
641 1409 689 1446 ut
719 1404 958 1449 PnoPER'r.
997 1403 1076 1458 lv,
1111 1407 1154 1459 4,
1178 1388 1274 1449 χ233
1319 1405 1461 1462 Saepe
1492 1402 1852 1461 ἰῖζαίηιηιενίταε
1899 1418 2012 1446 cau-

308 1494 414 1529 sata
456 1494 524 1529 est
569 1486 717 1529 omina
756 1490 930 1531 Lunae.
991 1487 1116 1532 Adde
1159 1489 1300 1532 Ovm.
1341 1489 1511 1533 Amorr.
1532 1489 1592 1544 «Ι,
1634 1486 1678 1541 9,
1719 1484 1792 1533 13.
1850 1489 2010 1542 Porro,

307 1583 565 1625 quamquam
606 1583 683 1626 per
723 1571 913 1626 linguam
957 1571 1085 1615 etiam
1117 1571 1173 1614 ad
1203 1585 1340 1615 aves
1370 1577 1416 1616 et
1446 1572 1630 1617 omina
1666 1568 1800 1617 d'i'ra'
1828 1572 2008 1616 verbum

308 1653 565 1696 tenuisse
597 1652 708 1696 trahi
738 1653 890 1710 possit,
922 1655 1055 1697 veluti
1073 1655 1175 1699 L1v.
1196 1655 1404 1709 XXXVI,
1429 1658 1502 1703 43.
1533 1655 1664 1699 dicitz
1693 1653 1872 1698 Livium
1890 1653 2010 1714 ,Deli

299 1752 383 1794 per
415 1738 591 1797 aliquot
622 1737 714 1781 dies
745 1737 925 1781 adversi
954 1738 1078 1782 venti
1105 1746 1373 1788 tenuerunt,
1404 1745 1548 1784 tamen
1579 1741 1734 1785 melius
1763 1739 2007 1784 WUNDER-

304 1836 489 1866 memus
534 1824 740 1867 variatam
779 1822 847 1867 hic
891 1824 1255 1868 constructionem
1299 1829 1343 1868 et
1387 1826 1572 1881 primum
1603 1825 1896 1869 accusativum
1925 1837 2007 1868 nu-

304 1905 418 1959 dum,
453 1905 609 1949 deinde
640 1907 930 1950 accusativum
963 1919 1062 1950 cum
1091 1907 1299 1951 infinitivo
1328 1908 1521 1952 iunctum
1548 1909 1682 1952 verbo
1707 1906 1892 1951 causari
1915 1911 2006 1951 sta-

303 1989 397 2031 tuit.
462 1989 738 2033 Continuatio
779 1992 950 2046 longior
994 1992 1187 2036 eiusdem
1229 1994 1561 2037 constructionis
1604 1992 1804 2051 displicet
1847 1993 2004 2050 poetis,

303 2077 346 2114 et
381 2073 540 2116 diutius
572 2073 763 2129 pendens
792 2075 1043 2131 imperfecta
1074 2077 1315 2130 sententia3
1345 2077 1642 2120 suavissimum
1669 2088 1774 2121 vero
1798 2082 1843 2120 et
1866 2077 2004 2121 maxi-

300 2169 369 2198 me
403 2158 619 2212 poeticum
650 2157 840 2200 secundo
874 2159 1017 2201 versui
1048 2159 1242 2202 additum
1272 2172 1430 2203 novum
1462 2160 1653 2214 verbum,
1683 2164 1732 2203 ut
1765 2160 1893 2215 vigor
1921 2173 2003 2204 no-

301 2252 378 2280 vus
408 2240 586 2281 accedat
617 2241 815 2283 orationi.
878 2242 944 2284 De
975 2256 1060 2296 qua
1090 2256 1139 2284 re
1169 2256 1302 2298 saepe
1333 2256 1570 2286 monemus.
1632 2242 1703 2305 Ad
1732 2244 2003 2299 pmpositum

239 2317 244 2320 ’
298 2321 439 2362 locum
485 2322 596 2363 bene
633 2322 829 2365 conferas
872 2337 983 2377 qnae
1014 2324 1420 2367 WUNDnnmcmtrs
1464 2326 1611 2369 laudat
1650 2326 1837 2372 Bolum
1869 2326 1927 2380 Π,
1958 2329 2004 2381 9,

302 2406 372 2446 19.
424 2405 563 2447 Vmc.
598 2405 707 2447 Aen.
749 2406 827 2459 lV,
875 2409 977 2448 469.
1039 2406 1164 2450 Adde
1197 2407 1357 2451 Tibull.
1390 2408 1449 2462 ΙΙ,
1479 2411 1523 2462 3,
1556 2411 1639 2458 46„
1676 2403 1721 2452 et
1761 2409 2002 2455 Pnorssn'r.

298 2485 376 2539 Ill,
408 2488 450 2539 4,
482 2490 562 2530 15:
614 2488 756 2545 Inque
796 2487 898 2530 sina
942 2487 1078 2530 nixus
1120 2497 1326 2546 spectare
1362 2489 1546 2547 puellae
1576 2489 1787 2548 incipiam
1817 2513 1879 2535 v.-
1909 2488 2005 2531 tela

288 2568 481 2627 sagacis
512 2568 615 2627 equi
645 2577 688 2610 et
722 2568 922 2612 braccati
951 2570 1109 2614 militis
1139 2586 1291 2619 arma,
1322 2580 1369 2614 et
1399 2571 1553 2615 subter
1583 2579 1742 2629 captos
1771 2569 1901 2614 armti
1929 2585 2002 2630 sej-

299 2654 398 2695 dere
430 2654 574 2700 duces,
608 2659 652 2696 et
681 2654 737 2707 ΙΙ,
771 2658 810 2707 1,
839 2658 912 2697 22.
947 2660 992 2697 et
1021 2657 1102 2709 ΙΙΙ,
1132 2659 1175 2709 3,
1207 2660 1278 2699 12.
1339 2657 1545 2698 BAcnms
1575 2654 1744 2698 confert
1770 2653 1999 2699 Nmnon.

295 2738 449 2794 Epigr.
482 2739 558 2781 lx.
593 2736 766 2780 Anthol.
799 2739 960 2781 Graec.
988 2739 1108 2794 Lips.
1141 2739 1269 2781 Tom.
1300 2738 1379 2781 111.
1411 2754 1453 2794 p.
1486 2742 1560 2782 61.
1591 2739 1793 2782 Jacobs:
1836 2738 1998 2789 Λὶτέο-

294 2836 374 2868 μαι
404 2816 446 2861 δ’
476 2815 635 2866 αὐτοῦς
677 2815 788 2860 καλοὶ
819 2815 936 2862 πώεα
967 2823 1040 2860 καὶ
1071 2816 1199 2861 καλὸν
1232 2815 1364 2871 οἶνον,
1404 2820 1502 2862 Καὶ
1532 2817 1663 2862 καλόν
1693 2813 1860 2879 ἀμῆσαι
1890 2835 1999 2880 καρ-

294 2898 372 2943 πόν
407 2898 479 2943 an‘
509 2898 754 2955 ἀσταχύων.
786 2922 843 2933 -
896 2902 1130 2945 Saturni
1174 2908 1270 2945 aut
1310 2916 1529 2947 sacram
1574 2903 1735 2948 diem.
1796 2905 1865 2950 De
1896 2918 1998 2961 par-

293 2986 425 3028 ticnla
466 2993 551 3026 aut
593 2985 836 3040 postposita
871 2988 985 3030 conf.
1017 2989 1446 3031 Wurmnnmcnmlu.
1509 2989 1611 3031 Fuit
1642 2993 1787 3032 autem
1819 2974 1996 3033 Saturni

294 3067 363 3110 die
394 3069 620 3111 sabbatum
651 3068 903 3122 Iudaicum,
950 3070 1005 3114 cf.
1037 3070 1200 3114 TAcr'r.
1230 3071 1345 3114 Hist.
1376 3071 1431 3124 V,
1463 3073 1508 3114 4.
1551 3075 1682 3125 atque
1714 3075 1838 3114 erant
1868 3071 1998 3115 etiam

290 3154 408 3195 inter
439 3153 674 3204 Romanor-⁵,
705 3151 777 3204 qui
810 3153 1040 3207 peregrina
1072 3154 1281 3207 religione
1312 3151 1418 3196 tacti
1449 3151 1530 3196 hoc
1565 3151 1635 3194 die
1666 3150 1771 3194 nihil
1801 3159 1998 3209 agerent,

290 3233 344 3276 cf.
380 3232 560 3276 Honxr.
593 3234 724 3276 Satir.
756 3234 795 3287 I,
822 3238 864 3287 9,
897 3238 968 3278 69.
1012 3236 1172 3278 InvnN.
1205 3235 1327 3288 XIV,
1359 3238 1490 3288 105„
1532 3234 1616 3276 etsi
1653 3246 1679 3275 a
1711 3234 1868 3278 ceteris
1898 3235 1994 3279 riti-

289 3316 368 3358 bus
398 3316 540 3358 alieni.
602 3314 725 3357 Adde
766 3316 903 3360 Ovll).
943 3317 1036 3360 Art.
1073 3318 1169 3360 Am.
1202 3318 1239 3371 I,
1271 3320 1314 3370 4,
1346 3320 1432 3360 15:
1484 3317 1674 3374 Quaque
1708 3314 1776 3357 die
1807 3316 1996 3360 redeunt

288 3397 418 3440 rebus
451 3398 594 3442 minus
637 3406 748 3456 apta
778 3399 983 3457 gerendis
1014 3399 1140 3442 calta
1170 3400 1435 3444 Palaestino
1475 3399 1666 3458 septima
1702 3415 1836 3444 sacra
1864 3403 1994 3458 Syro,
