2086 3756
253 229 402 264 xxxu
954 206 1047 255 DE
1087 202 1255 254 VITA

257 360 411 410 etiam
455 358 663 409 tertium
701 364 749 404 et
802 362 1043 421 quartum
1095 349 1314 415 addidit,
1372 351 1427 400 in
1467 349 1612 399 cuius
1649 347 1751 398 fine
1786 347 1952 397 mani-

258 455 390 505 festo
437 451 735 504 Tibulliana
779 449 938 513 elegia
976 465 1056 497 nr.
1095 451 1179 497 13.
1263 443 1338 496 Ac
1384 442 1683 512 Lygdamus
1728 440 1953 509 quidem,

256 547 401 599 cuius
437 563 622 599 verum
659 560 850 595 nomen
886 542 1170 606 ignoratur,
1205 539 1375 607 potuit
1411 540 1604 590 amicus
1639 553 1749 588 esse
1778 533 1957 586 iunior

256 642 481 705 Tibulli,
532 639 726 707 quippe
764 645 944 700 natus,
980 644 1040 686 ut
1072 635 1184 702 ipse
1223 634 1370 699 dicit,
1420 652 1540 685 ann.
1578 630 1726 697 7112,
1774 630 1955 700 quise

256 737 323 788 ad
357 735 699 786 imitationem
734 731 877 784 Albii
911 740 1302 798 composuerat,
1362 737 1616 797 quantum
1649 737 1826 794 posset
1851 725 1957 792 'pro

255 831 451 898 ingenii
484 831 703 881 ratione.
790 827 983 879 Credas
1030 825 1414 895 propemodum
1458 834 1690 892 repertas
1724 824 1820 874 has
1855 823 1958 873 ele-

257 929 364 994 gias
399 928 457 978 in
493 925 650 977 domo
689 923 913 988 Tibulli,
961 922 1054 990 qui
1101 923 1320 973 fortasse
1367 921 1478 987 ipse
1516 937 1600 970 eas
1639 915 1959 968 emendatius

259 1023 413 1074 edere
460 1023 724 1085 voluerat,
778 1020 824 1070 si
871 1017 1016 1088 quod
1063 1018 1325 1085 suspicor,
1380 1026 1620 1068 mortuus
1658 1024 1770 1065 erat
1803 1023 1959 1082 poeta

254 1110 615 1185 praemature:
670 1132 792 1164 nam
829 1130 948 1164 cum
986 1129 1168 1164 omnes
1203 1112 1532 1178 imperfectae
1570 1111 1701 1174 sint,
1736 1125 1847 1160 non
1882 1117 1961 1158 est
2022 1168 2040 1185 ³

254 1223 434 1263 tamen
469 1210 706 1262 omnium
740 1208 937 1274 pariter
974 1207 1239 1256 elaborata
1283 1203 1607 1271 compositio.
1693 1205 1804 1254 Iam
1838 1201 1959 1255 vide

257 1305 387 1374 quid
435 1305 597 1370 egisse
648 1304 855 1369 putem‘
883 1299 1160 1351 editoremz
1218 1299 1417 1350 Tibulli
1465 1315 1552 1349 eas
1597 1314 1708 1349 non
1755 1314 1865 1349 esse
1903 1306 1962 1348 ut

256 1398 491 1451 crederet
507 1434 522 1462 ,
577 1395 828 1447 suadebat
876 1410 1046 1444 annus
1101 1394 1284 1444 natalis
1308 1415 1310 1418 ·
1336 1391 1573 1444 diversus
1621 1402 1672 1443 et
1725 1393 1960 1443 tractatio

255 1495 430 1546 multis
466 1491 635 1544 modis
670 1490 973 1557 imperfecta
1021 1499 1071 1541 et
1119 1489 1334 1555 vitiosa3
1384 1498 1568 1539 contra
1614 1498 1733 1539 ante
1781 1488 1961 1538 oculos

259 1599 370 1641 erat
407 1589 553 1639 color
590 1585 803 1655 quidam
839 1584 1169 1636 Tibullianus
1182 1621 1197 1649 ‚
1248 1594 1299 1635 et
1333 1583 1502 1637 videri
1534 1594 1742 1652 poterat
1776 1583 1963 1635 Tibul-

258 1686 339 1734 lus
376 1684 473 1733 sub
525 1681 626 1731 alio
676 1679 889 1730 nomine
941 1679 1183 1730 cecinisse
1219 1680 1495 1748 positoque
1530 1680 1650 1731 ficto
1688 1696 1828 1730 anno
1866 1696 1961 1729 na-

255 1780 363 1843 tali,
401 1777 492 1829 sed
528 1795 636 1828 non
675 1754 965 1827 admovisse
993 1775 1228 1826 ultimam
1253 1776 1481 1841 manum,
1519 1773 1960 1844 quemadmodum

257 1878 412 1927 etiam
457 1873 616 1925 hodie
666 1873 836 1925 visum
887 1882 963 1923 est
1012 1871 1355 1940 quibusdam3
1403 1874 1475 1923 ita
1521 1873 1636 1925 fieri
1681 1873 1856 1940 potuit
1902 1883 1963 1924 ut

259 1971 520 2022 dubitaret
565 1970 757 2032 hom0,
814 1978 1050 2019 essentne
1102 1986 1192 2018 eae
1245 1969 1376 2020 alius
1419 1979 1604 2036 poetae
1642 1987 1710 2020 an
1747 1970 1960 2021 Tibulli.

256 2065 432 2129 Quare
471 2083 588 2117 cum
625 2064 854 2132 relinqui
889 2081 1000 2114 non
1034 2076 1264 2131 possent,
1301 2066 1497 2132 placuit
1531 2064 1701 2118 deleto
1731 2064 1961 2128 nomine,

255 2163 401 2232 quod
437 2165 562 2228 eleg.
597 2162 663 2226 II,
690 2166 778 2211 29.
813 2162 871 2210 in
907 2163 1147 2229 exemplo
1183 2163 1449 2230 primitivo
1483 2164 1753 2228 legebatur
1787 2181 1959 2231 neque

253 2277 381 2312 vero
420 2260 691 2310 constabat
726 2274 911 2310 verum
948 2268 1083 2307 esset
1129 2277 1197 2308 an
1246 2257 1449 2323 fictum'‚
1497 2257 1961 2327 Lygdamum'no-

254 2373 378 2406 men
427 2355 743 2406 substituere
792 2362 844 2403 et
881 2370 1000 2403 cum
1035 2353 1137 2403 hoc
1175 2354 1387 2403 nomine
1425 2371 1511 2404 eas
1549 2352 1740 2404 addere
1774 2353 1959 2405 Tibul-

254 2449 422 2501 lianis.
491 2449 779 2502 Verissima
815 2447 956 2497 enim
989 2446 1120 2496 mihi
1156 2466 1274 2499 cum
1309 2448 1560 2500 Passovio
1597 2444 1678 2516 (in
1713 2446 1961 2500 Seebodii

253 2542 486 2615 Horreo)
537 2561 723 2595 eorum
758 2542 968 2597 videtur
1002 2543 1282 2606 sententia,
1337 2544 1437 2612 qui
1470 2544 1572 2594 hoc
1607 2559 1804 2596 nomen
1839 2559 1960 2594 cum

252 2641 408 2691 Albio
459 2640 672 2691 nomine
722 2647 1121 2705 compararunt,
1182 2655 1299 2687 cum
1349 2637 1416 2688 sit
1461 2629 1664 2707 λύγδος
1710 2637 1860 2688 albus
1908 2647 1959 2691 et

252 2732 525 2801 Lygdinus
563 2749 713 2799 onyx
744 2731 971 2800 indeque
1011 2729 1260 2782 deductae
1285 2729 1353 2782 ad
1379 2729 1658 2783 candorem
1684 2730 1971 2797 designan-

256 2826 381 2878 dum
403 2875 406 2879 ,
428 2826 825 2891 significationes
873 2837 1030 2878 notae
1081 2837 1253 2878 essent
1300 2827 1578 2894 Romanis;
1655 2845 1830 2897 neque
1876 2839 1958 2881 ta-

255 2941 377 2974 men
425 2923 666 2977 Tibullus
719 2941 874 2975 suum
919 2940 1116 2974 nomen
1162 2925 1234 2974 sic
1291 2924 1518 2987 obtexit,
1573 2934 1631 2974 ut
1683 2941 1959 2991 perperam

256 3027 559 3082 statuerunt,
597 3017 687 3069 sed
725 3017 893 3069 editor
921 3019 1059 3081 libri,
1096 3029 1244 3070 acute
1278 3020 1571 3087 suspicante
1600 3020 1958 3085 LachmannO,

256 3113 330 3164 ita
364 3114 642 3181 rescripsit,
681 3117 873 3182 optime
911 3115 983 3165 sic
1019 3117 1296 3167 nominans
1335 3135 1471 3182 eum,
1511 3116 1605 3186 qui
1640 3135 1735 3168 uec
1771 3119 1955 3170 Albius

256 3208 533 3261 videbatur
571 3221 711 3261 certo
748 3210 852 3262 dici
877 3193 1055 3278 posse,
1092 3229 1188 3262 nec
1225 3229 1334 3263 non
1372 3212 1474 3263 dici
1501 3212 1702 3276 Albius,
1737 3222 1789 3263 et
1825 3222 1958 3262 esset

258 3306 406 3372 quasi
443 3306 542 3357 alia
577 3305 832 3375 quaedam
883 3324 1106 3374 persona
1153 3305 1510 3362 dubiaAlbii.
1594 3308 1780 3377 Neque
1829 3327 1954 3362 vero
