2158 3750
351 245 455 294 594
740 242 1210 295 COMMENTAR.
1250 244 1326 296 N
1364 239 1654 300 TI’BULLI

347 386 436 430 Sed
469 402 494 430 a
525 385 699 429 Baccho
730 387 844 429 inter
874 386 1016 430 sidera
1047 389 1185 431 relata
1221 393 1288 432 est
1329 403 1425 432 cum
1468 395 1591 446 patre
1624 394 1668 433 et
1700 405 1819 435 cane.
1882 394 2046 438 Volunt

345 483 439 511 eam
471 471 692 523 Virginem
725 482 834 523 esse,
864 470 1012 514 Icarus
1040 472 1250 515 Arcturus
1280 472 1434 527 factus,
1467 475 1584 517 canis
1617 475 1864 519 Canicuhf‘
1925 479 2044 521 Idem

342 551 460 592 locos
502 551 631 592 affert
661 551 734 592 ubi
776 551 921 594 fabula
953 558 1173 605 narratur,
1221 558 1270 596 ut
1302 554 1484 598 Hiram.
1513 557 1689 601 Astron.
1721 558 1776 611 ΙΙ,
1807 561 1849 600 4.
1879 579 1939 591 --
1984 565 2044 602 ut

341 635 641 673 testantur
684 632 902 687 sidera,
952 623 1327 690 Erigoneque
1375 638 1689 694 Canisque,
1743 639 1783 685 h.
1827 654 1867 683 e.
1913 655 2042 696 quam

338 720 487 767 gratus
524 714 653 758 fuerit
683 716 831 759 Icarus
863 717 1061 770 Baccho,
1092 719 1193 761 inde
1224 725 1431 776 apparet,
1463 722 1578 777 quod
1611 722 1718 765 deus
1749 724 1880 767 etiam
1909 725 2039 767 filiam

338 808 384 845 et
416 812 564 843 canem
597 800 710 843 inter
743 800 885 843 sidera
918 804 1077 846 retulit.
1103 826 1163 836 —
1203 805 1437 859 longior
1468 810 1652 860 aetas,
1685 807 1904 850 remotior.
1935 807 2044 849 Su..

334 882 463 924 ITAL.
497 882 572 934 VI,
605 885 720 924 627:
771 897 970 925 remeans
1012 883 1157 942 longis
1206 885 1477 942 Tirynthius
1518 888 1622 932 oris.
1654 912 1715 921 —
1770 872 1824 932 V.
1856 892 1913 931 13
1945 901 2039 943 sqq.

333 964 687 1008 Molorcheis
735 966 931 1010 tectis,
1021 967 1263 1010 Hurmus:
1323 969 1569 1022 „Hercules
1620 983 1718 1012 cum
1767 969 1822 1012 ad
1869 970 2039 1013 leonem

333 1049 604 1092 Nemeaeum
636 1044 977 1092 interficiendum
1006 1052 1367 1105 proficisceretur,
1398 1053 1522 1094 iuxta
1551 1053 1736 1095 Cleonas
1760 1066 1786 1095 a
1810 1051 2038 1096 Molorcho

329 1133 512 1176 vinitore
543 1147 700 1190 parvae
732 1147 859 1177 casae
891 1132 1078 1189 hospitio
1110 1140 1321 1191 exceptus
1353 1141 1433 1189 est,
1463 1136 1549 1179 vid.
1580 1138 1816 1180 Aponon.
1844 1137 1901 1189 ΙΙ,
1926 1141 1970 1189 5,
1996 1140 2036 1180 l.

329 1216 403 1269 qui
433 1217 555 1258 locus
588 1216 806 1259 classicus,
870 1216 965 1258 Alia
1008 1215 1107 1258 vide
1147 1215 1263 1271 apud
1294 1216 1686 1261 Bnoucxnusmu.
1749 1218 2037 1274 Hospitalita-

327 1305 415 1342 tem
449 1299 664 1343 Molorchi
707 1274 838 1344 e't’iam
871 1301 966 1343 aliis
998 1301 1105 1343 locis
1136 1306 1364 1356 poetarum
1406 1302 1682 1346 celebratam
1711 1301 1887 1356 videas,
1932 1307 1982 1344 ut
2009 1317 2036 1344 a

326 1385 565 1427 Murmur..
597 1384 673 1438 lV,
707 1387 778 1428 64.
815 1385 960 1428 extr-‘⁶
993 1408 1049 1417 —
1094 1385 1298 1442 posuit
1341 1387 1606 1458 vestigia
1621 1385 1845 1460 tectis,
1888 1385 1944 1429 cf.
1978 1386 2034 1428 ad

324 1469 403 1521 Ill,
435 1471 478 1521 4,
508 1472 580 1512 24.
644 1469 851 1522 Laeta,
886 1470 981 1526 ipse
1012 1471 1179 1524 laetus,
1211 1470 1378 1513 lubens.
1409 1487 1469 1504 --·
1559 1516 1569 1526 .
1883 1500 1899 1524 ,
1939 1470 2034 1513 scil.-

326 1551 456 1604 turis,
507 1550 622 1604 quod
664 1564 879 1606 pauperes
921 1551 1004 1594 diis
1044 1553 1358 1607 incendebant,
1405 1559 1493 1596 aut
1512 1535 1662 1602 ww
1726 1532 1756 1555 ‘v‘
1959 1553 2033 1610 pio

324 1632 472 1684 mixti,
505 1637 552 1675 ut
584 1637 650 1675 est
681 1633 800 1688 apud
835 1633 1016 1678 HonAzr.
1049 1634 1128 1687 ΙΙΙ,
1161 1637 1235 1688 23,
1271 1607 2030 1705 wamia-efybmxmrsm,

323 1714 966 1769 VULP10‚WUNDERL101110
1017 1721 1292 1772 comparato:
1359 1718 1461 1759 Non
1512 1713 1805 1784 ,ςιωηρᾶιᾷἔα
1820 1715 2032 1762 blandior

321 1798 474 1839 hostia
501 1798 703 1841 Mollivit
748 1814 928 1841 aversos
966 1808 1156 1856 penates
1185 1803 1328 1843 Patre
1353 1802 1431 1858 pio
1461 1809 1507 1844 et
1537 1802 1747 1852 saliente
1766 1801 1909 1850 mica,
1953 1802 2029 1846 ubi

321 1881 451 1923 etiam
497 1882 813 1938 oppositionem
861 1883 1045 1925 similem
1090 1881 1238 1926 babes.
1301 1885 1367 1927 De
1410 1898 1494 1939 qua
1535 1855 2035 2031 Hssruthterea

318 1965 622 2009 Bunmmwm
654 1966 802 2011 laudat
834 1967 888 2010 ad
920 1968 1094 2012 Anthol.
1127 1970 1225 2011 Lat.
1259 1969 1446 2011 Tom.1
1483 1984 1526 2025 p.
1546 1973 1605 2012 ‘37
1680 1970 1720 2012 D
1909 1970 2027 2025 pla-

319 2050 472 2091 cavit
505 2055 572 2092 est
604 2051 776 2105 placare
808 2053 934 2094 solet.
967 2053 1342 2096 -‘⁸{naurato
1385 2065 1578 2096 cornu.
1640 2033 1823 2095 Constat
1853 2051 1908 2094 de
1941 2049 2024 2094 hoc

316 2145 396 2174 usu
439 2133 624 2188 primum
663 2147 719 2176 ex
763 2134 992 2188 Homnno,
1041 2134 1091 2176 Il.
1134 2133 1191 2184 X,
1234 2137 1335 2176 292.
1391 2134 1550 2188 Odyss.
1580 2133 1659 2188 111,
1695 2137 1824 2187 384.,
1866 2133 2022 2177 deinde

315 2214 413 2258 aliis
444 2229 500 2259 ex
530 2219 636 2260 locis
669 2218 852 2271 abunde,
885 2224 933 2260 ut
952 2220 1086 2261 Pmn.
1107 2218 1315 2271 XXXlll,
1335 2221 1479 2271 3,12=
1512 2219 1709 2260 Deorum
1738 2233 1840 2260 vero
1865 2217 2023 2261 honori

311 2297 360 2338 in
390 2297 531 2339 sacris
561 2298 677 2339 nillil
704 2299 836 2340 aliud
862 2299 1169 2357 excogitatum
1199 2307 1292 2346 est,
1337 2315 1471 2358 quom
1503 2307 1558 2342 ut
1587 2300 1770 2343 aurati-s·
1811 2299 2016 2343 cornibus

311 2381 512 2426 lios-tide,
537 2381 745 2423 'maiores
776 2382 1032 2431 duntaxat,
1079 2383 1431 2426 immolarentur.
1507 2385 1633 2430 Quae
1662 2384 2018 2427 BROUcKnusms

309 2465 395 2506 iam
425 2466 595 2518 attulit,
641 2464 804 2508 addens
838 2466 979 2508 obiter
1023 2467 1152 2508 etiam
1201 2467 1389 2508 minores
1434 2466 1630 2509 victimas
1672 2464 1793 2522 apud
1818 2467 2014 2509 Graecos

308 2549 550 2601 inauratas,
591 2553 639 2590 ut
669 2548 772 2593 Lrv.
805 2547 947 2602 XXV,
980 2552 1051 2591 12.
1095 2549 1298 2591 ostendit.
1333 2571 1390 2580 -
1438 2549 1547 2591 Mox
1579 2549 1746 2592 labor
1786 2548 1841 2591 de
1882 2560 2016 2604 opere

307 2631 509 2686 poetico,
559 2633 697 2676 Vme.
730 2633 884 2688 Eclog.
925 2633 982 2687 X,
1014 2637 1055 2677 1.
1117 2635 1327 2677 Similiter
1357 2628 1484 2679 πόνος
1515 2634 1713 2685 Graece,
1761 2632 1815 2675 cf.
1848 2645 1927 2675 nos
1957 2632 2012 2674 ad

305 2717 507 2760 Pmmn.
539 2718 664 2760 Nem.
697 2719 778 2772 111,
810 2723 882 2762 12.
908 2743 966 2751 —
998 2721 1052 2763 V.
1085 2723 1143 2761 18
1174 2733 1266 2774 sqq.
1316 2719 1456 2762 Canat
1481 2720 1590 2761 alius
1621 2719 1833 2772 originem
1862 2718 2010 2760 mundi

305 2806 348 2843 et
378 2801 596 2856 praeferat
633 2802 740 2845 illud
780 2802 923 2846 thema
962 2803 1117 2846 ceteris
1160 2804 1382 2856 omnibus,
1429 2816 1551 2846 meae
1592 2804 1706 2845 vires
1746 2807 1848 2844 tuae
1892 2802 2008 2845 laudi

303 2888 582 2926 consecratae
631 2889 768 2926 erunt.
845 2885 1005 2928 Nobile
1049 2893 1349 2939 argumentum
1398 2899 1581 2942 poeseos
1630 2886 1911 2940 cosmogonia
1957 2890 2007 2928 ut

302 2973 484 3021 constat,
509 2973 553 3010 et
583 2968 841 3011 didacticum
875 2983 1045 3012 carmen
1078 2970 1132 3012 de
1165 2983 1306 3012 rerum
1337 2976 1503 3024 natura,
1533 2970 1588 3014 cf.
1622 2972 1812 3016 Vmon..
1845 2970 2002 3026 Eclog.

300 3050 376 3103 VI,
407 3054 462 3092 31
496 3064 592 3106 sqq.
624 3055 669 3094 et
699 3051 1021 3095 annotationem
1052 3065 1182 3109 supra
1214 3053 1268 3106 ad
1298 3053 1355 3106 ΙΙ,
1385 3056 1427 3106 4,
1461 3057 1531 3096 17.
1563 3076 1623 3084 --
1654 3053 1845 3105 Alter,
1876 3053 2005 3106 alius,

226 3168 236 3173 ,
297 3133 372 3175 ubi
420 3134 506 3177 duo
550 3135 819 3189 cogitantur,
868 3137 923 3179 cf.
965 3138 999 3190 I,
1033 3142 1075 3191 9,
1106 3142 1178 3181 79.
1211 3162 1271 3170 -
1326 3139 1535 3184 Qualis
1576 3137 1905 3191 desederit,
1955 3142 2003 3180 ut

297 3220 413 3257 terra
457 3222 634 3272 propter
676 3220 932 3273 gravitatem
974 3233 1096 3262 suam
1137 3220 1410 3263 descenderit
1447 3225 1492 3263 et
1535 3219 1778 3262 subsederit
1809 3220 1849 3261 in
1882 3221 1997 3272 aere,

297 3299 487 3341 infimum
533 3301 673 3343 locum
718 3315 933 3358 occupans
976 3306 1113 3347 Ovm.
1157 3305 1268 3347 Met.
1299 3305 1334 3358 Ι,
1366 3309 1438 3348 29.
1483 3307 1759 3359 comparante
1795 3303 1999 3345 Vunmo:

295 3380 486 3425 Densior
507 3382 578 3425 his
610 3383 746 3427 tellus
776 3385 1080 3445 elementaque
1110 3387 1306 3445 grandia
1334 3386 1479 3429 traxit
1505 3387 1566 3427 Et
1599 3399 1756 3440 pressa
1788 3392 1854 3426 est
1884 3398 1996 3442 gra-

2126 1328 2158 1582 ‚am-nn&-
2143 1312 2145 1321 -

2136 2401 2153 2486 4⁴Q,
2140 2370 2151 2387 a—
2147 2317 2152 2325 .
