2158 3750
660 236 843 290 LIBR.
880 238 946 288 11.
1018 235 1222 289 ELEG.
1256 236 1350 286 lv,
1743 241 1850 287 261*

147 380 303 435 Eclog.
332 379 411 433 IV,
440 381 514 422 52.
544 401 601 410 —
642 379 731 422 Ite
767 378 994 435 procul,
1030 376 1243 421 Musae.
1304 375 1530 434 Repetitio
1559 373 1712 419 horum
1747 389 1847 420 ver-

148 464 303 507 borum
332 467 381 506 ut
410 461 572 506 claudit
599 459 927 504 antecedentem
959 459 1126 512 locum,
1156 459 1219 501 ita
1249 459 1475 502 transitum
1505 458 1642 501 munit
1672 456 1728 500 ad
1759 471 1842 514 op-

148 547 332 602 positam
374 550 630 602 sequentem
669 543 942 588 sententiam.
1004 541 1131 585 Conf.
1167 541 1223 585 ad
1253 541 1290 595 1,
1323 545 1368 597 3,
1398 546 1443 586 5.
1474 565 1534 574 —
1576 541 1632 584 V.
1662 544 1720 584 21
1753 554 1848 597 sqq.

147 644 248 687 per
277 630 507 674 caedem
551 633 609 672 et
649 627 892 670 facinus.
952 625 1035 668 Est
1063 607 1187 680 quasi
1219 625 1430 679 formula,
1473 625 1534 668 ait
1565 624 1850 667 Bnoucxnu-

147 725 258 767 sms,
287 725 542 769 comparans
572 711 735 754 Cxcssn.
766 712 923 766 Agrar.
946 709 1027 763 111,
1053 712 1107 752 4:
1142 708 1263 750 Num
1291 708 1393 767 quis
1423 715 1622 751 vestrum
1653 706 1718 748 ad
1745 705 1849 756 vim,

147 797 210 837 ad
228 795 435 855 facinus,
465 795 530 837 ad
554 793 729 836 caedem
757 792 1114 836 accommodatus
1143 800 1228 835 est.
1291 795 1398 848 Agr.
1428 792 1487 848 II,
1515 773 1605 836 2'82
1642 790 1850 854 Quinque

146 877 369 919 hominum
399 874 595 918 millibus
624 875 688 916 ad
712 873 815 922 vim,
845 872 1045 929 facinus,
1078 872 1255 914 caedem
1287 873 1482 919 delectis.
1543 874 1741 931 Simplex
1772 885 1852 931 pet

144 958 308 1002 facinus
336 973 376 1003 v.
409 972 448 1002 c.
481 959 619 1007 Ovm.
650 957 779 1001 Rem.
812 957 906 1002 Am.
942 960 1016 1001 61.
1048 962 1093 1001 et
1126 957 1170 1000 in
1199 956 1311 1001 Ibid.
1344 960 1448 1002 565.
1481 957 1686 1001 laudante
1717 958 1849 1003 Vun-

141 1054 234 1085 1‘10.
303 1040 425 1084 Idem
463 1041 628 1084 Tibulli
669 1041 801 1085 verba
842 1042 906 1086 sic
949 1041 1285 1087 circumscribit:
1344 1040 1629 1095 „Nocturnus
1674 1054 1850 1097 grassa-

145 1126 217 1164 tor
245 1123 373 1176 fiam,
414 1135 511 1166 cum
543 1124 632 1167 telo
662 1123 919 1179 ambulabo,
956 1124 1146 1168 viatores
1177 1123 1434 1181 aggrediar,
1465 1123 1689 1178 occidam,
1721 1129 1768 1168 et
1795 1136 1853 1168 ex

144 1208 318 1251 illorum
349 1208 500 1264 spoliis
530 1209 694 1266 parabo
723 1223 837 1266 quae
862 1209 1063 1255 dominae
1092 1210 1255 1254 donare
1287 1209 1496 1266 possim.“
1525 1231 1583 1241 —
1630 1209 1739 1253 Aut
1770 1222 1853 1252 ra·-

142 1290 314 1345 piam‚
355 1302 456 1333 cum
495 1295 597 1334 ante
635 1291 819 1335 dixisset
860 1297 995 1336 sunt
1034 1291 1307 1348 paranda.
1369 1291 1574 1336 Ceterum
1605 1290 1856 1336 observabis

143 1374 275 1416 etiam
298 1371 367 1416 hic
388 1372 645 1427 διχοτομίαν
667 1374 800 1418 toties
822 1373 992 1417 obviam
1016 1375 1133 1431 apud
1156 1375 1394 1428 Tibullum,
1417 1373 1474 1417 de
1497 1386 1583 1428 qua
1605 1373 1740 1416 multa
1763 1371 1855 1415 dixi

144 1456 191 1498 in
222 1456 537 1501 Dissertatione
567 1457 624 1501 de
652 1457 914 1501 Elocutione
943 1462 1115 1514 poetae.
1175 1459 1291 1502 Dicit
1320 1459 1481 1514 igitur:
1507 1457 1596 1501 Aut
1626 1454 1853 1500 occidendi

143 1543 246 1581 sunt
287 1537 480 1582 homines
522 1543 599 1582 aut
637 1540 800 1596 templa
843 1538 1085 1594 spolianda.
1117 1563 1176 1571 —
1235 1540 1532 1594 insignia,
1583 1541 1852 1591 ornamenta,

145 1618 349 1674 donaria,
381 1614 665 1677 ἀναθήματα.
728 1621 910 1664 Vama.
942 1619 1112 1664 Fusco.
1144 1620 1244 1674 VII,
1269 1623 1355 1665 48:
1390 1623 1478 1663 Cur
1509 1635 1592 1680 age
1623 1634 1711 1662 non
1740 1626 1853 1661 tem-

137 1701 233 1758 plis
265 1710 454 1745 sacrata
494 1702 686 1746 avellere
728 1702 846 1746 dona
888 1700 1102 1745 Omnibus
1132 1725 1192 1734 —
1222 1701 1366 1745 libet?
1427 1703 1607 1753 Confert
1650 1702 1856 1747 VULPlus

145 1786 202 1830 de
249 1786 490 1831 huiusmodi
538 1787 780 1844 sacrilegiis
834 1787 1052 1832 dicentem
1098 1786 1378 1831 Iuvnmnssu
1423 1787 1522 1831 Sat.
1567 1783 1692 1839 XIII,
1738 1785 1853 1827 14⁷:

146 1870 311 1929 Confer
339 1879 385 1913 et
413 1870 512 1918 hos,
539 1869 702 1915 veteris
731 1869 811 1930 qui
842 1868 1013 1913 tollunt
1039 1867 1239 1928 grandia
1270 1867 1423 1926 templi
1451 1866 1626 1911 Pocula
1655 1864 1854 1908 adoran-

145 1953 229 1995 dae
249 1952 476 2013 robiginis,
505 1960 552 1996 et
577 1952 848 2011 populorum
875 1955 1027 2001 Dona,
1055 1951 1130 1996 vel
1159 1950 1350 2010 antiquo
1375 1950 1554 2008 positas
1585 1962 1616 1990 a
1647 1961 1750 2007 rege
1781 1961 1855 1989 co—

143 2052 292 2080 ronas.
351 2039 484 2079 Haec
510 2034 575 2078 ibi
602 2034 645 2078 εἰ
672 2051 762 2078 non
789 2041 914 2083 sunt,
946 2033 1091 2077 minor
1118 2040 1275 2075 exstat
1299 2031 1563 2090 sacrilegus,
1595 2029 1675 2089 qui
1697 2027 1858 2070 Radat

142 2121 350 2166 inaurati
368 2121 529 2180 femur
559 2118 776 2164 Herculis
805 2126 853 2162 et
882 2117 1059 2178 faciem
1088 2116 1234 2175 ipsam
1266 2114 1494 2174 Neptuni,
1540 2112 1620 2174 qui
1654 2110 1858 2155 bracteo-

70 2224 75 2227 .
144 2204 237 2246 lam
276 2203 330 2246 de
369 2205 552 2246 Castore
592 2201 748 2246 ducat.
806 2201 890 2245 An
921 2198 1121 2247 dubitet,
1163 2198 1328 2243 solitus
1358 2205 1506 2240 totum
1536 2196 1731 2254 conflare
1767 2196 1853 2238 To-

144 2292 341 2330 nantem.
400 2284 615 2330 Videntur
654 2283 786 2327 etiam
828 2287 1047 2326 amatores
1091 2283 1334 2338 puellarum
1374 2281 1480 2324 talia
1522 2279 1702 2324 crimina
1732 2291 1856 2322 com-

146 2369 407 2414 misisse.—
440 2365 651 2410 suadet
685 2363 1090 2418 dominamque
1121 2374 1388 2419 rapacem
1419 2362 1528 2404 Dat
1557 2359 1718 2414 mihi,
1749 2372 1857 2402 sua-

147 2451 225 2495 det
264 2451 370 2494 dans
399 2449 616 2494 dominam
646 2460 879 2506 rapacem,
919 2446 998 2490 sed
1029 2446 1248 2504 positum,
1278 2449 1328 2488 ut
1357 2457 1492 2502 saepe
1525 2445 1604 2499 fit,
1632 2443 1858 2487 nervosius

148 2533 327 2576 verbum
356 2533 524 2576 finitum
555 2544 621 2588 pr.
653 2530 900 2589 participio.
932 2552 990 2561 —

267 2616 321 2659 V.
345 2618 523 2658 27-50.
565 2613 815 2657 Medium
841 2625 1081 2657 carmen.
1125 2612 1325 2655 Altera
1351 2623 1495 2668 pars.
1538 2609 1858 2654 Crescente

147 2697 370 2741 affectu
410 2700 764 2740 exsecratur
802 2699 1075 2739 auctores
1115 2694 1405 2738 avaritiae
1446 2694 1771 2750 puellarum
1802 2698 1857 2736 et

149 2781 431 2826 Nemesim
460 2793 686 2825 avaram
715 2781 918 2837 ipsam,
949 2778 1195 2823 laudans
1226 2781 1424 2822 contra
1455 2777 1651 2819 bonas.

267 2863 324 2907 V.
365 2865 425 2906 2⁴1
463 2875 529 2918 sq.
586 2861 925 2917 smaragdos
939 2893 953 2915 ,
999 2859 1057 2903 cf.
1098 2859 1152 2904 ad
1194 2860 1231 2911 Ι,
1278 2862 1319 2913 1,
1350 2861 1400 2901 51
1413 2885 1426 2902 .
1500 2858 1664 2901 Omnes
1701 2857 1860 2901 virides

150 2958 349 3002 gemmae
401 2958 439 2990 s.
491 2944 629 3001 lapilli
679 2943 861 3001 pretiosi
915 2942 1033 2999 apud
1085 2946 1256 2986 veteres
1313 2940 1568 2983 dicebantur
1622 2938 1858 2994 smaragdi.

149 3027 323 3071 Eximie
362 3026 579 3084 placuisse
619 3023 733 3069 hunc
773 3025 967 3069 colorem
1011 3023 1154 3068 disces
1186 3036 1244 3067 ex
1287 3023 1424 3066 an.
1454 3020 1688 3077 XXXVII,
1721 3025 1766 3064 5.
1796 3044 1858 3055 —

150 3124 330 3165 ovem,
361 3110 402 3154 h.
428 3125 468 3154 e.
499 3110 654 3154 lanam.
717 3109 955 3167 comparat
984 3108 1392 3153 Wunnnamcnms
1421 3103 1632 3162 Sophocl.
1654 3103 1858 3149 Trachin.
1944 3137 1948 3141 Α

150 3199 264 3240 696:
306 3190 358 3237 τό
389 3190 472 3253 γάρ
505 3190 709 3248 κάταγμα
739 3189 938 3249 τυγχάνω
969 3189 1134 3252 ῥίψασά
1168 3206 1257 3240 ,τως
1287 3190 1368 3249 τῆς
1404 3185 1515 3240 οἶός,
1548 3174 1582 3245 ᾧ
1612 3183 1861 3246 προῖἷχριον,

151 3278 226 3322 ubi
268 3274 329 3325 ὄϊς
373 3291 440 3335 pr.
478 3273 657 3328 μαλλός.
718 3275 796 3320 Sic
837 3273 1025 3335 bombyx
1066 3280 1135 3320 est
1173 3275 1362 3319 sericum
1395 3286 1421 3316 a
1452 3271 1668 3326 bombyce
1699 3274 1861 3321 netum,

156 3362 211 3407 cf.
239 3363 476 3407 Paornnr.
510 3362 565 3416 11,
597 3366 640 3416 3,
674 3365 745 3406 15.
806 3361 928 3406 Bene
957 3373 1059 3406 vero
1090 3361 1310 3407 niveam
1343 3357 1489 3411 addit,
1522 3356 1633 3400 male
1657 3357 1865 3399 mutatum
