2158 3750
316 295 382 341 46
714 289 1179 346 COMMENTAR.
1216 293 1291 346 IN
1327 292 1616 347 TIBULLI

317 436 467 479 eadem
499 447 642 479 rerum
673 435 946 490 compositio.
991 436 1238 480 *Falluntur
1272 442 1416 480 autem
1448 439 1520 492 qui
1551 438 1605 481 de
1636 440 1831 483 collectis
1860 447 1905 484 et
1936 441 2015 484 de-

314 521 449 576 reptis
491 531 600 572 rogo
647 517 817 559 ossibus
859 517 912 558 ad
954 517 1167 560 officinam
1210 519 1422 573 magicam
1465 521 1756 564 instruendam
1794 522 2015 566 Tibullum

315 602 587 654 intelligunt,
619 612 730 654 quae
760 612 830 640 res
861 600 958 641 aliis
990 599 1096 642 locis
1126 602 1264 654 lecta,
1295 607 1346 644 ut
1374 615 1443 657 ap.
1473 602 1653 646 Luem.
1687 604 1765 656 VI,
1796 607 1928 658 533„
1957 605 2013 647 ab

314 684 395 727 hoc
427 685 524 727 loco
555 683 694 726 aliena
726 687 819 735 est,
860 695 939 725 nec
970 695 1067 726 cum
1099 685 1349 727 evocatione
1389 685 1624 728 animatum
1665 687 1867 743 componi
1897 665 2017 730 reete

314 773 461 825 potest
501 773 547 810 et
585 767 787 821 coniungi
831 766 887 808 ad
927 779 1055 810 unam
1094 769 1366 814 sententiam.
1399 793 1456 800 -—
1501 769 1555 812 V.
1589 771 1648 812 49
1679 782 1748 824 sq.
1807 770 2016 823 Sequitur

312 853 496 894 alterum
525 863 606 906 par
636 847 942 903 distichorum,
980 832 1031 892 'et
1060 863 1172 892 nuno
1202 851 1374 905 quidem
1407 851 1578 894 inverso
1610 852 1761 895 ordine
1791 865 1895 896 uuus
1924 854 2017 909 pri-

311 948 428 978 mum
457 934 646 977 infernas
674 938 884 987 catervaS,
915 933 1070 976 deinde
1099 940 1382 991 tempestates
1407 937 1518 978 coeli
1547 936 1723 980 exhibet
1748 949 1884 992 sagae
1910 937 2021 980 obe-

311 1018 496 1060 dientes.
530 1016 692 1071 (Quasi
722 1017 983 1058 Germanice
1014 1016 1159 1059 dicas:
1189 1017 1264 1058 ilzr
1290 1017 1508 1075 gehorcht
1540 1016 1686 1060 Ober·
1716 1017 1813 1060 und
1847 1018 2018 1061 Umer-

312 1101 440 1149 welt,
479 1102 658 1143 Unter-
688 1100 783 1142 uncl
811 1099 1069 1154 Oberwell.)
1134 1099 1264 1145 Quod
1294 1106 1439 1143 autem
1471 1101 1558 1143 duo
1587 1103 1710 1157 paria
1739 1100 2017 1145 distichorum

313 1187 460 1242 posuit
491 1190 536 1227 et
567 1185 634 1227 bis
665 1183 862 1238 depinxit
891 1196 1024 1237 sagae
1057 1197 1137 1238 per
1165 1196 1325 1238 supera
1351 1189 1402 1226 -et
1431 1183 1600 1226 inferna
1628 1186 1724 1228 loca
1765 1186 2016 1241 potentiam,

311 1273 430 1310 recte
461 1272 507 1310 et
538 1271 688 1310 ornate
718 1266 846 1318 fecit,
894 1278 948 1307 ne
979 1265 1105 1306 nimis
1135 1263 1250 1306 nude
1280 1264 1471 1318 diceret,
1515 1267 1553 1307 si
1580 1267 1735 1309 semel.
1794 1265 1871 1308 Sic
1899 1266 2018 1308 Puc-

312 1363 462 1392 nnws
488 1348 620 1403 Pyth.
648 1349 684 1390 1.
715 1349 1012 1404 oppositarum
1044 1349 1087 1390 in
1117 1347 1309 1390 Hierone
1338 1349 1546 1390 virtutum
1574 1347 1920 1391 coniunctIonem
1950 1347 2018 1392 bis

311 1434 519 1476 declarat.
551 1456 611 1464 —
641 1437 805 1475 tenet
835 1432 1095 1474 infernas
1127 1437 1418 1485 catervas,
1451 1430 1492 1474 h.
1524 1445 1563 1475 e.
1593 1433 1756 1476 animas
1788 1437 2020 1486 evocatas3

310 1529 452 1569 neque
485 1515 597 1557 enim
627 1514 730 1556 licet
760 1527 858 1556 cum
889 1513 947 1555 H.
982 1514 1144 1556 Vossm
1178 1519 1356 1569 repente
1388 1514 1493 1556 deos
1522 1514 1714 1557 infernos
1756 1515 2016 1570 intelligere,

311 1597 603 1654 Tisiphonen,
657 1596 854 1639 Hecaten
887 1610 985 1638 cum
1016 1597 1289 1652 serpentibus
1321 1598 1611 1652 canibusque,
1657 1611 1766 1654 quas
1803 1612 1844 1642 v.
1876 1613 1916 1643 c.
1947 1613 2018 1656 ap.

310 1683 493 1726 Holwr.
526 1684 620 1725 Sat.
651 1682 687 1735 I,
719 1684 764 1734 8,
792 1685 851 1723 37
882 1694 976 1736 sqq.
1005 1681 1138 1726 vides.
1203 1683 1268 1725 De
1308 1681 1373 1725 his
1413 1697 1439 1725 a
1469 1683 1646 1726 Tibullo
1688 1697 1790 1728 mox
1834 1683 2018 1738 dicetur,

309 1781 421 1810 nunc
450 1767 642 1810 infernae
673 1772 873 1809 catervae
908 1767 1153 1808 necessario
1186 1780 1240 1808 ex
1270 1767 1543 1810 antecedenti
1576 1767 1760 1811 disticho
1791 1769 2016 1824 explican-

309 1851 405 1893 dae.
470 1852 532 1893 Ac
566 1863 620 1892 ne
649 1850 760 1892 male
793 1854 837 1891 te
878 1847 1035 1892 habeat
1075 1850 1193 1903 quod
1235 1849 1302 1892 bis
1342 1849 1396 1891 de
1437 1851 1634 1893 manibus
1664 1849 1770 1894 dicit
1801 1850 2016 1904 Tibullus,

310 1933 414 1975 dicit
444 1933 511 1974 bis
542 1932 627 1974 alio
658 1931 804 1984 modo,
837 1932 1019 1987 primum
1051 1937 1099 1973 ut
1131 1936 1286 1975 evocet
1313 1945 1388 1974 eas
1417 1945 1538 1987 saga,
1570 1933 1726 1976 deinde
1754 1939 1804 1977 ut
1824 1935 2019 1989 pro-avi

309 2017 439 2059 bitrIo
471 2020 618 2059 teneat
646 2020 720 2058 aut
751 2016 956 2058 remittat.
1029 2015 1140 2058 Cum
1183 2017 1296 2058 enim
1341 2017 1538 2069 animae,
1582 2017 1744 2062 invitae
1775 2031 1886 2074 quae
1916 2031 2016 2062 sur-

310 2107 527 2154 rexerant,
559 2113 686 2155 quam
719 2100 903 2155 primum
937 2099 1080 2142 redire
1111 2104 1322 2155 cuperent
1351 2100 1393 2142 in
1424 2101 1595 2154 quietas
1622 2103 1764 2156 sedes,
1793 2116 1881 2146 non
1910 2115 2019 2158 pos-

308 2194 405 2231 sent
444 2200 549 2230 vero
593 2186 795 2241 quamdiu
837 2187 974 2228 nollet
1012 2199 1144 2239 saga,
1192 2185 1434 2228 luculenter
1464 2187 1595 2230 etiam
1623 2187 1689 2230 sic
1719 2186 1919 2232 laudatur
1949 2189 2015 2232 vis

308 2271 432 2314 huius
463 2270 661 2322 feminae,
692 2274 741 2311 ut
771 2272 918 2311 monet
949 2269 1079 2310 etiam
1113 2268 1486 2311 ssnoucxnusms.
1546 2269 1703 2312 Divisit
1731 2274 1877 2313 autem
1907 2268 2016 2314 haec

305 2354 366 2396 ita
386 2353 600 2405 Tibullus,
631 2352 732 2406 quia
763 2353 892 2394 etiam
925 2352 979 2394 de
1007 2352 1176 2408 superis
1206 2351 1336 2395 rebus
1368 2351 1436 2394 bis
1468 2351 1614 2395 dicere
1644 2352 1819 2396 volebat
1849 2358 1894 2396 et
1924 2354 2015 2398 duo

307 2437 425 2493 paria
459 2435 741 2479 distichorum
785 2447 946 2491 ponere
990 2436 1071 2477 sibi
1115 2435 1445 2492 respondentia,
1492 2434 1853 2490 quemadmodum
1883 2449 2016 2494 supra

306 2519 469 2564 monui.
534 2517 660 2560 Unde
703 2517 777 2572 qui
818 2518 938 2559 locus
979 2517 1202 2559 continuat
1245 2517 1436 2572 priorem
1481 2516 1536 2559 de
1567 2519 1820 2562 evocatione
1849 2520 2017 2563 anima-

306 2615 416 2655 rum,
448 2601 574 2644 simul
606 2606 750 2643 tamen
783 2600 1063 2654 distinguitur
1092 2600 1147 2641 ab
1179 2612 1231 2642 eo
1263 2605 1309 2642 et
1338 2601 1573 2656 opponitur
1602 2601 1817 2656 sequenti.
1880 2601 2015 2645 Cete-

306 2698 400 2728 rum
431 2685 484 2727 ad
517 2689 682 2726 tenet
717 2683 771 2726 cf.
802 2684 939 2727 Pus.
972 2683 1205 2736 XXXVII,
1235 2686 1307 2725 73.
1341 2683 1560 2727 laudatum
1596 2697 1622 2726 a
1654 2683 2012 2730 Bnoucxmsstoz

304 2768 594 2825 Synocleitide
614 2767 824 2823 (dicunt)
856 2765 1036 2809 umbras
1065 2766 1316 2814 inferorum
1346 2773 1556 2809 evocatas
1588 2766 1743 2810 teneri.
1778 2790 1828 2800 -
1873 2768 2014 2812 Porro

304 2855 526 2908 magico
559 2853 818 2895 stridore
850 2856 918 2894 est
946 2863 1178 2904 murmure,
1209 2857 1258 2893 ut
1288 2852 1385 2894 Su„
1418 2851 1546 2894 lma.
1579 2852 1701 2906 VIII,
1730 2856 1836 2897 502.
1897 2853 2012 2899 Nam

305 2949 496 2979 murmur
526 2940 652 2977 notus
685 2936 728 2977 in
759 2934 951 2987 magicis,
982 2933 1037 2977 cf.
1061 2946 1101 2975 v.
1126 2947 1166 2976 c·
1199 2933 1334 2977 Ovn).
1369 2934 1477 2976 Met.
1503 2934 1601 2988 VII,
1630 2939 1736 2979 251.
1800 2936 1898 2980 Alia
1927 2950 2013 2981 vox

305 3020 474 3073 magica
506 3022 572 3060 est
603 3018 805 3069 ululatus,
837 3016 953 3071 quod
985 3018 1127 3060 obiter
1157 3023 1331 3071 annoto,
1373 3019 1511 3072 magis
1540 3019 1744 3073 tributus,
1785 3020 1842 3065 cf.
1871 3021 2015 3065 Ovm.

306 3101 415 3142 Met.
449 3100 547 3152 vn,
573 3102 674 3141 190.
703 3099 823 3152 XIV,
840 3092 950 3142 405?
973 3100 1092 3142 flou.
1123 3101 1216 3142 sat.
1249 3101 1283 3154 Ι,
1303 3104 1346 3154 a,
1371 3103 1447 3144 25.
1509 3101 1608 3144 Hoc
1633 3103 1731 3146 1000
1758 3108 1881 3147 tenet
1903 3118 2011 3160 saga

306 3187 500 3225 catervas
527 3183 778 3236 colloquens
807 3187 851 3224 et
878 3195 1085 3238 responsa
1110 3196 1346 3237 quaerens,
1379 3182 1436 3227 cf.
1466 3182 1652 3226 Honasr.
1679 3185 1772 3228 Sat.
1795 3185 1831 3239 I·,
1860 3189 1904 3240 8,
1933 3190 2008 3231 29.

308 3267 514 3310 Ceterum
558 3277 614 3308 ex
657 3264 799 3307 verbis
842 3264 1036 3307 barbaris
1067 3271 1111 3308 et
1153 3266 1421 3321 peregrinis,
1470 3265 1678 3320 dissonis,
1718 3268 2012 3314 ineffabilibus

307 3350 564 3393 constabant
592 3348 762 3402 magica
792 3349 1005 3402 carmina,
1036 3349 1091 3391 cf.
1124 3350 1323 3392 Locrus.
1354 3349 1470 3391 Dial.
1501 3354 1678 3392 meretr.
1710 3349 1800 3394 1v=
1837 3347 2010 3408 ἐπῳδήν

308 3448 404 3472 τινα
438 3431 620 3484 λέγουσα
651 3426 862 3488 ἐπιτρόχῳ
891 3432 950 3487 τῇ
977 3428 1165 3488 γλώσσῃ,
1196 3426 1446 3488 βαρβαρικᾰ
1478 3434 1548 3473 καὶ
1578 3426 1774 3489 φρικώδη
1801 3428 2010 3483 ὅνόματα,
