2158 3750
304 302 404 351 140
690 299 1157 354 COMMENTAR.
1194 299 1269 351 IN
1307 298 1597 353 TIBULLI

302 448 379 490 Sic
421 445 601 489 HoRA'r.
644 446 728 489 Od.
759 447 817 500 ΙΙ,
849 450 919 497 19,
952 450 1035 490 11ι
1088 446 1261 490 truncis
1303 445 1434 502 lapsa
1478 443 1604 487 cavis
1645 441 1792 485 mella.
1865 442 2001 484 Docet

303 532 706 575 Wunnssnmcnms
730 529 770 573 h.
795 532 822 574 l.
851 533 997 575 multis
1022 534 1232 589 exemplis
1262 545 1360 575 cum
1391 534 1516 572 sexto
1546 541 1651 571 casu
1682 527 1844 581 absque
1874 539 2002 582 prae-

302 614 516 668 positione
547 613 662 668 apud
693 618 846 669 poetas
876 616 1066 656 construi
1101 615 1256 667 verba,
1301 613 1476 669 prodire
1505 609 1666 664 aliquid
1697 621 1753 650 ex
1782 607 1925 662 aliqua
1955 620 2002 649 re

301 695 596 747 significantia.
670 695 771 737 Hoc
813 697 910 738 loco
953 697 1082 738 etiam
1125 696 1312 738 brevitas
1353 694 1475 736 verbi
1517 693 1691 748 proprie
1723 695 1767 733 et
1795 689 2003 732 translate

301 780 496 834 usurpati
525 779 680 832 suavis,
710 786 759 822 ut
789 781 882 823 fieri
913 782 1024 824 solet
1054 794 1187 836 saepe
1218 781 1261 821 in
1287 780 1443 821 talibus
1475 778 1616 820 dictis.
1675 778 1816 819 Porro
1840 775 2003 830 optime

300 860 702 905 thnmtmcnms
735 863 949 918 observat,
980 866 1267 921 imprecantes
1298 877 1323 906 a
1353 864 1496 916 rebus,
1530 874 1641 916 quae
1672 860 1785 902 forte
1815 863 2007 901 tractan-

301 948 372 985 tur
401 950 477 987 aut
505 946 640 1000 fiunt,
681 947 912 990 transferre
941 948 1072 990 verba
1103 948 1273 999 solere,
1319 950 1366 987 ut
1397 944 1465 987 hic
1496 959 1521 986 a
1552 943 1760 997 sanguine
1791 941 1930 983 effuso
1960 943 2007 981 et

299 1039 326 1067 a
356 1027 500 1070 cinere
528 1042 630 1071 arae
660 1032 899 1085 praesentis
929 1031 1192 1087 comparatio
1224 1032 1397 1086 petitur.
1461 1029 1626 1072 Similis
1662 1039 1766 1068 usus
1799 1024 1919 1066 Hom.
1954 1022 2008 1066 n.

299 1109 379 1164 111,
410 1114 514 1153 299.
555 1114 695 1155 Sopn.
735 1114 800 1155 Αἰ.
838 1116 1111 1155 1177-1179.
1194 1113 1424 1155 Postremo
1468 1111 1522 1153 de
1569 1108 1876 1165 imprecatione
1915 1106 2010 1161 ipsa

302 1195 537 1236 notandum
570 1200 660 1246 est,
705 1194 923 1236 obversari
966 1198 1122 1249 poetae
1164 1193 1307 1235 animo
1339 1193 1545 1248 imprimis
1577 1192 1800 1244 elegantes
1830 1188 2010 1230 divites-

301 1288 388 1328 que
418 1280 649 1328 amatores,
681 1275 754 1330 qui
789 1275 914 1317 donis
946 1280 991 1318 et
1021 1275 1237 1329 elegantia
1267 1276 1408 1318 cultus
1437 1275 1504 1317 sui
1536 1274 1724 1329 puellam
1753 1271 2011 1314 alliciebant.

300 1354 385 1398 His
415 1356 562 1410 igitur,
590 1356 627 1398 si
657 1357 879 1411 tetigerint
910 1370 1018 1409 eam,
1051 1355 1297 1400 dilabentur
1326 1369 1449 1412 opes,
1479 1355 1636 1410 quibus
1665 1354 1852 1411 pessime
1875 1358 2007 1395 utun-

299 1444 396 1493 tur,
454 1441 815 1496 denuntiaturque
858 1443 912 1484 iis
979 1450 1151 1498 egestas
1199 1448 1417 1497 tamquam
1463 1442 1711 1496 dignissima
1755 1451 1908 1496 poena.
1951 1461 2012 1471 —

301 1522 357 1564 V.
382 1526 455 1568 55.
487 1526 561 1567 56.
623 1524 733 1566 Cum
763 1538 875 1566 nunc
906 1525 1035 1567 etiam
1071 1525 1220 1568 Deliae
1250 1524 1527 1567 denuntietur
1555 1536 1721 1579 poena,
1753 1519 2002 1564 observabis

301 1609 351 1647 ut
382 1619 484 1648 vero
518 1609 662 1662 paullo
694 1609 831 1650 lenior
864 1610 940 1651 fiat
980 1610 1135 1652 oratio.
1196 1610 1392 1653 Primum
1432 1607 1531 1650 vide
1574 1606 1745 1649 mollem
1775 1604 2004 1646 allocutio-

301 1700 425 1730 nem:
455 1701 574 1730 mea
605 1689 793 1744 Delia,
829 1690 986 1733 deinde
1016 1692 1145 1733 etiam
1178 1689 1260 1734 hoc
1290 1691 1453 1744 lenius,
1484 1690 1864 1733 Wmsnssnmcmo
1896 1697 2010 1739 quo-

303 1783 388 1824 que
420 1776 622 1825 notante,
663 1773 779 1826 quod
811 1773 940 1816 dicit=
987 1774 1190 1816 nescio
1224 1785 1360 1828 quas
1394 1785 1637 1828 poenas,
1678 1782 1764 1812 non
1790 1767 2008 1811 recordari

303 1862 352 1891 se
382 1852 548 1906 fingens
578 1853 681 1906 quid
711 1854 870 1895 minata
900 1855 958 1895 sit
987 1853 1205 1896 sacerdos.
1267 1853 1467 1907 Denique
1495 1851 1687 1894 eiusdem
1717 1848 1888 1904 generis
1910 1851 2012 1889 sunt

302 1946 456 1988 preces
486 1937 757 1989 pentametri.
830 1936 1080 1978 Dubitatum
1115 1934 1186 1978 hic
1218 1940 1285 1978 est
1323 1948 1410 1989 quo
1450 1935 1664 1992 pertineat
1699 1932 1814 1974 illa.
1880 1929 2013 1972 Nihili

305 2019 374 2057 est
404 2017 663 2071 explicatio:
694 2017 752 2058 sit
780 2017 984 2060 sacerdos
1012 2032 1122 2060 vana
1154 2023 1198 2060 et
1228 2018 1428 2070 mendax,
1458 2018 1544 2059 sint
1570 2017 1719 2058 inanes
1747 2015 1840 2061 eins
1868 2014 2010 2056 minae

303 2109 385 2139 nec
416 2099 615 2140 eveniant
646 2110 825 2153 poenae.
886 2099 936 2141 ln
968 2113 1054 2153 quo
1085 2113 1166 2143 nec
1197 2100 1336 2141 oratio
1369 2099 1495 2152 bona,
1526 2111 1607 2141 nec
1636 2110 1814 2150 sensus;
1844 2101 2009 2140 certum

306 2186 375 2224 est
405 2182 518 2224 enim
550 2196 732 2237 poenam
764 2184 876 2227 velle
907 2189 1094 2239 poetam.
1172 2183 1356 2226 Referat
1398 2184 1506 2226 alius
1546 2181 1630 2223 illa
1673 2181 1728 2224 ad
1770 2181 2010 2232 Bellonam,

305 2280 404 2308 cum
433 2265 543 2307 levis
574 2268 628 2309 de
661 2267 856 2322 personis
886 2268 1054 2310 dicatur
1084 2280 1148 2323 pr.
1178 2269 1300 2321 lenis,
1332 2269 1463 2320 mitis,
1495 2266 1555 2312 cf.
1583 2268 1765 2310 Hoaoer.
1796 2265 1833 2318 1,
1865 2268 1935 2318 18,
1965 2267 2007 2307 9.

306 2353 351 2389 et
403 2348 500 2390 vide
553 2350 861 2393 SAnvAeNmM
905 2351 959 2394 ad
1007 2351 1132 2395 Ovid.
1176 2351 1271 2394 Ibin
1320 2366 1361 2396 v.
1400 2354 1507 2395 212.
1578 2351 1848 2394 Huscmcms
1888 2348 2010 2391 addit

303 2429 481 2472 PLAUT.
513 2431 707 2475 Trinum-
742 2432 821 2486 ΙΙΙ,
851 2436 896 2487 2,
927 2437 999 2477 58.
1061 2434 1270 2477 Similiter
1310 2434 1467 2483 κοῦφος
1511 2438 1578 2477 est
1621 2433 1782 2476 dictum
1825 2432 2011 2484 Graece,

303 2511 390 2552 vid.
437 2513 635 2556 CALLIM·
676 2515 829 2572 Epigr.
873 2517 992 2560 LXI.
1039 2517 1233 2560 Analect.
1282 2519 1494 2561 Batmcx.
1539 2517 1594 2560 Τ.
1625 2517 1660 2570 Ι,
1702 2531 1745 2572 p.
1777 2518 1880 2559 4⁴15.
1952 2517 2012 2558 At

306 2596 418 2638 enim
450 2598 580 2640 etiam
618 2596 700 2642 hoc
730 2600 956 2656 displicet3
999 2602 1126 2644 nimis
1156 2607 1368 2644 remotum
1403 2600 1500 2644 hinc
1531 2601 1639 2643 deae
1670 2612 1852 2653 nomen,
1882 2610 2011 2652 quam

305 2682 354 2718 ut
382 2676 464 2721 huc
490 2680 685 2724 adhiberi
715 2684 865 2738 possit.
926 2685 1086 2727 Restat
1114 2686 1247 2740 igitur
1276 2686 1392 2740 quod
1421 2685 1798 2740 simplicissimum,
1832 2687 1879 2724 ut
1906 2695 2011 2737 sup-

305 2762 478 2816 pleatur
500 2779 661 2819 poena.
721 2766 782 2808 Et
822 2766 903 2809 hoc
945 2781 1107 2812 verum.
1169 2769 1324 2823 Neque
1354 2770 1658 2811 soloecismum
1689 2767 1793 2810 fecit
1823 2771 1953 2823 poeta
1982 2780 2010 2809 a

305 2846 463 2899 plurali
501 2849 556 2890 ad
599 2850 859 2903 singularem
901 2853 1135 2905 transiens,
1177 2857 1252 2894 aut
1294 2852 1584 2907 negligentiae
1615 2851 1808 2894 accusari
1850 2854 2009 2906 potest,

306 2930 385 2971 sed
429 2934 625 2975 consulto
667 2935 727 2976 ita
768 2935 965 2990 scripsit,
1009 2950 1106 2976 cum
1149 2935 1382 2977 minuatur
1420 2936 1558 2976 etiam
1589 2934 1653 2977 sic
1685 2933 2011 2992 magnitudinis

306 3013 442 3056 notio.
504 3016 646 3057 Multa
677 3022 775 3058 sunt
804 3018 918 3073 apud
950 3019 1211 3074 scriptores’,
1254 3032 1365 3073 quae
1397 3019 1676 3074 grammatica
1705 3017 1898 3060 severior
1926 3019 2008 3060 im-

310 3095 480 3149 probat,
511 3095 724 3140 rhetoxica
763 3113 866 3142 vero
899 3106 944 3142 et
975 3103 1145 3156 poetica
1177 3115 1246 3144 ars
1276 3107 1321 3144 et
1351 3115 1502 3144 sensus
1539 3100 1706 3157 pulchri
1736 3101 1898 3153 docuit,
1929 3113 2008 3156 pe-

309 3178 491 3219 culiares
521 3180 786 3234 singulorum
828 3183 1022 3226 locorum
1059 3185 1248 3227 rationes
1279 3197 1493 3239 sequens3
1531 3183 1646 3238 quod
1677 3183 1903 3225 discrimen
1937 3184 2008 3238 qui

306 3256 509 3308 ignorant
534 3265 578 3301 et
607 3262 711 3304 solis
738 3265 1028 3316 grammaticis
1054 3266 1218 3320 regulis
1256 3280 1390 3322 opera
1427 3271 1618 3309 veterum
1644 3266 1848 3321 explicari
1881 3278 2010 3321 posse

310 3346 503 3396 censent,
532 3342 576 3384 in
607 3345 795 3387 maximo
826 3359 972 3390 errore
1003 3354 1242 3391 versantur.
1274 3370 1332 3380 —
1365 3350 1417 3393 V.
1448 3353 1508 3391 57
1537 3362 1600 3402 sq.
1663 3347 1705 3389 N
1719 3361 1783 3390 on
1816 3361 1921 3402 ego
1952 3353 2008 3391 te

310 3429 552 3478 propter
584 3439 754 3481 parco
785 3428 916 3481 tibi,
947 3442 1030 3472 non
1062 3434 1162 3473 tuae
1191 3432 1328 3474 malae
1353 3430 1452 3474 fidei
1479 3429 1589 3474 hanc
1619 3430 1837 3472 lenitatem
1871 3442 2006 3473 nicam

2142 3532 2158 3574 ,⁴-

2139 3591 2147 3621 ς
