<?xml version="1.0" encoding="UTF-8"?>
<!DOCTYPE html PUBLIC "-//W3C//DTD XHTML 1.0 Transitional//EN"
    "http://www.w3.org/TR/xhtml1/DTD/xhtml1-transitional.dtd">
<html xmlns="http://www.w3.org/1999/xhtml" xml:lang="en" lang="en">
 <head>
  <title>
</title>
<meta http-equiv="Content-Type" content="text/html;charset=utf-8" />
  <meta name='ocr-system' content='tesseract 3.04.00' />
  <meta name='ocr-capabilities' content='ocr_page ocr_carea ocr_par ocr_line ocrx_word'/>
</head>
<body>
  <div class='ocr_page' id='page_1' title='image "./carminaexrecensi01tibuuoft_0432.png"; bbox 0 0 2158 3750; ppageno 0'>
   <div class='ocr_carea' id='block_1_1' title="bbox 286 282 1595 350">
    <p class='ocr_par' dir='ltr' id='par_1_1' title="bbox 286 282 1595 350">
     <span class='ocr_line' id='line_1_1' title="bbox 286 282 1595 350; baseline -0.002 0"><span class='ocrx_word' id='word_1_1' title='bbox 286 306 386 350; x_wconf 90' lang='lat'><strong>100</strong></span> <span class='ocrx_word' id='word_1_2' title='bbox 690 295 1157 349; x_wconf 84' lang='lat' dir='ltr'><strong>COMMENTAR.</strong></span> <span class='ocrx_word' id='word_1_3' title='bbox 1195 282 1270 348; x_wconf 77' lang='grc' dir='ltr'><strong>ιΝ</strong></span> <span class='ocrx_word' id='word_1_4' title='bbox 1309 297 1595 349; x_wconf 83' lang='lat' dir='ltr'>TIBULLI</span> 
     </span>
    </p>
   </div>
   <div class='ocr_carea' id='block_1_2' title="bbox 278 424 1988 1244">
    <p class='ocr_par' dir='ltr' id='par_1_2' title="bbox 278 424 1988 1243">
     <span class='ocr_line' id='line_1_2' title="bbox 289 424 1986 504; baseline -0.001 -15"><span class='ocrx_word' id='word_1_5' title='bbox 289 446 404 489; x_wconf 82' lang='lat' dir='ltr'><strong>Nub.</strong></span> <span class='ocrx_word' id='word_1_6' title='bbox 436 448 538 487; x_wconf 81' lang='lat'><strong>551.</strong></span> <span class='ocrx_word' id='word_1_7' title='bbox 590 442 743 484; x_wconf 69' lang='grc' dir='ltr'><strong>δοῦναι</strong></span> <span class='ocrx_word' id='word_1_8' title='bbox 774 441 942 496; x_wconf 83' lang='lat' dir='ltr'><strong>Equitt.</strong></span> <span class='ocrx_word' id='word_1_9' title='bbox 977 424 1082 485; x_wconf 70' lang='grc'>85].</span> <span class='ocrx_word' id='word_1_10' title='bbox 1115 425 1310 484; x_wconf 55' lang='grc' dir='ltr'><strong>ἓιιδοῧναι</strong></span> <span class='ocrx_word' id='word_1_11' title='bbox 1340 441 1442 485; x_wconf 78' lang='lat' dir='ltr'><strong>ibid.</strong></span> <span class='ocrx_word' id='word_1_12' title='bbox 1474 428 1580 486; x_wconf 48' lang='lat'><strong>⁴85¹7}</strong></span> <span class='ocrx_word' id='word_1_13' title='bbox 1622 446 1818 502; x_wconf 71' lang='grc' dir='ltr'><strong>παρέχειν</strong></span> <span class='ocrx_word' id='word_1_14' title='bbox 1848 444 1986 504; x_wconf 74' lang='grc' dir='ltr'><em>λαβήν</em></span> 
     </span>
     <span class='ocr_line' id='line_1_3' title="bbox 286 514 1987 587; baseline 0.001 -17"><span class='ocrx_word' id='word_1_15' title='bbox 286 529 428 571; x_wconf 55' lang='lat' dir='ltr'><strong>Pan.</strong></span> <span class='ocrx_word' id='word_1_16' title='bbox 464 525 518 567; x_wconf 91' lang='lat' dir='ltr'><strong>de</strong></span> <span class='ocrx_word' id='word_1_17' title='bbox 548 537 640 580; x_wconf 88' lang='lat' dir='ltr'>rep.</span> <span class='ocrx_word' id='word_1_18' title='bbox 671 522 791 567; x_wconf 84' lang='lat' dir='ltr'><strong>vul.</strong></span> <span class='ocrx_word' id='word_1_19' title='bbox 824 538 866 579; x_wconf 86' lang='lat' dir='ltr'><strong>p.</strong></span> <span class='ocrx_word' id='word_1_20' title='bbox 899 525 1004 587; x_wconf 72' lang='lat'><strong>544,</strong></span> <span class='ocrx_word' id='word_1_21' title='bbox 1032 514 1084 565; x_wconf 86' lang='lat' dir='ltr'><strong>B.</strong></span> <span class='ocrx_word' id='word_1_22' title='bbox 1137 522 1247 566; x_wconf 88' lang='lat' dir='ltr'><strong>Add.</strong></span> <span class='ocrx_word' id='word_1_23' title='bbox 1282 525 1389 567; x_wconf 71' lang='lat' dir='ltr'><strong>Asr.</strong></span> <span class='ocrx_word' id='word_1_24' title='bbox 1421 524 1475 566; x_wconf 92' lang='lat' dir='ltr'><strong>ad</strong></span> <span class='ocrx_word' id='word_1_25' title='bbox 1506 520 1700 569; x_wconf 51' lang='lat' dir='ltr'><strong>&#39;Phaedri</strong></span> <span class='ocrx_word' id='word_1_26' title='bbox 1720 542 1762 583; x_wconf 89' lang='lat' dir='ltr'><strong>p.</strong></span> <span class='ocrx_word' id='word_1_27' title='bbox 1791 532 1894 572; x_wconf 79' lang='lat'>251.</span> <span class='ocrx_word' id='word_1_28' title='bbox 1927 553 1987 562; x_wconf 94' lang='lat'><strong>—-</strong></span> 
     </span>
     <span class='ocr_line' id='line_1_4' title="bbox 288 600 1988 674; baseline 0.001 -20"><span class='ocrx_word' id='word_1_29' title='bbox 288 612 340 654; x_wconf 90' lang='lat' dir='ltr'><strong>V.</strong></span> <span class='ocrx_word' id='word_1_30' title='bbox 362 613 418 652; x_wconf 85' lang='lat'><strong>53</strong></span> <span class='ocrx_word' id='word_1_31' title='bbox 441 622 504 663; x_wconf 88' lang='lat' dir='ltr'><strong>sq.</strong></span> <span class='ocrx_word' id='word_1_32' title='bbox 548 608 718 650; x_wconf 90' lang='lat' dir='ltr'><strong>Tunc</strong></span> <span class='ocrx_word' id='word_1_33' title='bbox 759 605 868 650; x_wconf 87' lang='lat' dir='ltr'><strong>Post</strong></span> <span class='ocrx_word' id='word_1_34' title='bbox 898 600 1003 649; x_wconf 82' lang='lat' dir='ltr'><strong>talia</strong></span> <span class='ocrx_word' id='word_1_35' title='bbox 1034 606 1255 662; x_wconf 87' lang='lat' dir='ltr'><strong>obsequia</strong></span> <span class='ocrx_word' id='word_1_36' title='bbox 1269 631 1328 640; x_wconf 91' lang='grc'><strong>--</strong></span> <span class='ocrx_word' id='word_1_37' title='bbox 1361 608 1554 674; x_wconf 77' lang='lat' dir='ltr'><strong>rapias</strong></span> <span class='ocrx_word' id='word_1_38' title='bbox 1585 608 1799 654; x_wconf 81' lang='lat' dir='ltr'><strong>oscula.</strong></span> <span class='ocrx_word' id='word_1_39' title='bbox 1842 610 1988 655; x_wconf 88' lang='lat' dir='ltr'><strong>Etiam</strong></span> 
     </span>
     <span class='ocr_line' id='line_1_5' title="bbox 287 686 1987 766; baseline 0.001 -30"><span class='ocrx_word' id='word_1_40' title='bbox 287 695 448 737; x_wconf 89' lang='lat' dir='ltr'><strong>Graeci</strong></span> <span class='ocrx_word' id='word_1_41' title='bbox 496 692 644 736; x_wconf 89' lang='lat' dir='ltr'><strong>dicunt</strong></span> <span class='ocrx_word' id='word_1_42' title='bbox 691 687 896 748; x_wconf 67' lang='grc' dir='ltr'><strong>ἁρπάζειν</strong></span> <span class='ocrx_word' id='word_1_43' title='bbox 942 686 1194 748; x_wconf 79' lang='grc' dir='ltr'><strong>φιλήματα,</strong></span> <span class='ocrx_word' id='word_1_44' title='bbox 1243 698 1291 735; x_wconf 92' lang='lat' dir='ltr'><strong>ut</strong></span> <span class='ocrx_word' id='word_1_45' title='bbox 1336 704 1464 761; x_wconf 87' lang='lat' dir='ltr'><strong>quem</strong></span> <span class='ocrx_word' id='word_1_46' title='bbox 1511 689 1782 736; x_wconf 69' lang='lat' dir='ltr'><strong>Hoscnxms</strong></span> <span class='ocrx_word' id='word_1_47' title='bbox 1829 691 1987 766; x_wconf 84' lang='lat' dir='ltr'><strong>laudat,</strong></span> 
     </span>
     <span class='ocr_line' id='line_1_6' title="bbox 281 760 1988 849; baseline 0 -30"><span class='ocrx_word' id='word_1_48' title='bbox 281 778 555 820; x_wconf 67' lang='lat' dir='ltr'><strong>Mammam</strong></span> <span class='ocrx_word' id='word_1_49' title='bbox 588 789 656 832; x_wconf 86' lang='lat' dir='ltr'><strong>ep.</strong></span> <span class='ocrx_word' id='word_1_50' title='bbox 688 760 884 836; x_wconf 73' lang='lat' dir='ltr'><strong>X1V,8.</strong></span> <span class='ocrx_word' id='word_1_51' title='bbox 918 797 976 805; x_wconf 91' lang='grc'>-</span> <span class='ocrx_word' id='word_1_52' title='bbox 1024 775 1158 830; x_wconf 88' lang='lat' dir='ltr'><strong>apta</strong></span> <span class='ocrx_word' id='word_1_53' title='bbox 1204 773 1388 827; x_wconf 90' lang='lat' dir='ltr'><strong>dabit,</strong></span> <span class='ocrx_word' id='word_1_54' title='bbox 1435 774 1569 828; x_wconf 82' lang='lat' dir='ltr'><strong>quae</strong></span> <span class='ocrx_word' id='word_1_55' title='bbox 1577 776 1653 817; x_wconf 82' lang='lat' dir='ltr'><strong>ore</strong></span> <span class='ocrx_word' id='word_1_56' title='bbox 1682 786 1768 819; x_wconf 91' lang='lat' dir='ltr'><strong>non</strong></span> <span class='ocrx_word' id='word_1_57' title='bbox 1812 762 1988 849; x_wconf 82' lang='lat' dir='ltr'><strong>nimium</strong></span> 
     </span>
     <span class='ocr_line' id='line_1_7' title="bbox 282 845 1987 915; baseline 0.001 -11"><span class='ocrx_word' id='word_1_58' title='bbox 282 850 554 905; x_wconf 86' lang='lat' dir='ltr'><strong>detrectante</strong></span> <span class='ocrx_word' id='word_1_59' title='bbox 585 860 766 913; x_wconf 87' lang='lat' dir='ltr'><strong>dantur,</strong></span> <span class='ocrx_word' id='word_1_60' title='bbox 812 863 861 902; x_wconf 90' lang='lat' dir='ltr'><strong>ut</strong></span> <span class='ocrx_word' id='word_1_61' title='bbox 892 845 1114 902; x_wconf 65' lang='lat' dir='ltr'><strong>Hermus</strong></span> <span class='ocrx_word' id='word_1_62' title='bbox 1146 859 1217 901; x_wconf 88' lang='lat' dir='ltr'><strong>ait.</strong></span> <span class='ocrx_word' id='word_1_63' title='bbox 1281 859 1463 901; x_wconf 86' lang='lat' dir='ltr'><strong>Confert</strong></span> <span class='ocrx_word' id='word_1_64' title='bbox 1504 857 1645 902; x_wconf 81' lang='lat' dir='ltr'><strong>Ovm.</strong></span> <span class='ocrx_word' id='word_1_65' title='bbox 1668 859 1858 905; x_wconf 85' lang='lat' dir='ltr'><strong>Heroid.</strong></span> <span class='ocrx_word' id='word_1_66' title='bbox 1886 859 1987 915; x_wconf 93' lang='lat' dir='ltr'><strong>XV,</strong></span> 
     </span>
     <span class='ocr_line' id='line_1_8' title="bbox 279 940 1984 997; baseline -0.001 -10"><span class='ocrx_word' id='word_1_67' title='bbox 279 948 613 987; x_wconf 77' lang='lat'><strong>131.132.-</strong></span> <span class='ocrx_word' id='word_1_68' title='bbox 642 940 696 985; x_wconf 98' lang='lat' dir='ltr'><strong>V</strong></span> <span class='ocrx_word' id='word_1_69' title='bbox 730 946 804 985; x_wconf 84' lang='lat'><strong>55</strong></span> <span class='ocrx_word' id='word_1_70' title='bbox 831 941 1035 997; x_wconf 85' lang='lat' dir='ltr'><strong>Rapta</strong></span> <span class='ocrx_word' id='word_1_71' title='bbox 1071 941 1243 985; x_wconf 88' lang='lat' dir='ltr'><strong>dabit.</strong></span> <span class='ocrx_word' id='word_1_72' title='bbox 1305 941 1494 984; x_wconf 90' lang='lat' dir='ltr'><strong>Locutio</strong></span> <span class='ocrx_word' id='word_1_73' title='bbox 1527 942 1679 985; x_wconf 89' lang='lat' dir='ltr'><strong>eadem</strong></span> <span class='ocrx_word' id='word_1_74' title='bbox 1708 943 1845 986; x_wconf 84' lang='lat' dir='ltr'><strong>Ovm</strong></span> <span class='ocrx_word' id='word_1_75' title='bbox 1879 943 1984 987; x_wconf 87' lang='lat' dir='ltr'><strong>Her.</strong></span> 
     </span>
     <span class='ocr_line' id='line_1_9' title="bbox 278 999 1986 1081; baseline -0.004 -10"><span class='ocrx_word' id='word_1_76' title='bbox 278 1029 378 1080; x_wconf 89' lang='lat' dir='ltr'><strong>XV,</strong></span> <span class='ocrx_word' id='word_1_77' title='bbox 412 1031 484 1071; x_wconf 85' lang='lat'><strong>44.</strong></span> <span class='ocrx_word' id='word_1_78' title='bbox 533 999 702 1071; x_wconf 79' lang='grc' dir='ltr'><strong>Αιιιοιι.</strong></span> <span class='ocrx_word' id='word_1_79' title='bbox 733 1018 865 1079; x_wconf 67' lang='lat'><strong>11,·&#39;&#39;4,</strong></span> <span class='ocrx_word' id='word_1_80' title='bbox 905 1028 982 1068; x_wconf 85' lang='lat'><strong>26.</strong></span> <span class='ocrx_word' id='word_1_81' title='bbox 1028 1037 1157 1068; x_wconf 85' lang='lat' dir='ltr'><strong>sensu</strong></span> <span class='ocrx_word' id='word_1_82' title='bbox 1197 1037 1300 1067; x_wconf 86' lang='lat' dir='ltr'><strong>vero</strong></span> <span class='ocrx_word' id='word_1_83' title='bbox 1332 1024 1517 1068; x_wconf 87' lang='lat' dir='ltr'><strong>diverso.</strong></span> <span class='ocrx_word' id='word_1_84' title='bbox 1559 1023 1674 1068; x_wconf 90' lang='lat' dir='ltr'><strong>·lllic</strong></span> <span class='ocrx_word' id='word_1_85' title='bbox 1704 1025 1817 1068; x_wconf 85' lang='lat' dir='ltr'><strong>enim</strong></span> <span class='ocrx_word' id='word_1_86' title='bbox 1847 1033 1986 1081; x_wconf 84' lang='lat' dir='ltr'><strong>rapta</strong></span> 
     </span>
     <span class='ocr_line' id='line_1_10' title="bbox 278 1103 1983 1166; baseline 0.001 -16"><span class='ocrx_word' id='word_1_87' title='bbox 278 1111 386 1151; x_wconf 80' lang='lat' dir='ltr'><strong>dare</strong></span> <span class='ocrx_word' id='word_1_88' title='bbox 418 1114 485 1153; x_wconf 90' lang='lat' dir='ltr'><strong>est</strong></span> <span class='ocrx_word' id='word_1_89' title='bbox 515 1123 581 1166; x_wconf 88' lang='lat' dir='ltr'><strong>pr.</strong></span> <span class='ocrx_word' id='word_1_90' title='bbox 614 1103 774 1166; x_wconf 83' lang='lat' dir='ltr'><strong>rapere</strong></span> <span class='ocrx_word' id='word_1_91' title='bbox 801 1107 982 1160; x_wconf 83' lang='lat' dir='ltr'><strong>dictum,</strong></span> <span class='ocrx_word' id='word_1_92' title='bbox 1012 1107 1081 1150; x_wconf 89' lang='lat' dir='ltr'><strong>hic</strong></span> <span class='ocrx_word' id='word_1_93' title='bbox 1111 1121 1178 1163; x_wconf 90' lang='lat' dir='ltr'><strong>pr.</strong></span> <span class='ocrx_word' id='word_1_94' title='bbox 1208 1109 1491 1150; x_wconf 73' lang='lat' dir='ltr'><strong>reluctantem</strong></span> <span class='ocrx_word' id='word_1_95' title='bbox 1523 1107 1643 1151; x_wconf 88' lang='lat' dir='ltr'><strong>dare.</strong></span> <span class='ocrx_word' id='word_1_96' title='bbox 1703 1107 1801 1152; x_wconf 86' lang='lat' dir='ltr'><strong>Nec</strong></span> <span class='ocrx_word' id='word_1_97' title='bbox 1829 1110 1983 1152; x_wconf 90' lang='lat' dir='ltr'><strong>mirum</strong></span> 
     </span>
     <span class='ocr_line' id='line_1_11' title="bbox 278 1170 1985 1244; baseline 0.001 -11"><span class='ocrx_word' id='word_1_98' title='bbox 278 1190 390 1244; x_wconf 81' lang='lat' dir='ltr'><strong>hoc,</strong></span> <span class='ocrx_word' id='word_1_99' title='bbox 420 1191 666 1234; x_wconf 88' lang='lat' dir='ltr'><strong>necessario</strong></span> <span class='ocrx_word' id='word_1_100' title='bbox 700 1170 816 1232; x_wconf 90' lang='lat' dir='ltr'><strong>aliud</strong></span> <span class='ocrx_word' id='word_1_101' title='bbox 849 1188 1065 1242; x_wconf 83' lang='lat' dir='ltr'><strong>siguificat</strong></span> <span class='ocrx_word' id='word_1_102' title='bbox 1096 1185 1264 1243; x_wconf 84' lang='lat' dir='ltr'><strong>phrasis</strong></span> <span class='ocrx_word' id='word_1_103' title='bbox 1296 1187 1351 1230; x_wconf 88' lang='lat' dir='ltr'><strong>de</strong></span> <span class='ocrx_word' id='word_1_104' title='bbox 1377 1194 1584 1242; x_wconf 86' lang='lat' dir='ltr'><strong>amatore,</strong></span> <span class='ocrx_word' id='word_1_105' title='bbox 1615 1189 1732 1232; x_wconf 77' lang='lat' dir='ltr'><strong>aliud</strong></span> <span class='ocrx_word' id='word_1_106' title='bbox 1763 1189 1820 1233; x_wconf 89' lang='lat' dir='ltr'><strong>de</strong></span> <span class='ocrx_word' id='word_1_107' title='bbox 1841 1197 1985 1235; x_wconf 88' lang='lat' dir='ltr'><strong>amato</strong></span> 
     </span>
    </p>
   </div>
   <div class='ocr_carea' id='block_1_3' title="bbox 274 1270 1986 1410">
    <p class='ocr_par' dir='ltr' id='par_1_3' title="bbox 274 1270 1986 1410">
     <span class='ocr_line' id='line_1_12' title="bbox 274 1270 1986 1352; baseline -0.002 -35"><span class='ocrx_word' id='word_1_108' title='bbox 274 1280 351 1317; x_wconf 88' lang='lat' dir='ltr'><strong>aut</strong></span> <span class='ocrx_word' id='word_1_109' title='bbox 381 1276 524 1316; x_wconf 82' lang='lat' dir='ltr'><strong>amata</strong></span> <span class='ocrx_word' id='word_1_110' title='bbox 555 1272 683 1315; x_wconf 86' lang='lat' dir='ltr'><strong>dicta</strong></span> <span class='ocrx_word' id='word_1_111' title='bbox 747 1272 954 1315; x_wconf 87' lang='lat' dir='ltr'><strong>Ceterum</strong></span> <span class='ocrx_word' id='word_1_112' title='bbox 987 1284 1074 1314; x_wconf 92' lang='lat' dir='ltr'><strong>non</strong></span> <span class='ocrx_word' id='word_1_113' title='bbox 1105 1271 1210 1314; x_wconf 87' lang='lat' dir='ltr'><strong>solis</strong></span> <span class='ocrx_word' id='word_1_114' title='bbox 1241 1270 1506 1352; x_wconf 87' lang='lat' dir='ltr'><strong>respondent</strong></span> <span class='ocrx_word' id='word_1_115' title='bbox 1536 1270 1642 1313; x_wconf 89' lang='lat' dir='ltr'><strong>haec</strong></span> <span class='ocrx_word' id='word_1_116' title='bbox 1672 1271 1805 1314; x_wconf 83' lang='lat' dir='ltr'><strong>verba</strong></span> <span class='ocrx_word' id='word_1_117' title='bbox 1834 1272 1986 1328; x_wconf 86' lang='lat' dir='ltr'><strong>proxi-</strong></span> 
     </span>
     <span class='ocr_line' id='line_1_13' title="bbox 275 1329 1984 1410; baseline -0.002 -11"><span class='ocrx_word' id='word_1_118' title='bbox 275 1369 344 1399; x_wconf 89' lang='lat' dir='ltr'><strong>me</strong></span> <span class='ocrx_word' id='word_1_119' title='bbox 375 1335 755 1398; x_wconf 75' lang='lat' dir='ltr'><strong>antecedentibus.</strong></span> <span class='ocrx_word' id='word_1_120' title='bbox 798 1357 913 1409; x_wconf 78' lang='lat' dir='ltr'><strong>apta</strong></span> <span class='ocrx_word' id='word_1_121' title='bbox 956 1350 1110 1398; x_wconf 84' lang='lat' dir='ltr'><strong>dabit,</strong></span> <span class='ocrx_word' id='word_1_122' title='bbox 1157 1357 1207 1394; x_wconf 90' lang='lat' dir='ltr'><strong>ut</strong></span> <span class='ocrx_word' id='word_1_123' title='bbox 1232 1329 1534 1396; x_wconf 67' lang='grc' dir='ltr'><strong>ΒΑσΗΜΑΝΝό</strong></span> <span class='ocrx_word' id='word_1_124' title='bbox 1572 1358 1697 1396; x_wconf 74' lang='lat' dir='ltr'><strong>meo</strong></span> <span class='ocrx_word' id='word_1_125' title='bbox 1705 1353 1868 1407; x_wconf 73' lang='lat' dir='ltr'><strong>v&#39;is&#39;um,</strong></span> <span class='ocrx_word' id='word_1_126' title='bbox 1909 1355 1984 1410; x_wconf 90' lang='lat' dir='ltr'><strong>qui</strong></span> 
     </span>
    </p>
   </div>
   <div class='ocr_carea' id='block_1_4' title="bbox 271 1424 1984 1662">
    <p class='ocr_par' dir='ltr' id='par_1_4' title="bbox 271 1424 1984 1662">
     <span class='ocr_line' id='line_1_14' title="bbox 273 1424 1984 1494; baseline 0.002 -16"><span class='ocrx_word' id='word_1_127' title='bbox 273 1445 387 1494; x_wconf 80' lang='lat' dir='ltr'><strong>apta</strong></span> <span class='ocrx_word' id='word_1_128' title='bbox 421 1435 548 1478; x_wconf 85' lang='lat' dir='ltr'><strong>dabit</strong></span> <span class='ocrx_word' id='word_1_129' title='bbox 591 1438 722 1480; x_wconf 87' lang='lat' dir='ltr'><strong>etiam</strong></span> <span class='ocrx_word' id='word_1_130' title='bbox 764 1435 834 1479; x_wconf 89' lang='lat' dir='ltr'><strong>hic</strong></span> <span class='ocrx_word' id='word_1_131' title='bbox 865 1424 1140 1479; x_wconf 78' lang='lat' dir='ltr'><strong>commendat</strong></span> <span class='ocrx_word' id='word_1_132' title='bbox 1170 1433 1216 1479; x_wconf 80' lang='lat' dir='ltr'><strong>et</strong></span> <span class='ocrx_word' id='word_1_133' title='bbox 1247 1435 1523 1479; x_wconf 85' lang='lat' dir='ltr'><strong>emendatum</strong></span> <span class='ocrx_word' id='word_1_134' title='bbox 1554 1437 1685 1490; x_wconf 88' lang='lat' dir='ltr'><strong>velit,</strong></span> <span class='ocrx_word' id='word_1_135' title='bbox 1703 1432 1785 1480; x_wconf 85' lang='lat' dir='ltr'><strong>&#39;&#39;ne</strong></span> <span class='ocrx_word' id='word_1_136' title='bbox 1815 1428 1873 1480; x_wconf 77' lang='lat' dir='ltr'><strong>sit</strong></span> <span class='ocrx_word' id='word_1_137' title='bbox 1899 1435 1984 1482; x_wconf 81' lang='grc' dir='ltr'><strong>ἰιιι-</strong></span> 
     </span>
     <span class='ocr_line' id='line_1_15' title="bbox 272 1501 1983 1580; baseline -0.001 -15"><span class='ocrx_word' id='word_1_138' title='bbox 272 1522 468 1578; x_wconf 80' lang='lat' dir='ltr'><strong>perfecta</strong></span> <span class='ocrx_word' id='word_1_139' title='bbox 503 1522 731 1576; x_wconf 78' lang='lat' dir='ltr'><strong>repetitio,</strong></span> <span class='ocrx_word' id='word_1_140' title='bbox 763 1520 841 1563; x_wconf 89' lang='lat' dir='ltr'><strong>sed</strong></span> <span class='ocrx_word' id='word_1_141' title='bbox 872 1520 1018 1576; x_wconf 89' lang='lat' dir='ltr'><strong>potius</strong></span> <span class='ocrx_word' id='word_1_142' title='bbox 1048 1525 1142 1563; x_wconf 89' lang='lat' dir='ltr'><strong>tota</strong></span> <span class='ocrx_word' id='word_1_143' title='bbox 1173 1521 1433 1577; x_wconf 86' lang='lat' dir='ltr'><strong>pentametri</strong></span> <span class='ocrx_word' id='word_1_144' title='bbox 1460 1516 1705 1564; x_wconf 60' lang='lat' dir='ltr'><strong>sententiat</strong></span> <span class='ocrx_word' id='word_1_145' title='bbox 1739 1501 1983 1580; x_wconf 52' lang='lat' dir='ltr'><strong>pugnabit,</strong></span> 
     </span>
     <span class='ocr_line' id='line_1_16' title="bbox 271 1589 1982 1662; baseline 0.002 -15"><span class='ocrx_word' id='word_1_146' title='bbox 271 1606 352 1647; x_wconf 75' lang='lat' dir='ltr'><strong>sed</strong></span> <span class='ocrx_word' id='word_1_147' title='bbox 386 1614 536 1647; x_wconf 81' lang='lat' dir='ltr'><strong>tamen</strong></span> <span class='ocrx_word' id='word_1_148' title='bbox 569 1604 695 1645; x_wconf 80' lang='lat' dir='ltr'><strong>dabit</strong></span> <span class='ocrx_word' id='word_1_149' title='bbox 725 1603 806 1648; x_wconf 88' lang='lat' dir='ltr'><strong>hoc</strong></span> <span class='ocrx_word' id='word_1_150' title='bbox 837 1605 966 1648; x_wconf 89' lang='lat' dir='ltr'><strong>modo</strong></span> <span class='ocrx_word' id='word_1_151' title='bbox 995 1606 1220 1661; x_wconf 90' lang='lat' dir='ltr'><strong>repetitur.</strong></span> <span class='ocrx_word' id='word_1_152' title='bbox 1285 1606 1429 1661; x_wconf 88' lang='lat' dir='ltr'><strong>Atque</strong></span> <span class='ocrx_word' id='word_1_153' title='bbox 1460 1600 1632 1662; x_wconf 74' lang='lat' dir='ltr'><strong>itapar&#39;</strong></span> <span class='ocrx_word' id='word_1_154' title='bbox 1659 1599 1750 1661; x_wconf 73' lang='lat' dir='ltr'><strong>est,</strong></span> <span class='ocrx_word' id='word_1_155' title='bbox 1780 1612 1879 1650; x_wconf 82' lang='lat' dir='ltr'><strong>cum</strong></span> <span class='ocrx_word' id='word_1_156' title='bbox 1908 1589 1982 1650; x_wconf 65' lang='lat' dir='ltr'><strong>ue-</strong></span> 
     </span>
    </p>
   </div>
   <div class='ocr_carea' id='block_1_5' title="bbox 262 1673 1980 2570">
    <p class='ocr_par' dir='ltr' id='par_1_5' title="bbox 270 1673 1980 1917">
     <span class='ocr_line' id='line_1_17' title="bbox 271 1673 1980 1746; baseline 0.001 -16"><span class='ocrx_word' id='word_1_157' title='bbox 271 1693 428 1743; x_wconf 87' lang='lat' dir='ltr'><strong>quatur</strong></span> <span class='ocrx_word' id='word_1_158' title='bbox 457 1692 582 1730; x_wconf 83' lang='lat' dir='ltr'><strong>mox</strong></span> <span class='ocrx_word' id='word_1_159' title='bbox 614 1687 852 1741; x_wconf 87' lang='lat' dir='ltr'><strong>offeret,</strong></span> <span class='ocrx_word' id='word_1_160' title='bbox 895 1681 1007 1743; x_wconf 89' lang='lat' dir='ltr'><strong>quae</strong></span> <span class='ocrx_word' id='word_1_161' title='bbox 1039 1703 1137 1732; x_wconf 90' lang='lat' dir='ltr'><strong>cum</strong></span> <span class='ocrx_word' id='word_1_162' title='bbox 1170 1689 1369 1745; x_wconf 88' lang='lat' dir='ltr'><strong>opposita</strong></span> <span class='ocrx_word' id='word_1_163' title='bbox 1399 1690 1486 1732; x_wconf 65' lang='lat' dir='ltr'><strong>¹sint</strong></span> <span class='ocrx_word' id='word_1_164' title='bbox 1515 1688 1683 1732; x_wconf 81' lang='lat' dir='ltr'><strong>verbis:</strong></span> <span class='ocrx_word' id='word_1_165' title='bbox 1726 1673 1864 1746; x_wconf 67' lang='grc' dir='ltr'><strong>νᾶρία</strong></span> <span class='ocrx_word' id='word_1_166' title='bbox 1895 1680 1980 1731; x_wconf 71' lang='grc' dir='ltr'><strong>ἄα-</strong></span> 
     </span>
     <span class='ocr_line' id='line_1_18' title="bbox 270 1756 1979 1828; baseline 0.002 -17"><span class='ocrx_word' id='word_1_167' title='bbox 270 1769 350 1815; x_wconf 79' lang='lat' dir='ltr'><strong>bit,</strong></span> <span class='ocrx_word' id='word_1_168' title='bbox 381 1784 466 1814; x_wconf 90' lang='lat' dir='ltr'><strong>non</strong></span> <span class='ocrx_word' id='word_1_169' title='bbox 499 1773 643 1813; x_wconf 88' lang='lat' dir='ltr'><strong>essent</strong></span> <span class='ocrx_word' id='word_1_170' title='bbox 674 1769 874 1826; x_wconf 89' lang='lat' dir='ltr'><strong>opposita</strong></span> <span class='ocrx_word' id='word_1_171' title='bbox 905 1769 996 1813; x_wconf 73' lang='lat' dir='ltr'><strong>hisz</strong></span> <span class='ocrx_word' id='word_1_172' title='bbox 1027 1777 1142 1826; x_wconf 79' lang='lat' dir='ltr'><strong>apta</strong></span> <span class='ocrx_word' id='word_1_173' title='bbox 1174 1768 1313 1811; x_wconf 82' lang='lat' dir='ltr'><strong>dabit.</strong></span> <span class='ocrx_word' id='word_1_174' title='bbox 1377 1770 1734 1814; x_wconf 67' lang='lat' dir='ltr'><strong>Postremo³vide</strong></span> <span class='ocrx_word' id='word_1_175' title='bbox 1763 1769 1820 1815; x_wconf 87' lang='lat' dir='ltr'><strong>de</strong></span> <span class='ocrx_word' id='word_1_176' title='bbox 1849 1756 1979 1828; x_wconf 56' lang='lat' dir='ltr'><strong>repe*</strong></span> 
     </span>
     <span class='ocr_line' id='line_1_19' title="bbox 270 1839 1738 1917; baseline 0 -22"><span class='ocrx_word' id='word_1_177' title='bbox 270 1853 494 1896; x_wconf 88' lang='lat' dir='ltr'><strong>titionibus</strong></span> <span class='ocrx_word' id='word_1_178' title='bbox 526 1839 835 1894; x_wconf 86' lang='lat' dir='ltr'><strong>sententiarum</strong></span> <span class='ocrx_word' id='word_1_179' title='bbox 866 1850 921 1894; x_wconf 89' lang='lat' dir='ltr'><strong>ad</strong></span> <span class='ocrx_word' id='word_1_180' title='bbox 952 1851 988 1906; x_wconf 91' lang='lat' dir='ltr'><strong>I,</strong></span> <span class='ocrx_word' id='word_1_181' title='bbox 1021 1854 1064 1904; x_wconf 88' lang='lat'><strong>3,</strong></span> <span class='ocrx_word' id='word_1_182' title='bbox 1095 1855 1140 1894; x_wconf 89' lang='lat'><strong>5.</strong></span> <span class='ocrx_word' id='word_1_183' title='bbox 1202 1849 1347 1906; x_wconf 82' lang='lat' dir='ltr'><strong>Atque</strong></span> <span class='ocrx_word' id='word_1_184' title='bbox 1379 1850 1486 1917; x_wconf 85' lang='lat' dir='ltr'><strong>haec</strong></span> <span class='ocrx_word' id='word_1_185' title='bbox 1517 1850 1738 1896; x_wconf 80' lang='lat' dir='ltr'><strong>hactenus.</strong></span> 
     </span>
    </p>

    <p class='ocr_par' dir='ltr' id='par_1_6' title="bbox 262 1920 1976 2570">
     <span class='ocr_line' id='line_1_20' title="bbox 387 1920 1976 1992; baseline 0 -10"><span class='ocrx_word' id='word_1_186' title='bbox 387 1939 442 1982; x_wconf 89' lang='lat' dir='ltr'><strong>V.</strong></span> <span class='ocrx_word' id='word_1_187' title='bbox 472 1939 651 1980; x_wconf 67' lang='lat'><strong>57-72.</strong></span> <span class='ocrx_word' id='word_1_188' title='bbox 714 1937 877 1980; x_wconf 85' lang='lat' dir='ltr'><strong>Dixit</strong></span> <span class='ocrx_word' id='word_1_189' title='bbox 907 1936 972 1979; x_wconf 92' lang='lat' dir='ltr'><strong>de</strong></span> <span class='ocrx_word' id='word_1_190' title='bbox 1004 1937 1319 1992; x_wconf 85' lang='lat' dir='ltr'><strong>obsequio;</strong></span> <span class='ocrx_word' id='word_1_191' title='bbox 1360 1937 1522 1981; x_wconf 89' lang='lat' dir='ltr'><strong>dicet</strong></span> <span class='ocrx_word' id='word_1_192' title='bbox 1550 1920 1699 1982; x_wconf 75' lang='lat' dir='ltr'><strong>fiune</strong></span> <span class='ocrx_word' id='word_1_193' title='bbox 1730 1928 1793 1982; x_wconf 72' lang='lat' dir='ltr'><strong>d&#39;e</strong></span> <span class='ocrx_word' id='word_1_194' title='bbox 1823 1938 1976 1982; x_wconf 77' lang='lat' dir='ltr'><strong>blan·-</strong></span> 
     </span>
     <span class='ocr_line' id='line_1_21' title="bbox 269 2018 1975 2077; baseline 0.002 -14"><span class='ocrx_word' id='word_1_195' title='bbox 269 2020 460 2073; x_wconf 89' lang='lat' dir='ltr'><strong>ditiis,</strong></span> <span class='ocrx_word' id='word_1_196' title='bbox 519 2018 559 2062; x_wconf 91' lang='lat' dir='ltr'><strong>h.</strong></span> <span class='ocrx_word' id='word_1_197' title='bbox 607 2033 645 2062; x_wconf 89' lang='lat' dir='ltr'><strong>e.</strong></span> <span class='ocrx_word' id='word_1_198' title='bbox 695 2019 760 2062; x_wconf 91' lang='lat' dir='ltr'><strong>de</strong></span> <span class='ocrx_word' id='word_1_199' title='bbox 812 2020 1167 2062; x_wconf 87' lang='lat' dir='ltr'><strong>carminibus</strong></span> <span class='ocrx_word' id='word_1_200' title='bbox 1215 2021 1473 2076; x_wconf 88' lang='lat' dir='ltr'><strong>blandis,</strong></span> <span class='ocrx_word' id='word_1_201' title='bbox 1525 2022 1730 2077; x_wconf 85' lang='lat' dir='ltr'><strong>quibus</strong></span> <span class='ocrx_word' id='word_1_202' title='bbox 1777 2023 1975 2067; x_wconf 81' lang='lat' dir='ltr'><strong>aurem</strong></span> 
     </span>
     <span class='ocr_line' id='line_1_22' title="bbox 265 2100 1974 2159; baseline 0.002 -15"><span class='ocrx_word' id='word_1_203' title='bbox 265 2102 545 2159; x_wconf 88' lang='lat' dir='ltr'><strong>praebere</strong></span> <span class='ocrx_word' id='word_1_204' title='bbox 587 2114 795 2157; x_wconf 88' lang='lat' dir='ltr'><strong>pueros</strong></span> <span class='ocrx_word' id='word_1_205' title='bbox 840 2101 996 2144; x_wconf 81' lang='lat' dir='ltr'><strong>velit.</strong></span> <span class='ocrx_word' id='word_1_206' title='bbox 1058 2100 1120 2142; x_wconf 92' lang='lat' dir='ltr'><strong>In</strong></span> <span class='ocrx_word' id='word_1_207' title='bbox 1152 2101 1406 2143; x_wconf 88' lang='lat' dir='ltr'><strong>transitu</strong></span> <span class='ocrx_word' id='word_1_208' title='bbox 1439 2103 1752 2158; x_wconf 85' lang='lat' dir='ltr'><strong>proximum</strong></span> <span class='ocrx_word' id='word_1_209' title='bbox 1783 2105 1974 2148; x_wconf 88' lang='lat' dir='ltr'><strong>locum</strong></span> 
     </span>
     <span class='ocr_line' id='line_1_23' title="bbox 264 2180 1970 2243; baseline 0.001 -14"><span class='ocrx_word' id='word_1_210' title='bbox 264 2185 487 2243; x_wconf 84' lang='lat' dir='ltr'><strong>posuit,</strong></span> <span class='ocrx_word' id='word_1_211' title='bbox 520 2185 612 2240; x_wconf 92' lang='lat' dir='ltr'><strong>qui</strong></span> <span class='ocrx_word' id='word_1_212' title='bbox 644 2180 949 2228; x_wconf 75' lang='lat' dir='ltr'><strong>avaritiam</strong></span> <span class='ocrx_word' id='word_1_213' title='bbox 981 2197 1292 2241; x_wconf 88' lang='lat' dir='ltr'><strong>puerorum</strong></span> <span class='ocrx_word' id='word_1_214' title='bbox 1324 2184 1658 2229; x_wconf 88' lang='lat' dir='ltr'><strong>hodiernam</strong></span> <span class='ocrx_word' id='word_1_215' title='bbox 1689 2187 1970 2241; x_wconf 81' lang='lat' dir='ltr'><strong>exagitat.</strong></span> 
     </span>
     <span class='ocr_line' id='line_1_24' title="bbox 263 2255 1972 2325; baseline 0.002 -15"><span class='ocrx_word' id='word_1_216' title='bbox 263 2270 329 2310; x_wconf 87' lang='lat' dir='ltr'><strong>Ac</strong></span> <span class='ocrx_word' id='word_1_217' title='bbox 360 2281 497 2311; x_wconf 84' lang='lat' dir='ltr'><strong>nexus</strong></span> <span class='ocrx_word' id='word_1_218' title='bbox 528 2281 672 2310; x_wconf 87' lang='lat' dir='ltr'><strong>rerum</strong></span> <span class='ocrx_word' id='word_1_219' title='bbox 702 2267 770 2310; x_wconf 89' lang='lat' dir='ltr'><strong>hic</strong></span> <span class='ocrx_word' id='word_1_220' title='bbox 803 2273 894 2310; x_wconf 87' lang='lat' dir='ltr'><strong>est:</strong></span> <span class='ocrx_word' id='word_1_221' title='bbox 941 2267 1067 2311; x_wconf 91' lang='lat' dir='ltr'><strong>Haec</strong></span> <span class='ocrx_word' id='word_1_222' title='bbox 1097 2264 1292 2323; x_wconf 86' lang='lat' dir='ltr'><strong>quidem,</strong></span> <span class='ocrx_word' id='word_1_223' title='bbox 1325 2270 1411 2322; x_wconf 90' lang='lat' dir='ltr'><strong>ait,</strong></span> <span class='ocrx_word' id='word_1_224' title='bbox 1441 2269 1582 2325; x_wconf 85' lang='lat' dir='ltr'><strong>proba</strong></span> <span class='ocrx_word' id='word_1_225' title='bbox 1612 2273 1658 2312; x_wconf 90' lang='lat' dir='ltr'><strong>et</strong></span> <span class='ocrx_word' id='word_1_226' title='bbox 1686 2255 1802 2313; x_wconf 85' lang='lat' dir='ltr'><strong>iusta</strong></span> <span class='ocrx_word' id='word_1_227' title='bbox 1831 2272 1874 2314; x_wconf 86' lang='lat' dir='ltr'><strong>in</strong></span> <span class='ocrx_word' id='word_1_228' title='bbox 1906 2268 1972 2314; x_wconf 74' lang='lat' dir='ltr'><strong>liis</strong></span> 
     </span>
     <span class='ocr_line' id='line_1_25' title="bbox 264 2334 1971 2408; baseline 0.001 -13"><span class='ocrx_word' id='word_1_229' title='bbox 264 2359 331 2395; x_wconf 89' lang='lat' dir='ltr'><strong>est</strong></span> <span class='ocrx_word' id='word_1_230' title='bbox 370 2353 505 2405; x_wconf 90' lang='lat' dir='ltr'><strong>ratio,</strong></span> <span class='ocrx_word' id='word_1_231' title='bbox 552 2334 601 2394; x_wconf 89' lang='lat' dir='ltr'><strong>ut</strong></span> <span class='ocrx_word' id='word_1_232' title='bbox 644 2351 851 2406; x_wconf 82' lang='lat' dir='ltr'><strong>obsequio</strong></span> <span class='ocrx_word' id='word_1_233' title='bbox 895 2365 1006 2408; x_wconf 89' lang='lat' dir='ltr'><strong>puer</strong></span> <span class='ocrx_word' id='word_1_234' title='bbox 1053 2352 1248 2394; x_wconf 86' lang='lat' dir='ltr'><strong>vincatur</strong></span> <span class='ocrx_word' id='word_1_235' title='bbox 1295 2357 1340 2394; x_wconf 87' lang='lat' dir='ltr'><strong>et</strong></span> <span class='ocrx_word' id='word_1_236' title='bbox 1389 2350 1581 2395; x_wconf 80' lang='lat' dir='ltr'><strong>honestis</strong></span> <span class='ocrx_word' id='word_1_237' title='bbox 1622 2352 1787 2395; x_wconf 82' lang='lat' dir='ltr'><strong>artibus</strong></span> <span class='ocrx_word' id='word_1_238' title='bbox 1831 2353 1971 2397; x_wconf 83' lang='lat' dir='ltr'><strong>cedat.</strong></span> 
     </span>
     <span class='ocr_line' id='line_1_26' title="bbox 262 2423 1971 2491; baseline 0 -13"><span class='ocrx_word' id='word_1_239' title='bbox 262 2435 353 2478; x_wconf 85' lang='lat' dir='ltr'><strong>Sed</strong></span> <span class='ocrx_word' id='word_1_240' title='bbox 381 2448 493 2477; x_wconf 89' lang='lat' dir='ltr'><strong>nunc</strong></span> <span class='ocrx_word' id='word_1_241' title='bbox 524 2438 657 2490; x_wconf 86' lang='lat' dir='ltr'><strong>pravo</strong></span> <span class='ocrx_word' id='word_1_242' title='bbox 688 2447 809 2476; x_wconf 88' lang='lat' dir='ltr'><strong>more</strong></span> <span class='ocrx_word' id='word_1_243' title='bbox 835 2435 996 2476; x_wconf 86' lang='lat' dir='ltr'><strong>saeculi</strong></span> <span class='ocrx_word' id='word_1_244' title='bbox 1026 2434 1205 2476; x_wconf 88' lang='lat' dir='ltr'><strong>avaritia</strong></span> <span class='ocrx_word' id='word_1_245' title='bbox 1231 2433 1502 2487; x_wconf 59' lang='lat' dir='ltr'><strong>dominatum</strong></span> <span class='ocrx_word' id='word_1_246' title='bbox 1532 2435 1626 2477; x_wconf 84' lang='lat' dir='ltr'><strong>vult</strong></span> <span class='ocrx_word' id='word_1_247' title='bbox 1655 2434 1832 2478; x_wconf 81' lang='lat' dir='ltr'><strong>munera</strong></span> <span class='ocrx_word' id='word_1_248' title='bbox 1864 2423 1971 2491; x_wconf 78' lang='lat' dir='ltr'><strong>puer</strong></span> 
     </span>
     <span class='ocr_line' id='line_1_27' title="bbox 262 2515 1970 2570; baseline 0.001 -11"><span class='ocrx_word' id='word_1_249' title='bbox 262 2523 307 2559; x_wconf 89' lang='lat' dir='ltr'><strong>et</strong></span> <span class='ocrx_word' id='word_1_250' title='bbox 342 2522 507 2559; x_wconf 87' lang='lat' dir='ltr'><strong>amator</strong></span> <span class='ocrx_word' id='word_1_251' title='bbox 540 2517 812 2570; x_wconf 83' lang='lat' dir='ltr'><strong>largitionem</strong></span> <span class='ocrx_word' id='word_1_252' title='bbox 844 2521 1014 2559; x_wconf 88' lang='lat' dir='ltr'><strong>tractat.</strong></span> <span class='ocrx_word' id='word_1_253' title='bbox 1075 2515 1159 2558; x_wconf 90' lang='lat' dir='ltr'><strong>Adi</strong></span> <span class='ocrx_word' id='word_1_254' title='bbox 1191 2527 1338 2559; x_wconf 89' lang='lat' dir='ltr'><strong>rursus</strong></span> <span class='ocrx_word' id='word_1_255' title='bbox 1382 2517 1512 2560; x_wconf 87' lang='lat' dir='ltr'><strong>finem</strong></span> <span class='ocrx_word' id='word_1_256' title='bbox 1544 2517 1871 2561; x_wconf 81' lang='lat' dir='ltr'><strong>Dissertationis</strong></span> <span class='ocrx_word' id='word_1_257' title='bbox 1914 2517 1970 2561; x_wconf 83' lang='lat' dir='ltr'><strong>d&#39;e</strong></span> 
     </span>
    </p>
   </div>
   <div class='ocr_carea' id='block_1_6' title="bbox 258 2598 1964 2736">
    <p class='ocr_par' dir='ltr' id='par_1_7' title="bbox 258 2598 1964 2736">
     <span class='ocr_line' id='line_1_28' title="bbox 258 2598 727 2642; baseline -0.004 -1"><span class='ocrx_word' id='word_1_258' title='bbox 258 2599 520 2642; x_wconf 84' lang='lat' dir='ltr'><strong>Elocutione</strong></span> <span class='ocrx_word' id='word_1_259' title='bbox 551 2598 727 2640; x_wconf 90' lang='lat' dir='ltr'><strong>Tibulli.</strong></span> 
     </span>
     <span class='ocr_line' id='line_1_29' title="bbox 377 2679 1964 2736; baseline -0.001 -10"><span class='ocrx_word' id='word_1_260' title='bbox 377 2683 434 2726; x_wconf 86' lang='lat' dir='ltr'><strong>V.</strong></span> <span class='ocrx_word' id='word_1_261' title='bbox 465 2686 540 2726; x_wconf 81' lang='lat'><strong>57.</strong></span> <span class='ocrx_word' id='word_1_262' title='bbox 587 2681 820 2723; x_wconf 86' lang='lat' dir='ltr'><strong>miseras</strong></span> <span class='ocrx_word' id='word_1_263' title='bbox 863 2684 1043 2732; x_wconf 86' lang='lat' dir='ltr'><strong>artes,</strong></span> <span class='ocrx_word' id='word_1_264' title='bbox 1086 2679 1126 2723; x_wconf 87' lang='lat' dir='ltr'><strong>h.</strong></span> <span class='ocrx_word' id='word_1_265' title='bbox 1159 2693 1196 2723; x_wconf 88' lang='lat' dir='ltr'><strong>e.</strong></span> <span class='ocrx_word' id='word_1_266' title='bbox 1230 2681 1390 2734; x_wconf 85' lang='lat' dir='ltr'><strong>malas,</strong></span> <span class='ocrx_word' id='word_1_267' title='bbox 1436 2685 1486 2723; x_wconf 92' lang='lat' dir='ltr'><strong>ut</strong></span> <span class='ocrx_word' id='word_1_268' title='bbox 1518 2681 1724 2736; x_wconf 86' lang='lat' dir='ltr'><strong>largitio,</strong></span> <span class='ocrx_word' id='word_1_269' title='bbox 1771 2682 1964 2724; x_wconf 84' lang='lat' dir='ltr'><strong>avaritia.</strong></span> 
     </span>
    </p>
   </div>
   <div class='ocr_carea' id='block_1_7' title="bbox 258 2762 1964 2903">
    <p class='ocr_par' dir='ltr' id='par_1_8' title="bbox 258 2762 1964 2903">
     <span class='ocr_line' id='line_1_30' title="bbox 260 2762 1964 2819; baseline 0 -12"><span class='ocrx_word' id='word_1_270' title='bbox 260 2763 441 2808; x_wconf 87' lang='lat' dir='ltr'><strong>Confert</strong></span> <span class='ocrx_word' id='word_1_271' title='bbox 483 2765 888 2807; x_wconf 68' lang='lat' dir='ltr'><strong>Wunnssnmcnms</strong></span> <span class='ocrx_word' id='word_1_272' title='bbox 937 2776 1113 2804; x_wconf 81' lang='lat' dir='ltr'><strong>carmen</strong></span> <span class='ocrx_word' id='word_1_273' title='bbox 1155 2762 1363 2805; x_wconf 73' lang='lat' dir='ltr'><strong>miserum</strong></span> <span class='ocrx_word' id='word_1_274' title='bbox 1405 2765 1560 2818; x_wconf 87' lang='lat' dir='ltr'><strong>Virgil.</strong></span> <span class='ocrx_word' id='word_1_275' title='bbox 1593 2762 1749 2819; x_wconf 85' lang='lat' dir='ltr'><strong>Eclog.</strong></span> <span class='ocrx_word' id='word_1_276' title='bbox 1779 2764 1860 2819; x_wconf 88' lang='lat'><strong>111,</strong></span> <span class='ocrx_word' id='word_1_277' title='bbox 1893 2770 1964 2809; x_wconf 68' lang='lat'><strong>37.</strong></span> 
     </span>
     <span class='ocr_line' id='line_1_31' title="bbox 258 2835 1963 2903; baseline -0.002 -10"><span class='ocrx_word' id='word_1_278' title='bbox 258 2856 303 2893; x_wconf 90' lang='lat' dir='ltr'><strong>et</strong></span> <span class='ocrx_word' id='word_1_279' title='bbox 334 2854 503 2893; x_wconf 89' lang='lat' dir='ltr'><strong>constat</strong></span> <span class='ocrx_word' id='word_1_280' title='bbox 532 2849 661 2891; x_wconf 79' lang='lat' dir='ltr'><strong>mis&#39;er</strong></span> <span class='ocrx_word' id='word_1_281' title='bbox 691 2849 736 2890; x_wconf 89' lang='lat' dir='ltr'><strong>in</strong></span> <span class='ocrx_word' id='word_1_282' title='bbox 764 2835 960 2891; x_wconf 82' lang='lat' dir='ltr'><strong>convicio</strong></span> <span class='ocrx_word' id='word_1_283' title='bbox 994 2859 1056 2903; x_wconf 91' lang='lat' dir='ltr'><strong>pr.</strong></span> <span class='ocrx_word' id='word_1_284' title='bbox 1100 2847 1282 2902; x_wconf 87' lang='lat' dir='ltr'><strong>perdito,</strong></span> <span class='ocrx_word' id='word_1_285' title='bbox 1314 2848 1504 2890; x_wconf 86' lang='lat' dir='ltr'><strong>scelesto</strong></span> <span class='ocrx_word' id='word_1_286' title='bbox 1537 2848 1638 2902; x_wconf 89' lang='lat' dir='ltr'><strong>dici,</strong></span> <span class='ocrx_word' id='word_1_287' title='bbox 1668 2854 1717 2891; x_wconf 90' lang='lat' dir='ltr'><strong>ut</strong></span> <span class='ocrx_word' id='word_1_288' title='bbox 1746 2846 1963 2892; x_wconf 57' lang='lat' dir='ltr'><strong>Teanam.</strong></span> 
     </span>
    </p>
   </div>
   <div class='ocr_carea' id='block_1_8' title="bbox 255 2920 2024 2992">
    <p class='ocr_par' dir='ltr' id='par_1_9' title="bbox 255 2920 2024 2992">
     <span class='ocr_line' id='line_1_32' title="bbox 255 2920 2024 2992; baseline 0.001 -15"><span class='ocrx_word' id='word_1_289' title='bbox 255 2934 452 2977; x_wconf 88' lang='lat' dir='ltr'><strong>Eunuch.</strong></span> <span class='ocrx_word' id='word_1_290' title='bbox 483 2935 562 2988; x_wconf 88' lang='lat'><strong>111,</strong></span> <span class='ocrx_word' id='word_1_291' title='bbox 594 2937 635 2987; x_wconf 93' lang='lat'><strong>1,</strong></span> <span class='ocrx_word' id='word_1_292' title='bbox 667 2937 741 2975; x_wconf 83' lang='grc'><strong>28.</strong></span> <span class='ocrx_word' id='word_1_293' title='bbox 787 2921 844 2985; x_wconf 79' lang='lat' dir='ltr'><strong>V,</strong></span> <span class='ocrx_word' id='word_1_294' title='bbox 874 2935 917 2986; x_wconf 84' lang='lat'><strong>3,</strong></span> <span class='ocrx_word' id='word_1_295' title='bbox 958 2934 1029 2976; x_wconf 91' lang='lat'><strong>11.</strong></span> <span class='ocrx_word' id='word_1_296' title='bbox 1105 2932 1192 2975; x_wconf 87' lang='lat' dir='ltr'><strong>Hic</strong></span> <span class='ocrx_word' id='word_1_297' title='bbox 1237 2937 1381 2976; x_wconf 89' lang='lat' dir='ltr'><strong>tamen</strong></span> <span class='ocrx_word' id='word_1_298' title='bbox 1426 2931 1612 2976; x_wconf 81' lang='lat' dir='ltr'><strong>fortasse</strong></span> <span class='ocrx_word' id='word_1_299' title='bbox 1659 2935 1799 2979; x_wconf 89' lang='lat' dir='ltr'><strong>minus</strong></span> <span class='ocrx_word' id='word_1_300' title='bbox 1836 2930 1963 2992; x_wconf 65' lang='lat' dir='ltr'><strong>aptus</strong></span> <span class='ocrx_word' id='word_1_301' title='bbox 2009 2920 2024 2933; x_wconf 61' lang='lat'><em>⁶</em></span> 
     </span>
    </p>
   </div>
   <div class='ocr_carea' id='block_1_9' title="bbox 244 3009 1962 3495">
    <p class='ocr_par' dir='ltr' id='par_1_10' title="bbox 244 3009 1962 3495">
     <span class='ocr_line' id='line_1_33' title="bbox 257 3009 1962 3072; baseline 0.002 -14"><span class='ocrx_word' id='word_1_302' title='bbox 257 3017 438 3060; x_wconf 79' lang='lat' dir='ltr'><strong>convicii</strong></span> <span class='ocrx_word' id='word_1_303' title='bbox 478 3029 636 3059; x_wconf 89' lang='lat' dir='ltr'><strong>sermo.</strong></span> <span class='ocrx_word' id='word_1_304' title='bbox 700 3016 847 3071; x_wconf 84' lang='lat' dir='ltr'><strong>Quare</strong></span> <span class='ocrx_word' id='word_1_305' title='bbox 893 3027 978 3068; x_wconf 86' lang='lat' dir='ltr'><strong>ego</strong></span> <span class='ocrx_word' id='word_1_306' title='bbox 1021 3013 1197 3058; x_wconf 86' lang='lat' dir='ltr'><strong>reddam</strong></span> <span class='ocrx_word' id='word_1_307' title='bbox 1230 3017 1399 3071; x_wconf 87' lang='lat' dir='ltr'><strong>potius:</strong></span> <span class='ocrx_word' id='word_1_308' title='bbox 1451 3014 1776 3072; x_wconf 72' lang='lat' dir='ltr'><strong>deplorabiles·.&#39;</strong></span> <span class='ocrx_word' id='word_1_309' title='bbox 1818 3009 1962 3062; x_wconf 83' lang='lat' dir='ltr'><strong>Maior</strong></span> 
     </span>
     <span class='ocr_line' id='line_1_34' title="bbox 255 3083 1959 3156; baseline 0.001 -13"><span class='ocrx_word' id='word_1_310' title='bbox 255 3101 319 3143; x_wconf 89' lang='lat' dir='ltr'><strong>sic</strong></span> <span class='ocrx_word' id='word_1_311' title='bbox 350 3101 537 3155; x_wconf 86' lang='lat' dir='ltr'><strong>dignitas</strong></span> <span class='ocrx_word' id='word_1_312' title='bbox 567 3098 786 3142; x_wconf 82' lang='lat' dir='ltr'><strong>orationis.</strong></span> <span class='ocrx_word' id='word_1_313' title='bbox 847 3097 1004 3140; x_wconf 70' lang='lat' dir='ltr'><strong>Malas</strong></span> <span class='ocrx_word' id='word_1_314' title='bbox 1035 3104 1151 3142; x_wconf 87' lang='lat' dir='ltr'><strong>artes</strong></span> <span class='ocrx_word' id='word_1_315' title='bbox 1184 3100 1290 3143; x_wconf 90' lang='lat' dir='ltr'><strong>dicit</strong></span> <span class='ocrx_word' id='word_1_316' title='bbox 1325 3102 1615 3144; x_wconf 70' lang='lat' dir='ltr'><strong>SALLth&#39;rms</strong></span> <span class='ocrx_word' id='word_1_317' title='bbox 1647 3096 1774 3144; x_wconf 84' lang='lat' dir='ltr'><strong>Catil.</strong></span> <span class='ocrx_word' id='word_1_318' title='bbox 1799 3083 1877 3156; x_wconf 75' lang='grc' dir='ltr'><strong>ΙΙΙ,</strong></span> <span class='ocrx_word' id='word_1_319' title='bbox 1908 3102 1959 3145; x_wconf 79' lang='lat'><strong>3‘.</strong></span> 
     </span>
     <span class='ocr_line' id='line_1_35' title="bbox 256 3172 1958 3242; baseline 0.001 -15"><span class='ocrx_word' id='word_1_320' title='bbox 256 3186 426 3239; x_wconf 87' lang='lat' dir='ltr'><strong>aliique.</strong></span> <span class='ocrx_word' id='word_1_321' title='bbox 458 3209 514 3216; x_wconf 81' lang='lat'>—</span> <span class='ocrx_word' id='word_1_322' title='bbox 556 3182 833 3237; x_wconf 83' lang='lat' dir='ltr'><strong>tractant,</strong></span> <span class='ocrx_word' id='word_1_323' title='bbox 866 3187 1085 3227; x_wconf 79' lang='lat' dir='ltr'><strong>exercent.</strong></span> <span class='ocrx_word' id='word_1_324' title='bbox 1118 3208 1174 3216; x_wconf 89' lang='lat'><em>-</em></span> <span class='ocrx_word' id='word_1_325' title='bbox 1206 3172 1378 3240; x_wconf 81' lang='lat' dir='ltr'><strong>male,</strong></span> <span class='ocrx_word' id='word_1_326' title='bbox 1410 3187 1556 3242; x_wconf 79' lang='lat' dir='ltr'><strong>prave.</strong></span> <span class='ocrx_word' id='word_1_327' title='bbox 1620 3180 1958 3230; x_wconf 77' lang='lat' dir='ltr'><strong>Cumulatead-</strong></span> 
     </span>
     <span class='ocr_line' id='line_1_36' title="bbox 255 3260 1956 3320; baseline 0.002 -11"><span class='ocrx_word' id='word_1_328' title='bbox 255 3266 404 3320; x_wconf 91' lang='lat' dir='ltr'><strong>ditum,</strong></span> <span class='ocrx_word' id='word_1_329' title='bbox 434 3267 538 3310; x_wconf 89' lang='lat' dir='ltr'><strong>licet</strong></span> <span class='ocrx_word' id='word_1_330' title='bbox 567 3265 750 3308; x_wconf 80' lang='lat' dir='ltr'><strong>miseras</strong></span> <span class='ocrx_word' id='word_1_331' title='bbox 782 3265 906 3310; x_wconf 90' lang='lat' dir='ltr'><strong>adsit.</strong></span> <span class='ocrx_word' id='word_1_332' title='bbox 968 3266 1082 3310; x_wconf 91' lang='lat' dir='ltr'><strong>Tum</strong></span> <span class='ocrx_word' id='word_1_333' title='bbox 1113 3267 1270 3311; x_wconf 83' lang='lat' dir='ltr'><strong>verba:</strong></span> <span class='ocrx_word' id='word_1_334' title='bbox 1302 3260 1448 3312; x_wconf 83' lang='lat' dir='ltr'><strong>nunc</strong></span> <span class='ocrx_word' id='word_1_335' title='bbox 1471 3262 1692 3312; x_wconf 81' lang='lat' dir='ltr'><strong>—haec</strong></span> <span class='ocrx_word' id='word_1_336' title='bbox 1722 3267 1956 3312; x_wconf 79' lang='lat' dir='ltr'><strong>saecula</strong></span> 
     </span>
     <span class='ocr_line' id='line_1_37' title="bbox 252 3337 1955 3416; baseline 0.003 -25"><span class='ocrx_word' id='word_1_337' title='bbox 252 3351 312 3391; x_wconf 89' lang='lat' dir='ltr'><strong>ita</strong></span> <span class='ocrx_word' id='word_1_338' title='bbox 351 3337 570 3405; x_wconf 79' lang='lat' dir='ltr'><strong>intellige:</strong></span> <span class='ocrx_word' id='word_1_339' title='bbox 617 3363 714 3393; x_wconf 88' lang='lat' dir='ltr'><strong>cum</strong></span> <span class='ocrx_word' id='word_1_340' title='bbox 757 3357 883 3394; x_wconf 86' lang='lat' dir='ltr'><strong>antea</strong></span> <span class='ocrx_word' id='word_1_341' title='bbox 928 3354 1107 3397; x_wconf 87' lang='lat' dir='ltr'><strong>meliora</strong></span> <span class='ocrx_word' id='word_1_342' title='bbox 1136 3340 1294 3398; x_wconf 78' lang='lat' dir='ltr'><strong>essent</strong></span> <span class='ocrx_word' id='word_1_343' title='bbox 1335 3353 1441 3397; x_wconf 89' lang='lat' dir='ltr'><strong>haec</strong></span> <span class='ocrx_word' id='word_1_344' title='bbox 1471 3343 1680 3416; x_wconf 83' lang='lat' dir='ltr'><strong>saecula,</strong></span> <span class='ocrx_word' id='word_1_345' title='bbox 1726 3349 1955 3397; x_wconf 74' lang='lat' dir='ltr'><strong>recentiori</strong></span> 
     </span>
     <span class='ocr_line' id='line_1_38' title="bbox 244 3421 1954 3495; baseline 0.004 -21"><span class='ocrx_word' id='word_1_346' title='bbox 244 3421 449 3488; x_wconf 64' lang='lat' dir='ltr'><strong>&#39;tempore</strong></span> <span class='ocrx_word' id='word_1_347' title='bbox 479 3428 610 3488; x_wconf 81' lang='lat' dir='ltr'><strong>prava</strong></span> <span class='ocrx_word' id='word_1_348' title='bbox 641 3430 754 3477; x_wconf 85' lang='lat' dir='ltr'><strong>facta</strong></span> <span class='ocrx_word' id='word_1_349' title='bbox 785 3439 897 3478; x_wconf 84' lang='lat' dir='ltr'><strong>sunt.</strong></span> <span class='ocrx_word' id='word_1_350' title='bbox 929 3430 988 3467; x_wconf 80' lang='lat'><strong>&#39;—</strong></span> <span class='ocrx_word' id='word_1_351' title='bbox 1024 3437 1073 3481; x_wconf 89' lang='lat' dir='ltr'><strong>V.</strong></span> <span class='ocrx_word' id='word_1_352' title='bbox 1103 3439 1163 3480; x_wconf 85' lang='lat'><strong>59</strong></span> <span class='ocrx_word' id='word_1_353' title='bbox 1195 3450 1258 3492; x_wconf 89' lang='lat' dir='ltr'><strong>sq.</strong></span> <span class='ocrx_word' id='word_1_354' title='bbox 1295 3439 1360 3481; x_wconf 79' lang='lat' dir='ltr'><strong>At</strong></span> <span class='ocrx_word' id='word_1_355' title='bbox 1393 3437 1514 3481; x_wconf 88' lang='lat' dir='ltr'><strong>tibi.</strong></span> <span class='ocrx_word' id='word_1_356' title='bbox 1578 3429 1799 3495; x_wconf 83' lang='lat' dir='ltr'><strong>Usurpant</strong></span> <span class='ocrx_word' id='word_1_357' title='bbox 1829 3433 1954 3480; x_wconf 75' lang='lat' dir='ltr'><strong>at‘in</strong></span> 
     </span>
    </p>
   </div>
   <div class='ocr_carea' id='block_1_10' title="bbox 2135 2583 2158 2983">
    <p class='ocr_par' dir='ltr' id='par_1_11' title="bbox 2135 2510 2158 2983">
     <span class='ocr_line' id='line_1_39' title="bbox 2135 2583 2158 2983; textangle 90"><span class='ocrx_word' id='word_1_358' title='bbox 2138 2808 2158 2983; x_wconf 60' lang='lat' dir='ltr'><strong>⁴¹·»mfln-te</strong></span> <span class='ocrx_word' id='word_1_359' title='bbox 2135 2717 2145 2755; x_wconf 77' lang='lat'><strong>¹·</strong></span> <span class='ocrx_word' id='word_1_360' title='bbox 2144 2647 2158 2682; x_wconf 36' lang='lat' dir='ltr'><strong>‚v</strong></span> <span class='ocrx_word' id='word_1_361' title='bbox 2147 2583 2158 2613; x_wconf 49' lang='grc' dir='ltr'><strong>,ν</strong></span> 
     </span>
    </p>
   </div>
  </div>
 </body>
</html>
