2086 3756
892 159 1201 211 TIBULLI.
1736 179 1890 209 cxmx

191 300 469 362 personam
517 301 767 352 continuo
819 300 1099 357 secundam
1150 312 1370 372 poneret
1417 320 1604 368 magna
1657 321 1772 352 cum
1825 306 1891 366 vi,

192 393 256 442 cf.
294 394 370 454 11,
411 395 471 457 4,
509 398 574 445 5:
772 377 778 380 ’
1094 375 1096 379 ’
1382 377 1384 380 ’

331 501 396 550 Et
433 517 527 552 seu
563 500 895 568 quidg-merui
935 520 1028 561 seu
1065 503 1192 571 quid
1229 505 1584 571 peccavimus,
1635 505 1757 564 urit.

401 593 544 644 Uror
578 595 663 656 io:
709 611 954 659 remove,
1004 613 1158 650 saeva
1192 600 1367 665 puella
1379 628 1395 663 ,-
1442 597 1608 651 faces!

189 697 239 736 et
273 687 348 748 Π,
389 690 450 748 6,
485 691 588 737 27:
679 730 682 733 .
747 724 752 735 ,

326 779 455 845 Spes
489 779 697 846 facilem
715 778 990 845 ⁴Nemesim
1023 781 1247 849 spondet
1274 783 1428 847 mihi,
1469 786 1560 835 sed
1593 796 1747 851 negat
1788 787 1892 837 illa.

391 872 496 922 Hei
530 874 684 937 mihi,
731 892 799 939 ne
837 874 1043 939 vincas,
1091 874 1229 926 dura
1268 879 1470 942 puella,
1520 877 1700 928 deam!

182 980 330 1032 Adde
363 984 423 1046 1‚-
450 990 500 1047 7,
530 988 594 1035 51
626 1002 749 1054 sqq..
812 984 1048 1037 Similem
1082 988 1360 1038 transitum
1397 985 1696 1054 Lygdamus
1733 988 1891 1038 habet

180 1077 281 1139 ΙΙΙ,
320 1079 384 1141 4,
416 1083 466 1128 3.
543 1078 811 1131 Audacior
844 1098 974 1132 vero
1009 1082 1342 1148 PropertiuS,
1393 1083 1487 1150 qui
1523 1083 1580 1132 in
1618 1083 1892 1134 continua-

180 1171 324 1220 tione
377 1170 610 1224 eiusdem
658 1173 868 1241 periodi
915 1173 983 1226 ad
1032 1174 1315 1227 secundam
1361 1177 1573 1239 transit,
1631 1186 1689 1226 ut
1729 1177 1802 1240 11,
1841 1183 1890 1241 9,

185 1269 251 1315 13
289 1266 436 1334 sqq-2
1628 1277 1630 1279 ’

188 1361 190 1363 ‚
318 1373 364 1424 F
367 1372 683 1443 oedavitque
719 1392 922 1440 comas,
975 1386 1026 1427 et
1062 1378 1193 1427 tanti
1230 1394 1425 1444 corpus
1459 1379 1650 1429 Achilli

390 1469 732 1537 Maximaque
766 1471 821 1519 in
860 1487 1024 1536 parva
1060 1471 1268 1521 sustulit
1303 1489 1420 1523 ossa
1455 1490 1643 1535 manu,

322 1562 456 1622 Cum
493 1564 591 1615 tibi
625 1581 724 1614 nec
758 1565 948 1616 Peleus
985 1563 1166 1616 aderat
1202 1576 1298 1618 cet.

178 1669 325 1721 Adde
359 1671 459 1735 ΙΙΙ,
487 1679 535 1736 7,
573 1677 656 1726 11.
693 1683 745 1724 et
777 1673 1180 1742 L'achmannum
1216 1674 1281 1727 ad
1317 1678 1458 1727 hunc
1494 1677 1669 1726 locum
1705 1673 1888 1740 impri-

178 1767 383 1835 misque
423 1766 489 1817 ad
524 1768 622 1831 III,
661 1773 744 1820 13.
783 1787 898 1836 pag.
913 1774 1038 1822 285.
1109 1768 1257 1832 Quae
1297 1787 1381 1821 res
1421 1770 1590 1820 aliena
1628 1789 1657 1820 a
1687 1768 1893 1828 'Tibulli

177 1860 524 1929 simplicitate.
606 1863 706 1914 Hic
749 1881 873 1915 vero
914 1866 1190 1916 transitum
1229 1883 1259 1915 a
1295 1863 1522 1917 secunda
1561 1881 1787 1932 persona
1827 1860 1889 1912 ad

179 1957 383 2008 tertiam
422 1959 564 2030 hunc
604 1958 765 2009 habet
803 1959 854 2023 Ι,
890 1963 950 2022 2,
988 1962 1085 2010 35:

319 2065 524 2118 Parcite
561 2065 879 2133 luminibus,
928 2087 1019 2120 seu
1059 2069 1140 2120 vir
1177 2084 1270 2120 seu
1307 2067 1504 2119 femina
1539 2066 1629 2119 fiat

390 2157 580 2221 Obvia.

177 2255 229 2319 1,
268 2259 331 2317 6,
368 2259 470 2305 39:

318 2347 459 2404 Tum
493 2346 681 2415 procul
717 2346 924 2410 absitis,
967 2347 1204 2417 quisquis
1241 2345 1363 2397 colit
1399 2354 1510 2398 arte
1549 2344 1789 2414 capillos,

390 2440 457 2491 Et
491 2438 611 2490 fluit
648 2439 816 2491 effuso
854 2439 939 2492 cui
978 2451 1100 2507 toga
1132 2442 1255 2492 laxa
1290 2440 1436 2504 sinu,

177 2568 315 2620 quos
346 2550 491 2614 locos
536 2550 688 2605 nulla,
718 2547 1021 2599 necessitate
1060 2560 1275 2618 cogente
1313 2549 1439 2600 olim
1480 2557 1706 2599 mutatos
1751 2558 1888 2598 recte

175 2647 233 2697 in
275 2646 538 2713 integrum
579 2629 808 2718 restituit
842 2643 1229 2697 Lachmannus.
1314 2643 1464 2697 Nam
1495 2641 1724 2694 secunda
1769 2661 1892 2711 per-

176 2757 306 2792 sona
351 2741 408 2790 in
455 2740 755 2793 hortatione
805 2739 974 2789 utitur
1015 2749 1200 2807 poeta,
1249 2737 1402 2788 tertia
1439 2738 1496 2787 in
1535 2737 1891 2804 designatione

178 2834 425 2899 subiecti,
490 2850 597 2902 quo
646 2832 782 2883 nihil
826 2833 1023 2901 'ap-tius.
1114 2833 1388 2884 Postremo
1438 2829 1570 2883 illud
1617 2841 1779 2882 restat
1826 2829 1889 2880 de

178 2929 522 2999 apostrophes
553 2945 656 2979 usu
690 2916 1007 2993 notandum,
1047 2929 1319 2980 Tibullum
1356 2945 1467 2979 non
1498 2944 1671 2978 amare
1703 2927 1891 2983 multas

178 3002 517 3078 diversarum¹
538 3038 888 3100 personarum
925 3035 1014 3090 aut
1049 3042 1228 3093 rerum
1264 3022 1604 3075 allocutiones
1643 3022 1892 3072 continuo

177 3136 406 3187 ponere,
452 3115 543 3169 sed
580 3092 750 3170 variat‘
775 3118 1079 3189 orationem
1116 3103 1424 3187 interposita
1465 3116 1617 3168 tertia
1653 3133 1893 3183 persona,

177 3214 339 3265 veluti
379 3213 449 3280 sic
492 3213 544 3275 Ι,
585 3218 645 3276 1,
684 3189 783 3263 15}
