<?xml version="1.0" encoding="UTF-8"?>
<!DOCTYPE html PUBLIC "-//W3C//DTD XHTML 1.0 Transitional//EN"
    "http://www.w3.org/TR/xhtml1/DTD/xhtml1-transitional.dtd">
<html xmlns="http://www.w3.org/1999/xhtml" xml:lang="en" lang="en">
 <head>
  <title>
</title>
<meta http-equiv="Content-Type" content="text/html;charset=utf-8" />
  <meta name='ocr-system' content='tesseract 3.04.00' />
  <meta name='ocr-capabilities' content='ocr_page ocr_carea ocr_par ocr_line ocrx_word'/>
</head>
<body>
  <div class='ocr_page' id='page_1' title='image "./carminaexrecensi01tibuuoft_0023.png"; bbox 0 0 2086 3756; ppageno 0'>
   <div class='ocr_carea' id='block_1_1' title="bbox 806 201 1831 256">
    <p class='ocr_par' dir='ltr' id='par_1_1' title="bbox 806 201 1831 256">
     <span class='ocr_line' id='line_1_1' title="bbox 806 201 1831 256; baseline 0.003 -4"><span class='ocrx_word' id='word_1_1' title='bbox 806 201 1108 256; x_wconf 90' lang='lat' dir='ltr'><strong>TIBULLI.</strong></span> <span class='ocrx_word' id='word_1_2' title='bbox 1720 224 1831 255; x_wconf 80' lang='lat' dir='ltr'><strong>xvn</strong></span> 
     </span>
    </p>
   </div>
   <div class='ocr_carea' id='block_1_2' title="bbox 47 339 1822 3464">
    <p class='ocr_par' dir='ltr' id='par_1_2' title="bbox 47 339 1822 2139">
     <span class='ocr_line' id='line_1_2' title="bbox 125 339 1822 416; baseline 0.006 -27"><span class='ocrx_word' id='word_1_3' title='bbox 125 339 360 407; x_wconf 83' lang='lat' dir='ltr'><strong>quidem,</strong></span> <span class='ocrx_word' id='word_1_4' title='bbox 397 351 452 392; x_wconf 87' lang='lat' dir='ltr'><strong>ut</strong></span> <span class='ocrx_word' id='word_1_5' title='bbox 490 339 632 404; x_wconf 82' lang='lat' dir='ltr'><strong>dixi,</strong></span> <span class='ocrx_word' id='word_1_6' title='bbox 668 341 716 392; x_wconf 88' lang='lat' dir='ltr'><strong>ei</strong></span> <span class='ocrx_word' id='word_1_7' title='bbox 751 343 1038 396; x_wconf 84' lang='lat' dir='ltr'><strong>innotuisse</strong></span> <span class='ocrx_word' id='word_1_8' title='bbox 1075 342 1280 397; x_wconf 81' lang='lat' dir='ltr'><strong>videtur</strong></span> <span class='ocrx_word' id='word_1_9' title='bbox 1320 361 1434 396; x_wconf 89' lang='lat' dir='ltr'><strong>cum</strong></span> <span class='ocrx_word' id='word_1_10' title='bbox 1474 356 1592 414; x_wconf 86' lang='lat' dir='ltr'><strong>post</strong></span> <span class='ocrx_word' id='word_1_11' title='bbox 1629 348 1822 416; x_wconf 84' lang='lat' dir='ltr'><strong>stipen-</strong></span> 
     </span>
     <span class='ocr_line' id='line_1_3' title="bbox 121 436 1822 510; baseline 0.004 -23"><span class='ocrx_word' id='word_1_12' title='bbox 121 436 206 488; x_wconf 84' lang='lat' dir='ltr'><strong>dia</strong></span> <span class='ocrx_word' id='word_1_13' title='bbox 229 439 462 488; x_wconf 80' lang='lat' dir='ltr'><strong>confecta</strong></span> <span class='ocrx_word' id='word_1_14' title='bbox 487 437 709 492; x_wconf 74' lang='lat' dir='ltr'><strong>Romam</strong></span> <span class='ocrx_word' id='word_1_15' title='bbox 734 438 985 503; x_wconf 81' lang='lat' dir='ltr'><strong>rediisset,</strong></span> <span class='ocrx_word' id='word_1_16' title='bbox 1025 440 1162 492; x_wconf 84' lang='lat' dir='ltr'><strong>unde</strong></span> <span class='ocrx_word' id='word_1_17' title='bbox 1197 443 1375 509; x_wconf 87' lang='lat' dir='ltr'><strong>paullo</strong></span> <span class='ocrx_word' id='word_1_18' title='bbox 1408 453 1530 510; x_wconf 88' lang='lat' dir='ltr'><strong>post</strong></span> <span class='ocrx_word' id='word_1_19' title='bbox 1564 461 1679 502; x_wconf 80' lang='lat' dir='ltr'><strong>cum</strong></span> <span class='ocrx_word' id='word_1_20' title='bbox 1712 446 1822 494; x_wconf 87' lang='lat' dir='ltr'><strong>bel-</strong></span> 
     </span>
     <span class='ocr_line' id='line_1_4' title="bbox 116 532 1819 605; baseline 0.006 -25"><span class='ocrx_word' id='word_1_21' title='bbox 116 532 226 582; x_wconf 90' lang='lat' dir='ltr'><strong>lum</strong></span> <span class='ocrx_word' id='word_1_22' title='bbox 253 543 434 584; x_wconf 87' lang='lat' dir='ltr'><strong>contra</strong></span> <span class='ocrx_word' id='word_1_23' title='bbox 456 532 745 585; x_wconf 86' lang='lat' dir='ltr'><strong>Antonium</strong></span> <span class='ocrx_word' id='word_1_24' title='bbox 776 548 1051 602; x_wconf 86' lang='lat' dir='ltr'><strong>pararetur</strong></span> <span class='ocrx_word' id='word_1_25' title='bbox 1079 540 1145 589; x_wconf 83' lang='lat' dir='ltr'><strong>ab</strong></span> <span class='ocrx_word' id='word_1_26' title='bbox 1176 537 1478 605; x_wconf 86' lang='lat' dir='ltr'><strong>Octaviano,</strong></span> <span class='ocrx_word' id='word_1_27' title='bbox 1512 539 1662 591; x_wconf 88' lang='lat' dir='ltr'><strong>initio</strong></span> <span class='ocrx_word' id='word_1_28' title='bbox 1698 559 1819 590; x_wconf 82' lang='lat' dir='ltr'><strong>ann.</strong></span> 
     </span>
     <span class='ocr_line' id='line_1_5' title="bbox 118 628 1821 700; baseline 0.005 -23"><span class='ocrx_word' id='word_1_29' title='bbox 118 634 255 692; x_wconf 70' lang='lat'>723„</span> <span class='ocrx_word' id='word_1_30' title='bbox 287 628 536 680; x_wconf 86' lang='lat' dir='ltr'><strong>invitatus</strong></span> <span class='ocrx_word' id='word_1_31' title='bbox 567 639 644 680; x_wconf 87' lang='lat' dir='ltr'><strong>est</strong></span> <span class='ocrx_word' id='word_1_32' title='bbox 674 638 733 679; x_wconf 87' lang='lat' dir='ltr'><strong>ut</strong></span> <span class='ocrx_word' id='word_1_33' title='bbox 761 630 1103 682; x_wconf 43' lang='lat' dir='ltr'><strong>*comitaretur</strong></span> <span class='ocrx_word' id='word_1_34' title='bbox 1138 644 1438 700; x_wconf 88' lang='lat' dir='ltr'><strong>patronum.</strong></span> <span class='ocrx_word' id='word_1_35' title='bbox 1511 633 1614 686; x_wconf 87' lang='lat' dir='ltr'><strong>Sed</strong></span> <span class='ocrx_word' id='word_1_36' title='bbox 1639 635 1821 687; x_wconf 92' lang='lat' dir='ltr'><strong>Tibul-</strong></span> 
     </span>
     <span class='ocr_line' id='line_1_6' title="bbox 112 723 1820 795; baseline 0.006 -24"><span class='ocrx_word' id='word_1_37' title='bbox 112 723 193 772; x_wconf 86' lang='lat' dir='ltr'><strong>lus</strong></span> <span class='ocrx_word' id='word_1_38' title='bbox 230 723 401 776; x_wconf 85' lang='lat' dir='ltr'><strong>civilia</strong></span> <span class='ocrx_word' id='word_1_39' title='bbox 439 741 588 775; x_wconf 84' lang='lat' dir='ltr'><strong>arma</strong></span> <span class='ocrx_word' id='word_1_40' title='bbox 620 741 814 776; x_wconf 81' lang='lat' dir='ltr'><strong>exosus</strong></span> <span class='ocrx_word' id='word_1_41' title='bbox 847 728 1085 790; x_wconf 83' lang='lat' dir='ltr'><strong>nolebat,</strong></span> <span class='ocrx_word' id='word_1_42' title='bbox 1130 739 1179 778; x_wconf 89' lang='lat' dir='ltr'><strong>et</strong></span> <span class='ocrx_word' id='word_1_43' title='bbox 1220 729 1460 795; x_wconf 84' lang='lat' dir='ltr'><strong>fatigatus</strong></span> <span class='ocrx_word' id='word_1_44' title='bbox 1506 730 1704 780; x_wconf 88' lang='lat' dir='ltr'><strong>bellicis</strong></span> <span class='ocrx_word' id='word_1_45' title='bbox 1745 731 1820 781; x_wconf 90' lang='lat' dir='ltr'><strong>la-</strong></span> 
     </span>
     <span class='ocr_line' id='line_1_7' title="bbox 110 820 1822 897; baseline 0.005 -27"><span class='ocrx_word' id='word_1_46' title='bbox 110 821 327 872; x_wconf 86' lang='lat' dir='ltr'><strong>boribus</strong></span> <span class='ocrx_word' id='word_1_47' title='bbox 363 820 574 873; x_wconf 89' lang='lat' dir='ltr'><strong>tandem</strong></span> <span class='ocrx_word' id='word_1_48' title='bbox 607 820 674 874; x_wconf 84' lang='lat' dir='ltr'><strong>ad</strong></span> <span class='ocrx_word' id='word_1_49' title='bbox 707 821 957 874; x_wconf 82' lang='lat' dir='ltr'><strong>rusticam</strong></span> <span class='ocrx_word' id='word_1_50' title='bbox 991 823 1150 879; x_wconf 88' lang='lat' dir='ltr'><strong>vitam</strong></span> <span class='ocrx_word' id='word_1_51' title='bbox 1192 824 1362 876; x_wconf 88' lang='lat' dir='ltr'><strong>redire</strong></span> <span class='ocrx_word' id='word_1_52' title='bbox 1399 827 1666 893; x_wconf 89' lang='lat' dir='ltr'><strong>cupiebat,</strong></span> <span class='ocrx_word' id='word_1_53' title='bbox 1718 847 1822 897; x_wconf 87' lang='lat' dir='ltr'><strong>qua</strong></span> 
     </span>
     <span class='ocr_line' id='line_1_8' title="bbox 111 917 1819 989; baseline 0.004 -21"><span class='ocrx_word' id='word_1_54' title='bbox 111 917 202 968; x_wconf 84' lang='lat' dir='ltr'><strong>diu</strong></span> <span class='ocrx_word' id='word_1_55' title='bbox 237 928 492 970; x_wconf 88' lang='lat' dir='ltr'><strong>caruerat.</strong></span> <span class='ocrx_word' id='word_1_56' title='bbox 563 918 649 970; x_wconf 86' lang='lat' dir='ltr'><strong>Sic</strong></span> <span class='ocrx_word' id='word_1_57' title='bbox 683 920 877 987; x_wconf 83' lang='lat' dir='ltr'><strong>scripta</strong></span> <span class='ocrx_word' id='word_1_58' title='bbox 917 920 1078 987; x_wconf 86' lang='lat' dir='ltr'><strong>elegia</strong></span> <span class='ocrx_word' id='word_1_59' title='bbox 1108 921 1278 988; x_wconf 88' lang='lat' dir='ltr'><strong>prima</strong></span> <span class='ocrx_word' id='word_1_60' title='bbox 1311 922 1434 973; x_wconf 85' lang='lat' dir='ltr'><strong>libri</strong></span> <span class='ocrx_word' id='word_1_61' title='bbox 1474 923 1647 989; x_wconf 87' lang='lat' dir='ltr'><strong>primi.</strong></span> <span class='ocrx_word' id='word_1_62' title='bbox 1719 925 1819 974; x_wconf 90' lang='lat' dir='ltr'><strong>Ac-</strong></span> 
     </span>
     <span class='ocr_line' id='line_1_9' title="bbox 111 1011 1815 1084; baseline 0.004 -21"><span class='ocrx_word' id='word_1_63' title='bbox 111 1011 324 1064; x_wconf 84' lang='lat' dir='ltr'><strong>cedebat</strong></span> <span class='ocrx_word' id='word_1_64' title='bbox 360 1030 507 1064; x_wconf 86' lang='lat' dir='ltr'><strong>amor</strong></span> <span class='ocrx_word' id='word_1_65' title='bbox 541 1013 754 1079; x_wconf 84' lang='lat' dir='ltr'><strong>Deliae,</strong></span> <span class='ocrx_word' id='word_1_66' title='bbox 783 1025 844 1066; x_wconf 61' lang='lat' dir='ltr'><strong>⁴et</strong></span> <span class='ocrx_word' id='word_1_67' title='bbox 876 1014 989 1082; x_wconf 85' lang='lat' dir='ltr'><strong>ipse</strong></span> <span class='ocrx_word' id='word_1_68' title='bbox 1024 1015 1251 1083; x_wconf 89' lang='lat' dir='ltr'><strong>primum</strong></span> <span class='ocrx_word' id='word_1_69' title='bbox 1287 1017 1344 1067; x_wconf 89' lang='lat' dir='ltr'><strong>in</strong></span> <span class='ocrx_word' id='word_1_70' title='bbox 1382 1018 1478 1068; x_wconf 88' lang='lat' dir='ltr'><strong>hac</strong></span> <span class='ocrx_word' id='word_1_71' title='bbox 1514 1019 1675 1084; x_wconf 86' lang='lat' dir='ltr'><strong>elegia</strong></span> <span class='ocrx_word' id='word_1_72' title='bbox 1708 1037 1815 1070; x_wconf 89' lang='lat' dir='ltr'><strong>me-</strong></span> 
     </span>
     <span class='ocr_line' id='line_1_10' title="bbox 106 1112 1816 1180; baseline 0.002 -18"><span class='ocrx_word' id='word_1_73' title='bbox 106 1122 354 1163; x_wconf 85' lang='lat' dir='ltr'><strong>moratus.</strong></span> <span class='ocrx_word' id='word_1_74' title='bbox 429 1112 515 1163; x_wconf 92' lang='lat' dir='ltr'><strong>De</strong></span> <span class='ocrx_word' id='word_1_75' title='bbox 549 1129 658 1180; x_wconf 83' lang='lat' dir='ltr'><strong>quo</strong></span> <span class='ocrx_word' id='word_1_76' title='bbox 683 1129 827 1170; x_wconf 75' lang='lat' dir='ltr'><strong>nunc</strong></span> <span class='ocrx_word' id='word_1_77' title='bbox 853 1112 1043 1166; x_wconf 72' lang='lat' dir='ltr'><strong>dicam.</strong></span> <span class='ocrx_word' id='word_1_78' title='bbox 1110 1114 1319 1166; x_wconf 83' lang='lat' dir='ltr'><strong>Etenim</strong></span> <span class='ocrx_word' id='word_1_79' title='bbox 1345 1114 1481 1165; x_wconf 82' lang='lat' dir='ltr'><strong>circa</strong></span> <span class='ocrx_word' id='word_1_80' title='bbox 1511 1114 1650 1167; x_wconf 86' lang='lat' dir='ltr'><strong>idem</strong></span> <span class='ocrx_word' id='word_1_81' title='bbox 1685 1125 1816 1166; x_wconf 82' lang='lat' dir='ltr'><strong>tem-</strong></span> 
     </span>
     <span class='ocr_line' id='line_1_11' title="bbox 104 1205 1815 1275; baseline 0.004 -20"><span class='ocrx_word' id='word_1_82' title='bbox 104 1223 235 1273; x_wconf 69' lang='lat' dir='ltr'><strong>pua,</strong></span> <span class='ocrx_word' id='word_1_83' title='bbox 289 1214 396 1275; x_wconf 80' lang='lat' dir='ltr'><strong>qu&#39;o</strong></span> <span class='ocrx_word' id='word_1_84' title='bbox 442 1205 499 1256; x_wconf 90' lang='lat' dir='ltr'><strong>in</strong></span> <span class='ocrx_word' id='word_1_85' title='bbox 537 1207 796 1260; x_wconf 85' lang='lat' dir='ltr'><strong>Messalae</strong></span> <span class='ocrx_word' id='word_1_86' title='bbox 845 1208 1123 1259; x_wconf 83' lang='lat' dir='ltr'><strong>amicitiam</strong></span> <span class='ocrx_word' id='word_1_87' title='bbox 1176 1209 1348 1272; x_wconf 84' lang='lat' dir='ltr'><strong>venit,</strong></span> <span class='ocrx_word' id='word_1_88' title='bbox 1403 1210 1559 1262; x_wconf 87' lang='lat' dir='ltr'><strong>etiam</strong></span> <span class='ocrx_word' id='word_1_89' title='bbox 1607 1213 1815 1262; x_wconf 84' lang='lat' dir='ltr'><strong>Deliam</strong></span> 
     </span>
     <span class='ocr_line' id='line_1_12' title="bbox 105 1300 1814 1372; baseline 0.004 -19"><span class='ocrx_word' id='word_1_90' title='bbox 105 1315 279 1354; x_wconf 81' lang='lat' dir='ltr'><strong>amare</strong></span> <span class='ocrx_word' id='word_1_91' title='bbox 313 1300 509 1371; x_wconf 85' lang='lat' dir='ltr'><strong>coepit&#39;,</strong></span> <span class='ocrx_word' id='word_1_92' title='bbox 543 1305 772 1371; x_wconf 77' lang='lat' dir='ltr'><strong>puellam</strong></span> <span class='ocrx_word' id='word_1_93' title='bbox 810 1305 1267 1366; x_wconf 82' lang='lat' dir='ltr'><strong>formosissimam,</strong></span> <span class='ocrx_word' id='word_1_94' title='bbox 1306 1307 1452 1357; x_wconf 88' lang='lat' dir='ltr'><strong>cuius</strong></span> <span class='ocrx_word' id='word_1_95' title='bbox 1489 1309 1698 1372; x_wconf 83' lang='lat' dir='ltr'><strong>faciem,</strong></span> <span class='ocrx_word' id='word_1_96' title='bbox 1739 1320 1814 1360; x_wconf 87' lang='lat' dir='ltr'><strong>te-</strong></span> 
     </span>
     <span class='ocr_line' id='line_1_13' title="bbox 104 1398 1813 1461; baseline 0.002 -13"><span class='ocrx_word' id='word_1_97' title='bbox 104 1415 260 1449; x_wconf 83' lang='lat' dir='ltr'><strong>neros</strong></span> <span class='ocrx_word' id='word_1_98' title='bbox 301 1401 551 1461; x_wconf 90' lang='lat' dir='ltr'><strong>lacertos,</strong></span> <span class='ocrx_word' id='word_1_99' title='bbox 607 1415 782 1450; x_wconf 85' lang='lat' dir='ltr'><strong>comas</strong></span> <span class='ocrx_word' id='word_1_100' title='bbox 818 1398 980 1450; x_wconf 84' lang='lat' dir='ltr'><strong>flavas</strong></span> <span class='ocrx_word' id='word_1_101' title='bbox 1025 1398 1066 1460; x_wconf 90' lang='grc' dir='ltr'><strong>Ι,</strong></span> <span class='ocrx_word' id='word_1_102' title='bbox 1105 1403 1154 1461; x_wconf 87' lang='grc'><strong>5,</strong></span> <span class='ocrx_word' id='word_1_103' title='bbox 1192 1401 1278 1450; x_wconf 86' lang='grc'><strong>43.</strong></span> <span class='ocrx_word' id='word_1_104' title='bbox 1324 1399 1519 1451; x_wconf 83' lang='lat' dir='ltr'><strong>laudat.</strong></span> <span class='ocrx_word' id='word_1_105' title='bbox 1610 1403 1813 1453; x_wconf 88' lang='lat' dir='ltr'><strong>Verum</strong></span> 
     </span>
     <span class='ocr_line' id='line_1_14' title="bbox 102 1493 1811 1565; baseline 0.003 -21"><span class='ocrx_word' id='word_1_106' title='bbox 102 1512 294 1547; x_wconf 90' lang='lat' dir='ltr'><strong>nomen</strong></span> <span class='ocrx_word' id='word_1_107' title='bbox 345 1495 459 1545; x_wconf 83' lang='lat' dir='ltr'><strong>eius</strong></span> <span class='ocrx_word' id='word_1_108' title='bbox 506 1496 683 1545; x_wconf 78' lang='lat' dir='ltr'><strong>Plania</strong></span> <span class='ocrx_word' id='word_1_109' title='bbox 729 1493 856 1557; x_wconf 88' lang='lat' dir='ltr'><strong>fuit,</strong></span> <span class='ocrx_word' id='word_1_110' title='bbox 912 1504 971 1545; x_wconf 90' lang='lat' dir='ltr'><strong>ut</strong></span> <span class='ocrx_word' id='word_1_111' title='bbox 1017 1512 1087 1546; x_wconf 86' lang='lat' dir='ltr'><strong>ex</strong></span> <span class='ocrx_word' id='word_1_112' title='bbox 1139 1496 1384 1563; x_wconf 84' lang='lat' dir='ltr'><strong>Appulei.</strong></span> <span class='ocrx_word' id='word_1_113' title='bbox 1421 1498 1643 1565; x_wconf 85' lang='lat' dir='ltr'><strong>Apolog.</strong></span> <span class='ocrx_word' id='word_1_114' title='bbox 1690 1503 1811 1549; x_wconf 88' lang='grc'><strong>106.</strong></span> 
     </span>
     <span class='ocr_line' id='line_1_15' title="bbox 101 1590 1811 1663; baseline 0.001 -19"><span class='ocrx_word' id='word_1_115' title='bbox 101 1590 343 1644; x_wconf 85' lang='lat' dir='ltr'><strong>Oudend.</strong></span> <span class='ocrx_word' id='word_1_116' title='bbox 378 1591 650 1656; x_wconf 84' lang='lat' dir='ltr'><strong>novimus,</strong></span> <span class='ocrx_word' id='word_1_117' title='bbox 684 1592 780 1643; x_wconf 89' lang='lat' dir='ltr'><strong>ubi</strong></span> <span class='ocrx_word' id='word_1_118' title='bbox 813 1592 1028 1657; x_wconf 79' lang='lat' dir='ltr'><strong>legitur:</strong></span> <span class='ocrx_word' id='word_1_119' title='bbox 1073 1594 1277 1655; x_wconf 77' lang='lat' dir='ltr'><strong>„eadem</strong></span> <span class='ocrx_word' id='word_1_120' title='bbox 1311 1598 1452 1658; x_wconf 67' lang='lat' dir='ltr'><strong>igitur</strong></span> <span class='ocrx_word' id='word_1_121' title='bbox 1487 1613 1634 1663; x_wconf 83' lang='lat' dir='ltr'><strong>opera</strong></span> <span class='ocrx_word' id='word_1_122' title='bbox 1665 1615 1811 1647; x_wconf 81' lang='lat' dir='ltr'><strong>accu-</strong></span> 
     </span>
     <span class='ocr_line' id='line_1_16' title="bbox 97 1687 1810 1755; baseline 0.002 -16"><span class='ocrx_word' id='word_1_123' title='bbox 97 1699 195 1739; x_wconf 76' lang='lat' dir='ltr'><strong>sent</strong></span> <span class='ocrx_word' id='word_1_124' title='bbox 230 1690 285 1738; x_wconf 92' lang='lat' dir='ltr'><strong>C.</strong></span> <span class='ocrx_word' id='word_1_125' title='bbox 318 1689 599 1752; x_wconf 73' lang='lat' dir='ltr'><strong>Catullum,</strong></span> <span class='ocrx_word' id='word_1_126' title='bbox 630 1687 759 1755; x_wconf 83' lang='lat' dir='ltr'><strong>quod</strong></span> <span class='ocrx_word' id='word_1_127' title='bbox 794 1687 1014 1737; x_wconf 79' lang='lat' dir='ltr'><strong>Lesbiam</strong></span> <span class='ocrx_word' id='word_1_128' title='bbox 1043 1706 1134 1755; x_wconf 83' lang='lat' dir='ltr'><strong>pro</strong></span> <span class='ocrx_word' id='word_1_129' title='bbox 1175 1689 1345 1739; x_wconf 83' lang='lat' dir='ltr'><strong>Clodia</strong></span> <span class='ocrx_word' id='word_1_130' title='bbox 1377 1694 1628 1741; x_wconf 79' lang='lat' dir='ltr'><strong>nominarit</strong></span> <span class='ocrx_word' id='word_1_131' title='bbox 1659 1717 1732 1728; x_wconf 90' lang='lat'>—</span> <span class='ocrx_word' id='word_1_132' title='bbox 1767 1701 1810 1741; x_wconf 77' lang='lat' dir='ltr'><strong>et</strong></span> 
     </span>
     <span class='ocr_line' id='line_1_17' title="bbox 97 1785 1808 1855; baseline 0.001 -21"><span class='ocrx_word' id='word_1_133' title='bbox 97 1786 392 1855; x_wconf 66' lang='lat' dir='ltr'><strong>Proper-tiam</strong></span> <span class='ocrx_word' id='word_1_134' title='bbox 407 1821 421 1848; x_wconf 93' lang='lat'><strong>,</strong></span> <span class='ocrx_word' id='word_1_135' title='bbox 458 1789 541 1854; x_wconf 87' lang='lat' dir='ltr'><strong>qui</strong></span> <span class='ocrx_word' id='word_1_136' title='bbox 573 1785 818 1853; x_wconf 75' lang='lat' dir='ltr'><strong>Cyntlciam</strong></span> <span class='ocrx_word' id='word_1_137' title='bbox 856 1785 1017 1848; x_wconf 82' lang='lat' dir='ltr'><strong>dicat,</strong></span> <span class='ocrx_word' id='word_1_138' title='bbox 1062 1785 1286 1836; x_wconf 77' lang='lat' dir='ltr'><strong>Hostiam</strong></span> <span class='ocrx_word' id='word_1_139' title='bbox 1324 1786 1600 1849; x_wconf 69' lang='lat' dir='ltr'><strong>dissimulet,</strong></span> <span class='ocrx_word' id='word_1_140' title='bbox 1648 1796 1692 1836; x_wconf 83' lang='lat' dir='ltr'><strong>et</strong></span> <span class='ocrx_word' id='word_1_141' title='bbox 1731 1786 1808 1835; x_wconf 86' lang='lat' dir='ltr'><strong>Ti-</strong></span> 
     </span>
     <span class='ocr_line' id='line_1_18' title="bbox 98 1878 1806 1948; baseline 0.001 -20"><span class='ocrx_word' id='word_1_142' title='bbox 98 1879 286 1943; x_wconf 78' lang='lat' dir='ltr'><strong>buHum,</strong></span> <span class='ocrx_word' id='word_1_143' title='bbox 321 1881 449 1948; x_wconf 85' lang='lat' dir='ltr'><strong>quod</strong></span> <span class='ocrx_word' id='word_1_144' title='bbox 483 1884 529 1930; x_wconf 84' lang='lat' dir='ltr'><strong>ei</strong></span> <span class='ocrx_word' id='word_1_145' title='bbox 555 1883 616 1931; x_wconf 81' lang='lat' dir='ltr'><strong>sit</strong></span> <span class='ocrx_word' id='word_1_146' title='bbox 648 1881 828 1931; x_wconf 83' lang='lat' dir='ltr'><strong>Plania</strong></span> <span class='ocrx_word' id='word_1_147' title='bbox 860 1885 908 1931; x_wconf 87' lang='lat' dir='ltr'><strong>in</strong></span> <span class='ocrx_word' id='word_1_148' title='bbox 942 1884 1115 1943; x_wconf 80' lang='lat' dir='ltr'><strong>anima,</strong></span> <span class='ocrx_word' id='word_1_149' title='bbox 1150 1882 1291 1932; x_wconf 81' lang='lat' dir='ltr'><strong>Delia</strong></span> <span class='ocrx_word' id='word_1_150' title='bbox 1319 1885 1366 1931; x_wconf 85' lang='lat' dir='ltr'><strong>in</strong></span> <span class='ocrx_word' id='word_1_151' title='bbox 1404 1883 1585 1932; x_wconf 80' lang='lat' dir='ltr'><strong>versu.“</strong></span> <span class='ocrx_word' id='word_1_152' title='bbox 1658 1878 1806 1943; x_wconf 85' lang='lat' dir='ltr'><strong>Quae</strong></span> 
     </span>
     <span class='ocr_line' id='line_1_19' title="bbox 94 1975 1806 2043; baseline 0 -17"><span class='ocrx_word' id='word_1_153' title='bbox 94 1977 301 2042; x_wconf 79' lang='lat' dir='ltr'><strong>vulgata</strong></span> <span class='ocrx_word' id='word_1_154' title='bbox 329 1975 501 2026; x_wconf 86' lang='lat' dir='ltr'><strong>lectio.</strong></span> <span class='ocrx_word' id='word_1_155' title='bbox 571 1975 691 2026; x_wconf 91' lang='lat' dir='ltr'><strong>Alia</strong></span> <span class='ocrx_word' id='word_1_156' title='bbox 716 1976 834 2026; x_wconf 86' lang='lat' dir='ltr'><strong>lect.</strong></span> <span class='ocrx_word' id='word_1_157' title='bbox 863 1977 1062 2027; x_wconf 83' lang='lat' dir='ltr'><strong>Plautia</strong></span> <span class='ocrx_word' id='word_1_158' title='bbox 1094 1976 1158 2026; x_wconf 90' lang='lat' dir='ltr'><strong>ab</strong></span> <span class='ocrx_word' id='word_1_159' title='bbox 1189 1975 1575 2027; x_wconf 84' lang='lat' dir='ltr'><strong>Elmenhorstio</strong></span> <span class='ocrx_word' id='word_1_160' title='bbox 1601 1994 1655 2043; x_wconf 91' lang='lat' dir='ltr'><strong>p.</strong></span> <span class='ocrx_word' id='word_1_161' title='bbox 1685 1981 1806 2026; x_wconf 85' lang='lat'><strong>327.</strong></span> 
     </span>
     <span class='ocr_line' id='line_1_20' title="bbox 47 2070 1806 2139; baseline 0.002 -21"><span class='ocrx_word' id='word_1_162' title='bbox 47 2114 52 2118; x_wconf 84' lang='grc'><strong>.</strong></span> <span class='ocrx_word' id='word_1_163' title='bbox 95 2091 123 2123; x_wconf 89' lang='lat' dir='ltr'><strong>e</strong></span> <span class='ocrx_word' id='word_1_164' title='bbox 158 2070 309 2123; x_wconf 84' lang='lat' dir='ltr'><strong>Fulv.</strong></span> <span class='ocrx_word' id='word_1_165' title='bbox 342 2081 523 2122; x_wconf 87' lang='lat' dir='ltr'><strong>notata</strong></span> <span class='ocrx_word' id='word_1_166' title='bbox 557 2081 635 2122; x_wconf 87' lang='lat' dir='ltr'><strong>est</strong></span> <span class='ocrx_word' id='word_1_167' title='bbox 672 2081 724 2122; x_wconf 89' lang='lat' dir='ltr'><strong>et</strong></span> <span class='ocrx_word' id='word_1_168' title='bbox 759 2089 844 2139; x_wconf 88' lang='lat' dir='ltr'><strong>ap.</strong></span> <span class='ocrx_word' id='word_1_169' title='bbox 880 2071 1101 2122; x_wconf 88' lang='lat' dir='ltr'><strong>Hieron.</strong></span> <span class='ocrx_word' id='word_1_170' title='bbox 1136 2070 1479 2122; x_wconf 86' lang='lat' dir='ltr'><strong>Alexandrin.</strong></span> <span class='ocrx_word' id='word_1_171' title='bbox 1517 2072 1574 2122; x_wconf 89' lang='lat' dir='ltr'><strong>in</strong></span> <span class='ocrx_word' id='word_1_172' title='bbox 1610 2072 1806 2123; x_wconf 84' lang='lat' dir='ltr'><strong>Tibull.</strong></span> 
     </span>
    </p>

    <p class='ocr_par' dir='ltr' id='par_1_3' title="bbox 67 2165 1803 3385">
     <span class='ocr_line' id='line_1_21' title="bbox 97 2165 1803 2236; baseline -0.001 -18"><span class='ocrx_word' id='word_1_173' title='bbox 97 2167 178 2219; x_wconf 92' lang='lat' dir='ltr'><strong>ed.</strong></span> <span class='ocrx_word' id='word_1_174' title='bbox 206 2168 445 2219; x_wconf 87' lang='lat' dir='ltr'><strong>Huschk.</strong></span> <span class='ocrx_word' id='word_1_175' title='bbox 486 2167 550 2218; x_wconf 92' lang='lat' dir='ltr'><strong>T.</strong></span> <span class='ocrx_word' id='word_1_176' title='bbox 590 2167 632 2219; x_wconf 95' lang='lat' dir='ltr'><strong>I.</strong></span> <span class='ocrx_word' id='word_1_177' title='bbox 666 2185 719 2235; x_wconf 89' lang='lat' dir='ltr'><strong>p.</strong></span> <span class='ocrx_word' id='word_1_178' title='bbox 754 2165 871 2218; x_wconf 89' lang='lat' dir='ltr'><strong>XC.</strong></span> <span class='ocrx_word' id='word_1_179' title='bbox 905 2167 1146 2219; x_wconf 85' lang='lat' dir='ltr'><strong>habetur.</strong></span> <span class='ocrx_word' id='word_1_180' title='bbox 1221 2166 1328 2216; x_wconf 87' lang='lat' dir='ltr'><strong>Alii</strong></span> <span class='ocrx_word' id='word_1_181' title='bbox 1363 2166 1591 2236; x_wconf 88' lang='lat' dir='ltr'><strong>denique</strong></span> <span class='ocrx_word' id='word_1_182' title='bbox 1627 2168 1803 2218; x_wconf 88' lang='lat' dir='ltr'><strong>conie-</strong></span> 
     </span>
     <span class='ocr_line' id='line_1_22' title="bbox 67 2245 1803 2328; baseline 0.001 -15"><span class='ocrx_word' id='word_1_183' title='bbox 67 2245 71 2247; x_wconf 19' lang='grc' dir='ltr'><em>Π</em></span> <span class='ocrx_word' id='word_1_184' title='bbox 96 2274 277 2314; x_wconf 85' lang='lat' dir='ltr'><strong>cerunt</strong></span> <span class='ocrx_word' id='word_1_185' title='bbox 310 2266 494 2327; x_wconf 73' lang='lat' dir='ltr'><strong>Flavia,</strong></span> <span class='ocrx_word' id='word_1_186' title='bbox 527 2266 750 2328; x_wconf 76' lang='lat' dir='ltr'><strong>Plancio,</strong></span> <span class='ocrx_word' id='word_1_187' title='bbox 780 2266 987 2316; x_wconf 84' lang='lat' dir='ltr'><strong>Planca.</strong></span> <span class='ocrx_word' id='word_1_188' title='bbox 1058 2262 1163 2314; x_wconf 85' lang='lat' dir='ltr'><strong>Sed</strong></span> <span class='ocrx_word' id='word_1_189' title='bbox 1200 2280 1382 2317; x_wconf 85' lang='lat' dir='ltr'><strong>verum</strong></span> <span class='ocrx_word' id='word_1_190' title='bbox 1410 2281 1603 2315; x_wconf 88' lang='lat' dir='ltr'><strong>nomen</strong></span> <span class='ocrx_word' id='word_1_191' title='bbox 1626 2266 1803 2315; x_wconf 87' lang='lat' dir='ltr'><strong>Plania</strong></span> 
     </span>
     <span class='ocr_line' id='line_1_23' title="bbox 95 2355 1800 2427; baseline -0.001 -18"><span class='ocrx_word' id='word_1_192' title='bbox 95 2359 248 2411; x_wconf 84' lang='lat' dir='ltr'><strong>etiam</strong></span> <span class='ocrx_word' id='word_1_193' title='bbox 297 2358 535 2426; x_wconf 89' lang='lat' dir='ltr'><strong>Spohnio</strong></span> <span class='ocrx_word' id='word_1_194' title='bbox 583 2357 783 2422; x_wconf 84' lang='lat' dir='ltr'><strong>iudice,</strong></span> <span class='ocrx_word' id='word_1_195' title='bbox 838 2357 904 2409; x_wconf 88' lang='lat' dir='ltr'><strong>ad</strong></span> <span class='ocrx_word' id='word_1_196' title='bbox 957 2356 1102 2427; x_wconf 89' lang='lat' dir='ltr'><strong>quod</strong></span> <span class='ocrx_word' id='word_1_197' title='bbox 1153 2355 1468 2409; x_wconf 86' lang='lat' dir='ltr'><strong>firmandum</strong></span> <span class='ocrx_word' id='word_1_198' title='bbox 1517 2357 1620 2408; x_wconf 88' lang='lat' dir='ltr'><strong>iam</strong></span> <span class='ocrx_word' id='word_1_199' title='bbox 1675 2359 1800 2409; x_wconf 91' lang='lat' dir='ltr'><strong>olim</strong></span> 
     </span>
     <span class='ocr_line' id='line_1_24' title="bbox 91 2454 1798 2522; baseline 0.001 -17"><span class='ocrx_word' id='word_1_200' title='bbox 91 2455 488 2506; x_wconf 86' lang='lat' dir='ltr'><strong>Brouckhusius</strong></span> <span class='ocrx_word' id='word_1_201' title='bbox 522 2454 894 2521; x_wconf 85' lang='lat' dir='ltr'><strong>Inscriptiones</strong></span> <span class='ocrx_word' id='word_1_202' title='bbox 937 2472 1022 2522; x_wconf 89' lang='lat' dir='ltr'><strong>ap.</strong></span> <span class='ocrx_word' id='word_1_203' title='bbox 1059 2455 1208 2507; x_wconf 89' lang='lat' dir='ltr'><strong>Grut.</strong></span> <span class='ocrx_word' id='word_1_204' title='bbox 1249 2457 1468 2507; x_wconf 85' lang='lat' dir='ltr'><strong>contulit</strong></span> <span class='ocrx_word' id='word_1_205' title='bbox 1503 2455 1569 2507; x_wconf 86' lang='lat' dir='ltr'><strong>ad</strong></span> <span class='ocrx_word' id='word_1_206' title='bbox 1605 2456 1723 2508; x_wconf 88' lang='lat' dir='ltr'><strong>Tib.</strong></span> <span class='ocrx_word' id='word_1_207' title='bbox 1757 2457 1798 2519; x_wconf 90' lang='lat' dir='ltr'><strong>I,</strong></span> 
     </span>
     <span class='ocr_line' id='line_1_25' title="bbox 95 2549 1799 2618; baseline 0.002 -18"><span class='ocrx_word' id='word_1_208' title='bbox 95 2553 142 2612; x_wconf 91' lang='lat'><strong>1,</strong></span> <span class='ocrx_word' id='word_1_209' title='bbox 181 2555 266 2600; x_wconf 87' lang='lat'><strong>57.</strong></span> <span class='ocrx_word' id='word_1_210' title='bbox 304 2566 439 2618; x_wconf 87' lang='lat' dir='ltr'><strong>quae</strong></span> <span class='ocrx_word' id='word_1_211' title='bbox 473 2551 701 2616; x_wconf 87' lang='lat' dir='ltr'><strong>probant</strong></span> <span class='ocrx_word' id='word_1_212' title='bbox 734 2549 1032 2600; x_wconf 88' lang='lat' dir='ltr'><strong>Romanum</strong></span> <span class='ocrx_word' id='word_1_213' title='bbox 1067 2550 1231 2600; x_wconf 83' lang='lat' dir='ltr'><strong>fuisse</strong></span> <span class='ocrx_word' id='word_1_214' title='bbox 1263 2567 1486 2616; x_wconf 89' lang='lat' dir='ltr'><strong>nomen,</strong></span> <span class='ocrx_word' id='word_1_215' title='bbox 1523 2553 1799 2606; x_wconf 87' lang='lat' dir='ltr'><strong>Passovius</strong></span> 
     </span>
     <span class='ocr_line' id='line_1_26' title="bbox 92 2624 1801 2715; baseline 0.004 -21"><span class='ocrx_word' id='word_1_216' title='bbox 92 2654 265 2695; x_wconf 87' lang='lat' dir='ltr'><strong>autem</strong></span> <span class='ocrx_word' id='word_1_217' title='bbox 300 2645 356 2695; x_wconf 91' lang='lat' dir='ltr'><strong>in</strong></span> <span class='ocrx_word' id='word_1_218' title='bbox 398 2643 647 2696; x_wconf 87' lang='lat' dir='ltr'><strong>Seebodii</strong></span> <span class='ocrx_word' id='word_1_219' title='bbox 678 2644 888 2696; x_wconf 89' lang='lat' dir='ltr'><strong>Horreo</strong></span> <span class='ocrx_word' id='word_1_220' title='bbox 925 2645 1110 2712; x_wconf 85' lang='lat' dir='ltr'><strong>philol.</strong></span> <span class='ocrx_word' id='word_1_221' title='bbox 1146 2657 1199 2697; x_wconf 89' lang='lat' dir='ltr'><strong>et</strong></span> <span class='ocrx_word' id='word_1_222' title='bbox 1227 2624 1448 2715; x_wconf 37' lang='lat' dir='ltr'><strong>&#39;paedag.</strong></span> <span class='ocrx_word' id='word_1_223' title='bbox 1487 2666 1610 2699; x_wconf 87' lang='lat' dir='ltr'><strong>ann.</strong></span> <span class='ocrx_word' id='word_1_224' title='bbox 1644 2653 1801 2701; x_wconf 87' lang='lat'><strong>1825.</strong></span> 
     </span>
     <span class='ocr_line' id='line_1_27' title="bbox 89 2741 1799 2812; baseline 0.002 -20"><span class='ocrx_word' id='word_1_225' title='bbox 89 2760 144 2808; x_wconf 86' lang='lat' dir='ltr'><strong>p.</strong></span> <span class='ocrx_word' id='word_1_226' title='bbox 188 2745 309 2793; x_wconf 85' lang='lat'><strong>191.</strong></span> <span class='ocrx_word' id='word_1_227' title='bbox 345 2751 526 2794; x_wconf 86' lang='lat' dir='ltr'><strong>narrat</strong></span> <span class='ocrx_word' id='word_1_228' title='bbox 560 2742 868 2794; x_wconf 80' lang='lat' dir='ltr'><strong>sententiam</strong></span> <span class='ocrx_word' id='word_1_229' title='bbox 904 2743 1009 2793; x_wconf 86' lang='lat' dir='ltr'><strong>viri</strong></span> <span class='ocrx_word' id='word_1_230' title='bbox 1048 2741 1313 2795; x_wconf 85' lang='lat' dir='ltr'><strong>cuiusdam</strong></span> <span class='ocrx_word' id='word_1_231' title='bbox 1353 2742 1517 2808; x_wconf 86' lang='lat' dir='ltr'><strong>docti,</strong></span> <span class='ocrx_word' id='word_1_232' title='bbox 1560 2744 1651 2812; x_wconf 88' lang='lat' dir='ltr'><strong>qui</strong></span> <span class='ocrx_word' id='word_1_233' title='bbox 1689 2746 1799 2796; x_wconf 89' lang='lat' dir='ltr'><strong>De-</strong></span> 
     </span>
     <span class='ocr_line' id='line_1_28' title="bbox 90 2836 1799 2909; baseline 0.002 -21"><span class='ocrx_word' id='word_1_234' title='bbox 90 2838 191 2889; x_wconf 86' lang='lat' dir='ltr'><strong>liae</strong></span> <span class='ocrx_word' id='word_1_235' title='bbox 229 2855 425 2890; x_wconf 88' lang='lat' dir='ltr'><strong>nomen</strong></span> <span class='ocrx_word' id='word_1_236' title='bbox 454 2839 529 2889; x_wconf 90' lang='lat' dir='ltr'><strong>ita</strong></span> <span class='ocrx_word' id='word_1_237' title='bbox 565 2856 599 2890; x_wconf 78' lang='lat' dir='ltr'><strong>a</strong></span> <span class='ocrx_word' id='word_1_238' title='bbox 630 2836 796 2908; x_wconf 74' lang='grc' dir='ltr'><strong><em>δῆλος</em></strong></span> <span class='ocrx_word' id='word_1_239' title='bbox 831 2837 1046 2891; x_wconf 83' lang='lat' dir='ltr'><strong>ductum</strong></span> <span class='ocrx_word' id='word_1_240' title='bbox 1071 2840 1288 2906; x_wconf 83' lang='lat' dir='ltr'><strong>putabat</strong></span> <span class='ocrx_word' id='word_1_241' title='bbox 1313 2850 1372 2891; x_wconf 89' lang='lat' dir='ltr'><strong>ut</strong></span> <span class='ocrx_word' id='word_1_242' title='bbox 1396 2841 1609 2892; x_wconf 86' lang='lat' dir='ltr'><strong>Planiae</strong></span> <span class='ocrx_word' id='word_1_243' title='bbox 1638 2860 1667 2891; x_wconf 86' lang='lat' dir='ltr'><strong>a</strong></span> <span class='ocrx_word' id='word_1_244' title='bbox 1688 2844 1799 2909; x_wconf 89' lang='lat' dir='ltr'><strong>pla-</strong></span> 
     </span>
     <span class='ocr_line' id='line_1_29' title="bbox 90 2933 1797 2998; baseline 0.004 -14"><span class='ocrx_word' id='word_1_245' title='bbox 90 2953 199 2998; x_wconf 80' lang='lat' dir='ltr'><strong>nus,</strong></span> <span class='ocrx_word' id='word_1_246' title='bbox 239 2945 291 2985; x_wconf 86' lang='lat' dir='ltr'><strong>et</strong></span> <span class='ocrx_word' id='word_1_247' title='bbox 322 2933 455 2985; x_wconf 89' lang='lat' dir='ltr'><strong>illud</strong></span> <span class='ocrx_word' id='word_1_248' title='bbox 491 2934 658 2987; x_wconf 65' lang='lat' dir='ltr'><strong>huius</strong></span> <span class='ocrx_word' id='word_1_249' title='bbox 682 2936 1073 2988; x_wconf 80' lang='lat' dir='ltr'><strong>translationem</strong></span> <span class='ocrx_word' id='word_1_250' title='bbox 1110 2936 1377 2988; x_wconf 82' lang='lat' dir='ltr'><strong>Graecam.</strong></span> <span class='ocrx_word' id='word_1_251' title='bbox 1452 2936 1556 2988; x_wconf 86' lang='lat' dir='ltr'><strong>Sed</strong></span> <span class='ocrx_word' id='word_1_252' title='bbox 1596 2936 1659 2988; x_wconf 88' lang='lat' dir='ltr'><strong>de</strong></span> <span class='ocrx_word' id='word_1_253' title='bbox 1697 2941 1797 2991; x_wconf 89' lang='lat' dir='ltr'><strong>hoc</strong></span> 
     </span>
     <span class='ocr_line' id='line_1_30' title="bbox 93 3028 1799 3101; baseline 0.002 -19"><span class='ocrx_word' id='word_1_254' title='bbox 93 3028 223 3083; x_wconf 80' lang='lat' dir='ltr'><strong>aliu&#39;s</strong></span> <span class='ocrx_word' id='word_1_255' title='bbox 254 3049 555 3099; x_wconf 89' lang='lat' dir='ltr'><strong>comparare</strong></span> <span class='ocrx_word' id='word_1_256' title='bbox 581 3034 730 3084; x_wconf 87' lang='lat' dir='ltr'><strong>malit</strong></span> <span class='ocrx_word' id='word_1_257' title='bbox 757 3033 1037 3101; x_wconf 86' lang='lat' dir='ltr'><strong>Cynthiam</strong></span> <span class='ocrx_word' id='word_1_258' title='bbox 1063 3034 1328 3101; x_wconf 88' lang='lat' dir='ltr'><strong>Propertii</strong></span> <span class='ocrx_word' id='word_1_259' title='bbox 1362 3034 1636 3086; x_wconf 86' lang='lat' dir='ltr'><strong>manifesto</strong></span> <span class='ocrx_word' id='word_1_260' title='bbox 1672 3051 1799 3101; x_wconf 86' lang='lat' dir='ltr'><strong>pro-</strong></span> 
     </span>
     <span class='ocr_line' id='line_1_31' title="bbox 91 3127 1799 3197; baseline 0.002 -21"><span class='ocrx_word' id='word_1_261' title='bbox 91 3135 207 3192; x_wconf 83' lang='lat' dir='ltr'><strong>pter</strong></span> <span class='ocrx_word' id='word_1_262' title='bbox 227 3127 535 3194; x_wconf 87' lang='lat' dir='ltr'><strong>Apollinem·</strong></span> <span class='ocrx_word' id='word_1_263' title='bbox 549 3144 770 3196; x_wconf 83' lang='lat' dir='ltr'><strong>poeseos</strong></span> <span class='ocrx_word' id='word_1_264' title='bbox 795 3138 1062 3180; x_wconf 87' lang='lat' dir='ltr'><strong>auctorem</strong></span> <span class='ocrx_word' id='word_1_265' title='bbox 1085 3127 1291 3180; x_wconf 88' lang='lat' dir='ltr'><strong>dictam.</strong></span> <span class='ocrx_word' id='word_1_266' title='bbox 1332 3129 1451 3196; x_wconf 87' lang='lat' dir='ltr'><strong>Ipsa</strong></span> <span class='ocrx_word' id='word_1_267' title='bbox 1471 3146 1597 3182; x_wconf 85' lang='lat' dir='ltr'><strong>vero</strong></span> <span class='ocrx_word' id='word_1_268' title='bbox 1623 3131 1799 3197; x_wconf 84' lang='lat' dir='ltr'><strong>puella</strong></span> 
     </span>
     <span class='ocr_line' id='line_1_32' title="bbox 92 3221 1798 3292; baseline 0.002 -22"><span class='ocrx_word' id='word_1_269' title='bbox 92 3221 199 3271; x_wconf 82' lang='lat' dir='ltr'><strong>sive</strong></span> <span class='ocrx_word' id='word_1_270' title='bbox 232 3221 504 3276; x_wconf 84' lang='lat' dir='ltr'><strong>libertinae</strong></span> <span class='ocrx_word' id='word_1_271' title='bbox 539 3222 868 3290; x_wconf 79' lang='lat' dir='ltr'><strong>conditionis,</strong></span> <span class='ocrx_word' id='word_1_272' title='bbox 903 3224 1012 3275; x_wconf 84' lang='lat' dir='ltr'><strong>sive</strong></span> <span class='ocrx_word' id='word_1_273' title='bbox 1050 3223 1194 3292; x_wconf 87' lang='lat' dir='ltr'><strong>quod</strong></span> <span class='ocrx_word' id='word_1_274' title='bbox 1224 3224 1400 3276; x_wconf 86' lang='lat' dir='ltr'><strong>malim</strong></span> <span class='ocrx_word' id='word_1_275' title='bbox 1436 3226 1652 3276; x_wconf 87' lang='lat' dir='ltr'><strong>omnino</strong></span> <span class='ocrx_word' id='word_1_276' title='bbox 1688 3227 1798 3292; x_wconf 87' lang='lat' dir='ltr'><strong>ple-</strong></span> 
     </span>
     <span class='ocr_line' id='line_1_33' title="bbox 95 3317 1798 3385; baseline 0.002 -20"><span class='ocrx_word' id='word_1_277' title='bbox 95 3317 239 3369; x_wconf 87' lang='lat' dir='ltr'><strong>beiae</strong></span> <span class='ocrx_word' id='word_1_278' title='bbox 269 3318 496 3385; x_wconf 83' lang='lat' dir='ltr'><strong>originis,</strong></span> <span class='ocrx_word' id='word_1_279' title='bbox 532 3319 673 3374; x_wconf 88' lang='lat' dir='ltr'><strong>haud</strong></span> <span class='ocrx_word' id='word_1_280' title='bbox 706 3321 862 3375; x_wconf 87' lang='lat' dir='ltr'><strong>dubie</strong></span> <span class='ocrx_word' id='word_1_281' title='bbox 900 3338 967 3372; x_wconf 83' lang='lat' dir='ltr'><strong>ex</strong></span> <span class='ocrx_word' id='word_1_282' title='bbox 1005 3338 1067 3373; x_wconf 90' lang='lat' dir='ltr'><strong>eo</strong></span> <span class='ocrx_word' id='word_1_283' title='bbox 1100 3322 1420 3374; x_wconf 75' lang='lat' dir='ltr'><strong>&#39;feminarum</strong></span> <span class='ocrx_word' id='word_1_284' title='bbox 1455 3320 1637 3374; x_wconf 83' lang='lat' dir='ltr'><strong>ordine</strong></span> <span class='ocrx_word' id='word_1_285' title='bbox 1671 3330 1798 3381; x_wconf 84' lang='lat' dir='ltr'><strong>erat,</strong></span> 
     </span>
    </p>

    <p class='ocr_par' dir='ltr' id='par_1_4' title="bbox 1284 3420 1317 3464">
     <span class='ocr_line' id='line_1_34' title="bbox 1284 3420 1317 3464; baseline 0 0"><span class='ocrx_word' id='word_1_286' title='bbox 1284 3420 1317 3464; x_wconf 85' lang='lat' dir='ltr'><strong>b</strong></span> 
     </span>
    </p>
   </div>
  </div>
 </body>
</html>
