2158 3750
304 239 407 283 200
697 224 1167 284 COMMENTAR.
1204 224 1279 278 IN
1318 226 1608 281 TIBULLI

307 376 434 421 lidus.
497 374 676 420 Confert
716 371 936 415 Hermus
977 371 1102 426 Virg.
1135 371 1242 415 Aen.
1274 371 1351 426 VI,
1381 374 1500 415 299:
1554 371 1773 418 horribili·
1795 376 2005 436 squalore

310 462 508 508 Charon,
552 458 960 502 Wmvmmmcnms
999 461 1143 499 autem
1185 461 1231 500 et
1272 456 1540 510 Huscmutrs
1581 466 1749 502 tetrum
1771 459 2007 517 porthmea

308 545 402 588 Iuv.
432 542 511 595 ΙΙΙ,
540 544 646 584 265.
706 541 815 584 Aliis
844 541 890 583 in
920 540 1029 584 locis
1070 548 1180 582 trux
1218 541 1340 584 audit
1381 546 1427 585 et
1458 549 1640 591 torvus,
1685 543 1745 586 cf.
1771 544 2007 590 Puorssnr.

310 627 388 679 111,
421 629 492 679 18,
523 627 595 668 24.
653 626 797 668 Sum.
839 626 946 669 Silv.
978 625 1036 679 ΙΙ,
1073 628 1114 680 1,
1147 628 1249 668 186.
1281 647 1340 657 -
1392 626 1446 669 V.
1479 628 1539 669 37
1571 639 1637 681 sq.
1695 625 1846 670 Illic.
1907 627 2008 670 Usi-

308 709 516 752 tatissima
557 709 851 753 cumulatione
893 709 951 753 ad
992 711 1135 754 locum
1175 710 1364 766 aliquem
1409 709 1721 765 designandum
1763 709 2011 753 adverbium

308 791 572 848 pronominis
614 791 939 837 demonstrativi
981 794 1256 850 componitur
1286 807 1384 838 cum
1426 794 1694 837 substantivo
1724 793 1812 847 sie,
1852 797 1903 836 ut
1932 792 2014 837 hoc

306 877 351 918 iu
394 875 665 932 appositione
709 876 769 919 sit
799 873 855 920 'et
896 887 977 933 pro
1021 877 1312 933 explicatione
1357 876 1554 933 pleniore
1598 875 1877 932 pronominis.
1938 875 2015 918 Sic

307 958 431 1002 Hom.
453 958 622 1015 Odyss.
646 959 704 1014 ΙΙ,
727 963 842 1004 317:
873 955 1012 1003 αὐτοῦ
1040 957 1150 1015 τῷδ’
1177 962 1238 1003 ἐνὶ
1267 956 1406 1019 δήμῳ.
1437 962 1583 1006 PnA'r.
1615 960 1802 1005 Phaedr.
1834 975 1879 1018 p.
1900 963 2016 1003 229:

307 1041 498 1085 ἐνθένδε
521 1037 606 1085 eiad
647 1042 729 1084 τοῦ
768 1039 963 1086 Ίλίσσου.
1024 1044 1238 1087 Similiter
1277 1041 1444 1087 αὐτόθι
1486 1048 1528 1088 ἓν
1558 1046 1832 1095 Μολοσσοῖς,
1879 1040 2018 1086 αὐτοῦ

311 1126 381 1166 ἐπὶ
409 1125 496 1167 τῶν
526 1120 756 1175 κλιμάκων,
788 1124 887 1178 alia,
917 1124 976 1169 cf.
999 1125 1150 1168 Bima.
1182 1125 1238 1169 ad
1267 1125 1490 1170 Plutarch.
1518 1126 1676 1181 Pyrrh.
1708 1141 1747 1171 c.
1777 1131 1816 1170 1.
1845 1142 1888 1184 p.
1916 1130 2018 1170 144.

311 1210 504 1253 Wmsxss
550 1210 607 1253 de
644 1210 905 1255 Pleonasmo
940 1224 983 1266 p.
1016 1211 1118 1253 144.
1175 1209 1328 1255 IAcon.
1370 1209 1426 1253 ad
1457 1210 1640 1254 Luciun.
1673 1209 1838 1254 Toxar.
1868 1225 1912 1267 p.
1942 1215 2020 1254 77.

310 1292 628 1337 ΒοιΝΕΜΑΝΝ.
654 1293 725 1336 ⁴ad
766 1290 967 1350 Xenoph.
1007 1291 1190 1337 Conviv.
1220 1292 1429 1346 vl11,›4‚
1471 1307 1514 1349 p.
1547 1295 1650 1335 186.
1721 1291 1844 1335 Idem
1878 1305 2020 1347 genus

312 1375 484 1419 dicendi
516 1375 632 1432 apud
664 1375 846 1419 Latinos
877 1375 1083 1430 invenias,
1114 1380 1165 1419 ut
1193 1376 1434 1420 Pnorun'r.
1469 1375 1506 1428 Ι,
1538 1379 1610 1430 19,
1642 1378 1672 1420 τ
1687 1389 1700 1419 =
1731 1373 2023 1417 illio—cae-

312 1455 376 1499 cis
405 1456 529 1503 locis.
589 1459 753 1513 Atque.
775 1458 1047 1501 Husomuus
1090 1458 1222 1502 etiam
1263 1456 1378 1501 hunc
1408 1458 1573 1501 Tibulli
1611 1459 1850 1502 locum-ita
1879 1457 2027 1515 expli-

313 1546 402 1586 cat.
455 1540 554 1585 Sed
594 1542 737 1585 aliena
783 1545 877 1585 tota
921 1554 994 1585 res
1037 1555 1065 1585 a
1106 1542 1333 1598 proposito
1376 1555 1521 1587 versu.
1581 1543 1749 1586 Sensus
1791 1543 1933 1587 enim=
1978 1543 2024 1586 iu

315 1625 434 1669 Orco
464 1629 580 1675 errat
609 1624 769 1682 pallida
799 1625 928 1668 turba
959 1638 1040 1682 per
1072 1625 1219 1669 tristes
1249 1625 1454 1680 regiones
1485 1623 1528 1668 h.
1558 1637 1598 1669 e.
1629 1624 1700 1669 ad
1741 1624 2024 1668 obscuros

314 1708 503 1762 lacu-s,
542 1708 622 1778 ubi
647 1721 729 1752 nec
759 1722 888 1764 seges
921 1723 1005 1753 nee
1033 1709 1186 1765 vinea,
1226 1722 1362 1766 quare
1391 1710 1512 1753 nulla
1541 1707 1611 1752 hic
1645 1713 1713 1752 est
1742 1708 2026 1766 appositionis

313 1796 546 1838 structura.
578 1795 721 1838 Porro
747 1796 860 1839 male
882 1796 1076 1840 Vossms
1098 1796 1262 1841 verba:
1287 1795 1463 1839 Errat
1493 1794 1558 1838 ad
1588 1795 1760 1839 lacu-s
1788 1793 1846 1838 de
1865 1793 2029 1837 umbris

314 1875 506 1919 nondum
551 1878 810 1921 transvectis
862 1878 1005 1935 capit,
1065 1891 1178 1933 quae
1223 1882 1374 1935 petant
1419 1878 1540 1921 lacus
1586 1882 1639 1921 ut
1682 1875 2024 1921 transvehuntur.

315 1960 454 2004 Immo
483 1961 528 2004 in
557 1963 675 2005 Orco
708 1967 834 2017 sunt,
877 1967 928 2005 ut
957 1975 1036 2019 par
1066 1967 1160 2015 est,
1210 1966 1256 2005 et
1286 1962 1343 2005 de
1371 1962 1476 2005 Orci
1505 1961 1757 2017 regionibus
1785 1960 2029 2004 iniucundis

315 2045 478 2099 agitur.
536 2044 764 2088 Introitum
809 2045 929 2100 prius
969 2031 1182 2087 distichon
1224 2043 1436 2100 depinxit.
1495 2042 1580 2086 Est
1613 2043 1750 2098 igitur
1787 2050 1939 2090 errat,
1980 2048 2032 2088 ut

318 2128 484 2182 vagari,
513 2126 770 2181 discurrere,
801 2121 1012 2178 ἀλᾶσθαι,
1045 2126 1101 2169 de
1131 2127 1295 2170 umbris
1322 2126 1368 2169 in
1393 2127 1525 2180 Oreo,
1555 2125 1612 2169 ef·
1638 2125 1694 2170 ad
1719 2126 1799 2182 lv,
1818 2129 1861 2181 1,
1880 2130 2031 2170 68.—

319 2209 736 2264 percussisque
777 2209 972 2263 genis,
1019 2212 1223 2264 corrupta
1252 2208 1414 2262 lectio,
1443 2220 1524 2264 pro
1555 2221 1642 2263 qua
1671 2209 1931 2253 Cuiaoianus
1957 2221 2032 2252 re-

320 2292 487 2334 centior
514 2304 602 2334 non
630 2291 786 2334 melius
810 2288 1148 2349 perscissisque.
1208 2289 1341 2335 Quod
1370 2289 1767 2345 Bnoucxnusms,
1795 2290 2033 2346 Harmas,

319 2373 393 2415 alii
422 2373 659 2417 intulerunt
697 2373 928 2434 exesisque
968 2373 1099 2432 genis
1137 2386 1196 2418 ex
1235 2373 1539 2418 emendatione
1556 2374 1762 2420 {Hsmsn
1797 2380 1867 2419 est
1894 2375 2033 2420 audu-

320 2456 465 2510 ciore‚
496 2456 599 2499 lieet
626 2457 810 2500 consilio
834 2458 926 2500 loci
956 2456 1427 2511 accommodatissima,
1451 2469 1524 2514 pr.
1557 2456 1804 2512 excavatis,
1835 2457 2033 2502 absumta

321 2552 451 2584 carne
480 2553 561 2597 per
590 2540 738 2596 ignem
767 2541 880 2596 rogi.
914 2542 1053 2586 Ovm.
1079 2542 1125 2586 in
1153 2541 1264 2585 lbid.
1297 2544 1411 2586 145:
1447 2548 1565 2583 ,tunc
1596 2555 1783 2601 quoque
1793 2539 2034 2599 fhctorum

319 2621 498 2665 veniam
534 2636 696 2665 memor
737 2621 896 2666 umbra
926 2630 1110 2667 tuorum
1123 2650 1136 2671 ‚
1176 2621 1390 2682 insequar
1431 2629 1479 2663 et
1516 2620 1678 2664 vultus
1719 2635 1848 2664 ossea
1871 2620 2034 2680 forma

323 2714 442 2750 tuos.
513 2708 724 2751 Similiter
768 2711 837 2751 est
877 2713 982 2750 usto
1025 2706 1220 2765 capillo,
1263 2707 1421 2750 adusto
1462 2719 1522 2750 ex
1562 2706 1666 2761 igne
1708 2706 1807 2761 rogi
1854 2706 2032 2752 dictum.

323 2787 624 2832 Credebantur
662 2789 777 2833 euim
810 2804 837 2832 a
878 2790 1024 2832 multis
1066 2789 1143 2832 tali
1173 2789 1266 2833 fere
1299 2790 1448 2846 specie
1482 2789 1664 2833 umbrae
1692 2789 1958 2834 descendere
1986 2791 2032 2834 in

323 2869 514 2924 Orcum,
558 2871 674 2926 quali
714 2870 996 2915 moribundae
1037 2869 1221 2913 fuissent
1261 2875 1337 2913 aut
1377 2871 1421 2914 in
1465 2884 1590 2927 rogo.
1662 2872 1740 2916 Sic
1780 2871 2032 2930 Deiphobus

323 2953 445 2995 lacer
474 2958 579 2997 erat.
598 2955 740 2998 Vmc..
773 2955 879 2996 Aen.
910 2953 988 3006 vl,
1016 2956 1119 2997 495.
1179 2954 1307 2999 Adde
1337 2954 1454 2998 aliud
1477 2955 1724 3011 exemplum
1755 2955 1893 2999 Ovm.
1920 2955 2030 2999 Met.

323 3034 403 3087 XI,
432 3037 523 3078 655
554 3047 649 3089 sqq.
707 3035 1005 3079 Puoruuzrms
1045 3039 1192 3079 autem
1232 3035 1311 3090 IV,
1340 3040 1384 3090 7,
1415 3041 1444 3080 7
1473 3051 1568 3093 sqq,
1594 3037 1669 3082 lde
1698 3036 1884 3093 Cynthia
1913 3047 2031 3082 mor·

324 3121 413 3169 tua,
435 3116 672 3160 ,dormienti
701 3129 814 3172 quae
843 3123 1129 3174 apparueratz
1160 3119 1352 3162 Eosdem
1381 3118 1544 3163 habuit
1574 3135 1736 3168 secum,
1767 3118 1930 3180 quibus
1961 3129 2033 3164 est

323 3197 464 3245 elata.
492 3199 692 3256 capillos,
723 3200 911 3244 Eosdem
941 3202 1115 3247 oculos:
1144 3202 1280 3246 lateri
1310 3202 1448 3247 vestis
1477 3204 1651 3250 adusta
1669 3204 1791 3263 fuit,
1826 3206 1892 3248 Et
1921 3205 2031 3251 soli-

325 3289 423 3326 tum
456 3281 599 3342 digito
630 3282 830 3341 beryllon
862 3286 1080 3329 adederat
1109 3286 1245 3346 ignis,
1270 3290 1543 3346 ⁴Samumque
1573 3287 1806 3334 Lethaeus
1837 3286 2030 3330 triverat

325 3378 410 3408 ora·
437 3364 597 3426 liquor.
673 3367 784 3414 Vide
830 3368 886 3413 de
929 3368 1007 3414 hac
1050 3383 1097 3414 re
1137 3375 1310 3427 praeter
1343 3371 1533 3417 Hssmsu
1563 3370 1671 3416 Adv.
1700 3371 1778 3426 IV,
1814 3374 1856 3414 1.
1898 3370 2028 3418 etiam

2141 2766 2152 2804 ’““
2145 2745 2158 2757 Ι
2140 2650 2158 2734 Ἇῐιὶι
2144 2603 2158 2636 ἐι,
2155 2583 2158 2587 .
2148 2551 2156 2571 4
2145 2534 2158 2541 ’.
2150 2496 2158 2523 .·..
