2158 3750
343 251 446 302 442
741 251 1211 304 COMMENTAR.
1246 250 1323 302 IN
1361 252 1649 304 TIBULLI

338 399 410 436 -tes
442 394 655 448 intelligit.
718 394 851 439 Dure.
913 394 1074 439 Melius
1103 398 1321 441 Hmfflws
1349 395 1459 443 haud
1487 396 1615 440 dubie
1644 396 1766 438 sec'let
1793 403 1853 454 pr.
1878 399 2036 443 assidet

342 467 613 533 (clasitzenj'
627 478 798 534 accipit.
838 477 1033 522 ⁴Solent-
1054 482 1166 524 enim
1203 482 1335 525 officii
1366 482 1550 524 ‘nomme
1590 481 1781 524 inviset&
1804 488 2035 536 aegrotan-

339 564 428 601 tem
469 559 753 603 admiratores
794 565 841 604 et
879 562 1086 605 amiciet
1114 563 1267 607 sedere
1299 564 1413 620 apud
1448 577 1557 607 eam.
1617 564 1812 608 Verbum
1840 564 2034 606 assidere

340 642 471 683 habes
504 656 541 685 v.
575 656 614 685 c.
654 644 792 688 Ovm.
822 643 965 700 Epist.
996 645 1119 699 XXI,
1152 650 1253 689 191.
1301 647 1502 690 laudante
1532 645 1741 692 Hssrmo.
1802 649 1944 702 Atque
1975 648 2035 690 ita

338 724 439 767 nihil
486 725 581 768 duri
625 725 766 770 video.
812 728 1038 772 *Vossms
1078 728 1151 784 qui
1195 728 1278 773 hoc
1320 731 1488 783 reiicit,
1532 731 1746 786 explicat:
1791 729 1915 773 sedet
1956 742 2034 772 ex-

336 814 551 864 spectans.
616 810 835 854 Ubinam‘?
864 842 865 845 η
897 811 1028 855 Haud
1074 813 1206 857 dubie
1245 813 1360 857 domi
1406 813 1522 871 apud
1568 826 1617 858 se
1658 811 1855 869 quisque.
1917 810 2035 860 Quid

335 892 634 946 exspectans?
708 892 937 948 Tabellas,
989 893 1169 951 Opinon
1216 910 1329 951 quae
1374 910 1474 964 eum
1528 894 1685 941 vocent
1729 896 1784 941 ad
1836 897 2035 954 puellum.

338 975 504 1018 Viderit
547 975 684 1019 lector
722 976 841 1032 ipse,
880 978 990 1021 'num
1031 977 1140 1022 haec
1173 967 1407 1036 explicatio
1438 981 1592 1024 melior
1622 985 1668 1024 et
1696 980 1934 1036 simplicior
1965 979 2034 1022 sit.

334 1057 434 1112 Ego
464 1057 568 1101 nihil
600 1058 839 1115 simplicius
869 1059 995 1102 video
1028 1060 1210 1106 Hssnm
1252 1063 1490 1107 sententia:
1539 1064 1683 1120 puella
1723 1068 1768 1107 te
1796 1063 1936 1106 solum
1965 1075 2037 1106 se·
2121 1103 2126 1107 .

334 1155 432 1184 cum
465 1143 655 1196 cogitat,
686 1142 993 1186 admirator-um
1025 1145 1152 1187 turba
1182 1145 1342 1188 frustra
1372 1145 1498 1188 adest
1527 1150 1715 1202 praesto.

451 1227 506 1270 V.
537 1226 714 1269 21-ad
743 1228 889 1271 finem·
960 1227 1168 1272 Exitus
1211 1230 1506 1276 carminis,
1577 1228 1835 1273 Tertium
1880 1227 2037 1271 invo-

331 1315 423 1354 cat
462 1310 773 1364 Phoebum,
821 1316 879 1354 et
923 1325 1064 1356 nunc
1095 1313 1320 1369 quidem
1351 1325 1456 1370 pro
1497 1313 1772 1358 ambobus
1798 1311 2038 1358 amanti-

330 1396 432 1438 bus
480 1409 686 1452 preces
726 1396 885 1440 facit.

449 1481 504 1523 V.
538 1483 591 1522 21
629 1493 723 1535 sqq.
756 1480 808 1523 in
840 1491 950 1523 uno
981 1501 1040 1515 ·—
1070 1481 1416 1524 restituisse
1446 1481 1601 1527 duos.
1660 1481 1797 1525 Duxit
1827 1478 1924 1524 hinc
1956 1493 2036 1524 co·-

331 1566 465 1607 lorem
509 1565 704 1607 Ovmms
735 1564 903 1608 Amor-r.
936 1565 992 1618 11,
1027 1568 1101 1619 13,
1133 1568 1208 1610 15.
1254 1570 1432 1609 notante
1463 1566 1797 1609 Baotrcxmssro
1825 1570 1870 1608 et
1900 1564 2036 1608 Hssr-

327 1660 434 1689 Nlo:
483 1647 591 1687 Huc
619 1645 790 1693 ‚adhibe
819 1647 980 1689 vultus
1009 1655 1054 1689 et
1084 1647 1132 1690 in
1174 1664 1263 1692 uno
1301 1664 1438 1707 parce
1481 1647 1666 1693 duobus,
1728 1649 1860 1692 Addit
1889 1649 2034 1692 Wun-

327 1743 613 1773 mmmcmus
643 1729 825 1773 Heroid.
856 1728 958 1784 XX,
989 1734 1102 1775 234:
1153 1730 1280 1788 Quid
1307 1730 1490 1774 dubitas
1531 1745 1668 1774 unam
1701 1730 1831 1790 ferre
1862 1729 2035 1773 duobus·

327 1813 487 1871 opem?
547 1814 719 1857 Laudat
748 1814 933 1870 deniqne
963 1816 1183 1859 Harmas
1215 1817 1344 1858 etiam
1377 1817 1617 1860 Puorssm'.
1642 1815 1705 1870 11,
1734 1819 1808 1869 28,
1844 1817 1918 1860 41.
1945 1818 2034 1859 422

327 1896 379 1939 Si
408 1912 496 1939 non
525 1895 685 1943 unius,
722 1911 911 1955 quaeso,
943 1897 1145 1939 miserere
1171 1896 1383 1944 duorum,
1425 1897 1612 1943 Vivam,
1640 1897 1682 1940 εἰ
1711 1897 1856 1943 vivet,
1884 1897 1926 1940 si
1955 1911 2034 1938 ca·-

327 1977 403 2020 det
435 1978 544 2032 illa,
577 1978 749 2022 cadam.
810 1978 935 2022 Adde
965 1979 1150 2033 denique
1181 1979 1316 2022 Ovrn.
1351 1980 1462 2022 Met.
1494 1978 1574 2032 xl,
1603 1983 1721 2022 388=
1769 1978 2031 2036 animasque

327 2061 445 2102 duas
492 2068 546 2102 ut
593 2068 742 2103 servet
783 2059 832 2102 in
877 2075 984 2103 una.
1044 2060 1106 2103 Et
1154 2063 1416 2104 contrarium
1459 2062 1623 2106 dIctum
1667 2062 1771 2108 ibid.
1802 2061 2028 2116 111,-473=

324 2147 458 2187 Nunc
489 2144 577 2186 duo
615 2143 846 2186 concordes
878 2143 1029 2185 anima
1071 2144 1308 2187 moriemur
1344 2144 1392 2187 in
1435 2160 1541 2190 una.
1573 2169 1631 2178 —
1675 2145 1832 2201 Pergit
1870 2152 2029 2202 poetar

325 2229 436 2271 Iam
477 2227 739 2278 celeber,
787 2227 894 2268 iam
937 2226 1125 2268 laetus
1156 2228 1285 2270 eris.
1345 2228 1510 2270 Sensus
1541 2233 1744 2271 monente
1772 2229 2029 2283 Huscnxro,

324 2313 398 2367 qui
441 2313 571 2354 etiam
613 2310 866 2352 NAossmtm
912 2309 1056 2351 laudat
1099 2310 1214 2353 Actt.
1255 2311 1358 2353 Soc.
1399 2310 1591 2355 Traiect.
1633 2311 1688 2354 Τ.
1731 2310 1808 2355 lv.
1851 2325 1895 2368 p.
1922 2311 2027 2357 259.
2112 2326 2123 2337 ⁸

324 2396 465 2437 clarus
497 2399 563 2436 est
594 2393 687 2436 bic:
727 2393 817 2436 lam
849 2393 1138 2436 celebraberis
1171 2399 1215 2436 et
1247 2393 1327 2437 hac
1358 2395 1532 2438 laudum
1563 2392 2029 2439 tuarum'commemo'-

322 2481 490 2522 ratione
523 2477 748 2533 gaudebis,
811 2477 1054 2520 Laetantur
1080 2479 1193 2521 enim
1221 2478 1279 2521 dii
1310 2479 1470 2522 laudati
1492 2479 1548 2521 ab
1573 2471 1837 2532 hominibus‚‘
1859 2478 2026 2524 Eunn’.

322 2561 501 2617 Hippol.
534 2565 588 2602 8:
638 2554 894 2608 Τιμώμενοι’
913 2564 1143 2616 χαίρουσιν
1186 2556 1431 2618 ἀνθρώπων
1472 2555 1571 2606 ὕπο.
1602 2570 1663 2593 --’
1705 2561 1927 2616 debita,
1972 2573 2029 2606 ex

322 2648 440 2685 voto.
493 2643 732 2686 Pnormvr.
763 2641 822 2695 ΙΙ,
851 2644 925 2695 28,
954 2646 1028 2685 60.
1047 2644 1050 2646 ’
1071 2642 1272 2685 laudante
1302 2644 1706 2687 thnssumcmot
1753 2657 1939 2686 munera
1967 2666 2026 2678 --

323 2726 474 2769 debita
515 2727 660 2769 redde.
722 2725 847 2770 Adde
893 2726 1344 2770 Mrrscnnnmcmtm
1392 2727 1448 2770 ad
1493 2726 1649 2772 Horat.
1691 2726 1727 2780 1,
1764 2730 1843 2782 -36,
1886 2719 2024 2770 23—

320 2811 462 2855 Porro
493 2811 709 2864 laetus,
751 2814 827 2863 ut,
861 2811 1028 2866 optime
1058 2816 1235 2854 notante
1269 2811 1488 2864 Hanno,
1519 2818 1627 2853 vota
1658 2809 1871 2853 solvimus
1899 2809 2024 2859 laeti,

319 2891 434 2934 unde
465 2892 668 2948 frequens
699 2896 766 2934 est
798 2892 841 2934 in
870 2893 1184 2935 monumentisz
1229 2893 1282 2936 V.
1315 2893 1362 2935 S.
1395 2893 1449 2935 L.
1482 2893 1547 2937 M.
1609 2894 2021 2949 suavissima-'verm

320 2981 369 3018 ut
398 2977 504 3019 vidit
537 2977 750 3029 Vossms‚
784 2974 895 3019 haec
920 2977 1153 3019 servatoris
1186 2982 1231 3020 et
1263 2982 1541 3020 servatorum‘
1564 2971 1755 3032 laetitia,
1787 2983 1831 3021 et
1857 2979 2023 3022 'erravit

320 3059 541 3103 Harmas
583 3059 702 3115 prius
747 3058 897 3101 laetus
938 3060 981 3102 in
1025 3059 1176 3102 clarus
1219 3065 1388 3104 mutare
1429 3063 1619 3118 cupiens.
1681 3061 1836 3117 Neque
1879 3067 2022 3106 tamen

320 3145 362 3186 in
395 3158 447 3187 eo
479 3128 688 3187 assentior
719 3145 907 3198 Vosmo,
941 3146 1055 3199 quod
1088 3148 1332 3202 sponsalia,
1365 3145 1468 3189 nihil
1502 3147 1644 3200 aliud,
1687 3147 1908 3190 contendit
1939 3146 2021 3192 hoc

319 3227 505 3270 disticho
547 3230 758 3282 nuntiari,
803 3231 876 3273 ubi
919 3231 1147 3274 manifesto
1182 3232 1238 3274 de
1279 3230 1459 3274 redditis
1502 3244 1582 3287 pro
1624 3233 1822 3275 restituta
1853 3233 2020 3276 valetu-

321 3313 420 3355 dine
465 3313 577 3355 votis
622 3313 778 3366 agitur.
813 3338 868 3344 —
920 3316 1147 3357 Postremo
1196 3316 1363 3357 notabis
1409 3301 1536 3369 quani
1582 3316 1771 3358 suaviter
1818 3319 1947 3371 poeta
1993 3328 2018 3357 a

320 3395 430 3438 tristi
459 3395 579 3438 initio
611 3395 664 3438 ad
696 3394 871 3440 hilarem
905 3399 1029 3441 {inem
1063 3412 1233 3443 carmen
1274 3399 1528 3451 deduxerit,
1578 3400 1758 3454 primum
1793 3399 2017 3441 consolans
