2086 3756
840 224 1147 279 TIBULLI.
1736 248 1841 284 xcv

142 378 305 422 totam
348 366 662 420 faustitatem
705 368 851 420 urbis
896 368 964 420 ad
998 369 1255 437 Apollinis
1297 367 1562 435 favorem,
1613 381 1665 424 et
1700 390 1840 426 com-

141 466 398 533 plectente
435 467 508 516 sic
549 454 830 530 praeterita
868 472 921 512 et
963 464 1143 513 sutura
1191 461 1277 513 dei
1318 463 1572 514 beneficia
1616 467 1843 533 publica.

140 561 305 625 Igitur
338 559 488 626 prior
519 573 643 624 pars
675 556 915 622 politicas
953 566 1005 606 et
1038 559 1247 609 bellicas
1282 575 1367 610 res
1400 569 1615 626 tractat,
1663 562 1842 629 fugam

139 658 346 706 Aeneae
363 690 379 717 ,
437 651 719 704 adventum
765 653 824 702 in
872 653 1076 704 Italiam
1126 663 1175 704 et
1222 655 1520 723 victoriam,
1578 660 1844 729 urbesque

139 748 402 812 conditas,
454 747 683 815 denique
722 745 1003 812 imperium
1044 746 1271 812 Romae,
1323 751 1483 801 altera
1529 769 1657 804 vero
1700 754 1844 821 pacis

138 844 280 893 bona
319 852 371 893 et
405 843 637 893 faustum
674 858 871 892 annum
905 852 1180 909 precatur,
1228 845 1367 895 ruris
1407 850 1610 913 copias,
1659 849 1844 901 fecun-

137 935 351 986 ditatem
390 946 779 999 matronarum,
828 934 1018 1002 gaudia
1054 937 1312 988 festorum
1349 939 1634 1006 ruralium,
1684 961 1844 1011 quam

135 1022 557 1099 pulcherrimam'
605 1033 1028 1084 coniunctionem
1085 1036 1448 1102 oppositarum
1499 1052 1681 1087 rerum
1737 1038 1845 1090 iam

138 1144 298 1194 supra
322 1126 553 1180 laudavi.
621 1127 796 1196 Atque
819 1128 896 1178 ita
922 1129 1163 1181 effectum
1188 1127 1336 1182 vides
1363 1138 1436 1194 ut,
1474 1127 1601 1180 dum
1627 1132 1844 1184 omnino

134 1225 451 1291 praestantia
483 1223 619 1275 sacri
641 1223 964 1291 Apollinaris
997 1224 1304 1289 illustretur,
1339 1224 1496 1275 simul
1525 1224 1845 1278 hodiernum

134 1319 324 1371 festum
372 1336 596 1372 vernum
645 1319 820 1385 ipsum
866 1330 1087 1370 ornetur
1136 1319 1560 1372 luculentissime.
1656 1322 1846 1374 Exitus

137 1411 365 1482 denique
404 1432 502 1481 par
537 1422 649 1463 erat
682 1422 744 1462 ut
775 1427 876 1478 pro
913 1413 1094 1463 futura
1133 1414 1300 1478 gloria
1336 1424 1388 1464 et
1420 1414 1665 1466 felicitate
1701 1415 1847 1466 Mes·

137 1509 291 1559 salini
323 1519 447 1562 vota
479 1509 702 1574 faceret3
757 1524 877 1559 cum
925 1518 1099 1561 autem
1140 1526 1282 1560 nunc
1318 1507 1388 1560 ad
1429 1510 1758 1560 consulatum
1796 1509 1847 1561 ei

137 1600 306 1653 aditus
359 1612 593 1670 pateret,
657 1601 1004 1670 triumphales
1053 1604 1286 1655 honores
1337 1600 1446 1654 iam
1502 1603 1561 1654 in
1622 1602 1844 1657 exordio

136 1698 411 1747 monstrati
453 1708 760 1748 tractantur.

242 1791 550 1845 Accedimus
576 1792 643 1844 ad
668 1797 845 1844 erotica
869 1794 1098 1845 carmina
1116 1794 1304 1845 Deliae
1327 1804 1378 1846 et
1395 1793 1448 1845 N
1451 1795 1608 1846 emesi
1636 1795 1842 1862 scripta,

136 1887 329 1957 quibus
372 1891 620 1957 proprius
667 1889 1034 1941 vehementior
1081 1890 1316 1940 affectus·
1419 1888 1553 1939 Cum
1601 1890 1844 1940 Tibullus

134 1984 264 2036 haec
311 1986 562 2037 scriberet
609 1986 830 2040 adverso
879 2003 1086 2050 amore,
1137 1997 1198 2037 ut
1241 1995 1592 2038 commoveret
1625 1987 1846 2052 puellaS,

45 2137 48 2139 ,
135 2079 581 2149 quemadmodum
618 2098 778 2149 supra
823 2081 1149 2145 notavimus,
1195 2081 1347 2131 facile
1398 2090 1661 2146 exspectes
1709 2080 1845 2130 hanc

136 2174 248 2224 fere
284 2193 424 2227 nunc
458 2177 691 2228 futuram
720 2177 979 2228 rationem
1011 2175 1331 2242 argumenti:
1379 2175 1639 2244 Erumpet
1673 2175 1847 2227 statim

66 2266 70 2269 ⁷
136 2268 194 2319 in
232 2270 492 2337 principio
540 2273 757 2322 affectus
804 2271 1086 2337 primarius
1127 2271 1396 2333 carminiS,
1446 2271 1650 2337 eritque
1691 2286 1847 2320 exor-

138 2362 284 2422 dium
320 2367 537 2432 plenum
573 2368 791 2434 querela
826 2365 1023 2418 doloris
1061 2377 1152 2417 aut
1188 2364 1462 2430 desiderii,
1508 2376 1718 2431 poetam
1753 2382 1848 2416 ur-

139 2461 333 2526 gentis;
382 2471 495 2512 tum
538 2462 595 2511 in
637 2459 810 2512 medio
849 2463 1077 2512 carmine
1126 2458 1245 2510 data
1283 2476 1443 2526 opera
1491 2457 1549 2510 id
1596 2468 1736 2524 aget,
1787 2467 1849 2509 ut

136 2555 315 2606 flectat
362 2555 594 2622 puellam
642 2554 969 2619 hortatione,
1029 2554 1400 2620 persuasione,
1459 2553 1847 2615 lamentatione,

136 2650 242 2716 ira,
287 2650 473 2703 minis:
523 2647 764 2702 ostendet
812 2665 1089 2699 aerumnas
1140 2663 1260 2698 suas
1310 2657 1360 2698 et
1409 2645 1603 2696 amoris
1640 2646 1749 2698 vim
1787 2661 1846 2694 ac

137 2747 498 2812 constantiam,
530 2744 800 2814 promittet
829 2742 1003 2796 officia
1029 2761 1123 2794 sua
1153 2752 1244 2793 aut
1275 2751 1503 2809 exponet
1531 2758 1667 2809 quae
1694 2758 1849 2807 prae-

138 2842 352 2907 stiterit,
401 2842 670 2895 damnabit
702 2842 975 2895 avaritiam
1012 2851 1064 2892 et
1099 2850 1336 2891 auctores
1374 2839 1647 2903 luxuriae,
1699 2852 1848 2887 exse-

140 2939 374 2989 crabitur
407 2941 554 2989 lenas
566 2975 582 3004 ,
635 2938 899 2989 nuntiabit
941 2935 1191 3004 perfidiae
1233 2951 1432 3003 poenas
1472 2935 1746 2997 coelesteS,
1798 2942 1849 2982 et

141 3051 275 3102 quae
311 3044 435 3086 sunt
471 3035 599 3098 alia,
645 3049 714 3083 ex
746 3033 827 3084 his
863 3041 1018 3083 utens
1056 3047 1270 3100 quoque
1306 3041 1542 3097 tempore
1577 3030 1667 3092 iis,
1710 3043 1846 3096 quae

141 3129 442 3197 commoda3
488 3145 750 3200 nusquam
783 3146 912 3183 vero
949 3130 1172 3197 simplex
1216 3145 1395 3179 rerum
1433 3126 1563 3179 ordo
1601 3135 1703 3188 est,
1755 3121 1846 3174 sed

140 3245 238 3295 per
265 3226 398 3279 duos
429 3237 519 3279 aut
547 3238 653 3280 tres
686 3205 1243 3295 gradus‘provolvitur
1271 3226 1503 3288 affectuS,
1538 3235 1846 3290 progressus

142 3341 174 3374 a
206 3323 498 3392 principio,
543 3324 741 3395 quippe
778 3323 881 3375 alia
916 3332 1071 3393 atque
1109 3322 1210 3374 alia
1246 3331 1476 3385 tentans,
1527 3318 1652 3371 alias
1687 3325 1844 3384 atque
