2158 3750
348 269 450 321 224
734 263 1202 321 COMMENTAR.
1240 264 1315 315 IN
1354 265 1640 320 TIBULLI

348 416 534 458 iratae
564 409 787 463 absolute,
818 415 865 452 ut
895 422 1077 452 securae
1106 409 1164 463 11,
1195 413 1238 463 4,
1271 413 1372 462 50„
1407 417 1556 453 tenero
1590 410 1626 463 1,
1655 412 1700 464 8,
1729 414 1820 466 51„
1848 411 1922 455 ubi
1953 412 2049 454 vide
2110 443 2112 447 v

352 497 596 540 Hmmtm.
668 493 816 548 Ipsum
850 492 1028 535 verbum
1058 489 1183 533 irata
1212 491 1409 535 similiter
1449 492 1635 547 positum
1665 490 1797 535 habes
1826 506 1900 549 ap.
1926 495 2049 539 Pno-

350 592 486 622 Pnn‘r.
515 578 553 631 I,
583 580 626 631 9,
654 579 729 621 22.
772 577 851 629 ΙΙΙ,
872 580 926 642 [8,
956 579 1031 620 28.
1061 598 1120 607 -
1180 575 1246 619 ad
1287 574 1450 618 iratae.
1511 574 1716 637 Notanda
1757 575 1889 618 etiam
1911 577 2051 632 posi-

350 673 446 705 tura
484 662 842 718 praepositioniS,
883 663 1095 705 illustrata
1125 675 1152 705 a
1184 662 1563 705 Wrmmznmcmo
1595 660 1650 703 ad
1681 660 1806 715 Virg.
1837 661 1946 703 Aen.
1975 662 2052 714 IV,

346 747 450 788 257.
511 744 635 787 Adde
676 745 812 788 Vine-
853 743 1010 799 Eclog.
1055 744 1134 797 VJ,
1167 747 1238 786 19.
1297 744 1439 785 Ovm·
1470 744 1603 786 Trist.
1645 744 1701 797 V,
1729 746 1775 796 2,
1804 745 1880 786 75.
1909 746 2054 796 atque

351 826 533 870 liabetur
573 839 643 870 res
684 827 816 870 etiam
857 828 900 869 in
943 839 1074 883 prosa
1114 827 1308 869 oratione
1343 825 1414 868 hic
1446 826 1560 880 illic,
1600 831 1650 869 ut
1688 826 1899 869 Column-
1935 825 2054 869 Ner.

352 909 516 953 Conon.
538 908 597 963 ΙΙ,
627 912 670 952 2.
701 909 808 965 ibiq.
837 909 990 953 Brenn.
1052 909 1177 952 Cous.
1208 909 1425 954 Runnm.
1455 911 1534 952 Gr.
1565 909 1624 964 II,
1655 924 1699 966 p.
1728 912 1836 953 335.
1887 909 2053 952 Rurs-

350 1005 493 1036 nonn.
535 1007 579 1048 p.
609 994 714 1036 380.
745 1014 803 1024 -
861 991 1038 1034 verba
1090 990 1378 1047 pudenda,
1438 1004 1537 1035 cum
1580 1004 1730 1035 senem
1771 1004 1858 1034 non
1900 991 2055 1035 deceat

351 1088 501 1130 amor,
532 1075 588 1119 cf.
618 1075 655 1129 I,
683 1078 728 1128 2,
759 1077 834 1118 95.
862 1096 923 1106 —
969 1074 1022 1118 V.
1051 1077 1110 1115 75
1141 1087 1237 1127 sqq.
1296 1074 1452 1116 Puella
1483 1087 1509 1117 e
1540 1074 1746 1117 cubiculo.
1771 1074 1946 1118 veniens
1975 1084 2056 1130 per

349 1158 458 1201 atria
489 1162 534 1201 et
564 1159 781 1214 porticus,
827 1161 1097 1209 transgressa
1137 1154 1343 1197 custodes
1383 1154 1676 1210 dormientes,
1722 1152 1804 1199 hoc
1843 1156 1958 1199 enim
1987 1160 2055 1198 est

350 1241 641 1292 iacentes,
684 1239 884 1281 iuvenem
923 1237 1088 1280 foribus
1118 1237 1324 1280 reseratis
1354 1237 1532 1293 recipit,
1579 1236 1636 1281 cf.
1667 1237 1723 1280 ad
1751 1237 1790 1291 Ι,
1819 1241 1866 1292 9,
1891 1240 1967 1283 43.
1996 1261 2053 1269 ·-

351 1328 691 1381 praetentat
723 1323 851 1366 iter.
886 1323 1023 1367 Ovu).
1052 1323 1118 1367 lb.
1149 1326 1254 1367 261.
1285 1324 1459 1367 Sumne.
1491 1323 1600 1368 Oed.
1633 1327 1815 1367 657.-
1842 1323 2055 1380 Explo-

350 1410 438 1449 rat
480 1406 570 1449 cui
610 1418 802 1449 manus
832 1406 982 1460 vias,
1025 1404 1068 1450 h.
1100 1418 1140 1450 e.
1171 1406 1430 1462 explorante
1459 1406 1587 1450 simul
1617 1419 1745 1450 manu
1771 1407 1878 1452 vias.
1938 1406 2055 1450 Ner-

351 1503 454 1533 vosa
485 1489 592 1533 haec
619 1490 839 1546 copulatio
869 1502 948 1546 per
974 1501 1212 1544 pronomen
1242 1489 1484 1543 relativum,
1517 1489 1590 1532 ubi
1619 1489 1781 1545 aliquid
1811 1487 1948 1532 simul
1974 1494 2057 1542 est,

348 1573 434 1617 vid.
481 1574 537 1617 ad
575 1573 635 1628 11,
674 1576 717 1627 3,
760 1576 832 1616 43.
894 1572 1100 1616 Ceterum
1140 1571 1255 1617 conf.
1302 1573 1440 1615 van.
1479 1571 1591 1617 Met.
1631 1571 1691 1627 X,
1729 1574 1851 1616 4552
1907 1571 2056 1615 altem

351 1656 549 1712 (manus)
580 1664 703 1699 motu
732 1670 912 1697 caecum
941 1654 1029 1697 iter
1057 1654 1282 1712 explorat.
1327 1656 1518 1700 Vlixe-11..
1548 1655 1710 1701 Moret.
1743 1659 1796 1700 6:
1826 1653 2056 1698 Sollicita-

351 1755 435 1799 que
465 1755 602 1782 manu
635 1737 841 1783 tenebras
869 1738 1095 1797 explorat.
1154 1740 1224 1784 Ad
1253 1743 1395 1784 totum
1424 1741 1570 1784 locum
1600 1745 1821 1796 comparat
1850 1740 2057 1788 Vulaews

349 1823 638 1868 ambulantem
681 1829 809 1868 caute
846 1824 891 1868 in
931 1824 1123 1868 tenebris
1160 1830 1398 1870 amatorem
1440 1840 1511 1883 ap.
1543 1826 1680 1869 Ovm.
1713 1826 1832 1869 Fast.
1861 1825 1899 1880 Ι,
1936 1805 2055 1869 425:

350 1911 509 1968 Surgit
541 1925 699 1952 amans
728 1910 1014 1969 animamque
1051 1918 1232 1958 tenens,
1273 1910 1467 1969 vestigia
1489 1911 1664 1970 furtim
1694 1925 1908 1967 suspenso
1938 1909 2056 1968 digi-

351 1995 412 2037 tis
446 1994 553 2053 fert
594 1993 832 2038 taciturna
869 1995 1036 2053 gradu.
1065 2019 1126 2029 ——
1171 1996 1386 2039 Perlectis
1426 1996 1608 2050 singulis
1648 1994 1722 2055 de¹
1743 1992 2056 2050 compositione

351 2077 485 2120 totius
515 2077 627 2130 loci,
671 2089 800 2131 quem
840 2076 1050 2130 vidimus,
1095 2081 1232 2119 restat
1262 2082 1311 2119 ut
1340 2090 1554 2122 moneam.
1625 2077 1796 2133 Nempe
1827 2075 2056 2133 descripsit

352 2160 438 2203 vim
477 2160 650 2203 Amoris
690 2160 799 2203 scite
842 2172 921 2215 per
967 2159 1282 2213 gradationem.
1357 2162 1491 2203 Amor
1533 2164 1634 2216 post
1675 2159 1868 2216 pecudes
1908 2161 2058 2216 coepit

352 2244 546 2288 homines
587 2243 789 2296 domare,
835 2250 880 2286 et
921 2245 1089 2300 puellas
1135 2248 1181 2287 et
1222 2243 1424 2286 fortiores
1464 2244 1620 2299 puellis
1659 2245 1788 2288 viros.
1861 2244 2058 2294 Observa

352 2339 478 2380 nunc,
503 2332 554 2369 ut
584 2324 682 2368 hinc
710 2325 882 2368 inverso
913 2324 1067 2368 ordine
1096 2329 1252 2381 pergat
1283 2323 1520 2381 descriptio
1548 2338 1629 2381 per
1657 2326 1835 2381 gradus.
1893 2325 2055 2371 Donat

358 2409 465 2453 deus
494 2409 695 2452 iuvenem
731 2408 943 2451 fervidum
976 2413 1027 2451 ut
1058 2421 1164 2464 opes
1196 2407 1441 2464 profundat,
1473 2413 1520 2452 et
1548 2407 1655 2452 haec
1685 2411 1860 2466 quidem
1888 2411 2058 2456 facilior

355 2506 514 2550 opera3
558 2493 635 2537 sed
679 2493 826 2536 domat
869 2493 998 2536 etiam
1041 2505 1218 2547 senem,
1262 2497 1312 2535 ut
1351 2493 1407 2536 ad
1443 2491 1617 2536 humilia
1657 2494 1791 2538 verba
1825 2495 2060 2539 descendat

355 2585 455 2622 ante
484 2579 655 2622 ianuam
686 2583 881 2632 amatae3
920 2583 1141 2634 postremo
1181 2578 1365 2634 impellit
1393 2580 1531 2634 ipsam
1569 2578 1680 2622 adeo
1708 2580 1902 2624 timidam
1930 2582 2060 2637 puel-

355 2663 468 2715 lam,
510 2667 562 2706 ut
600 2667 732 2706 noctu
775 2676 854 2719 per
895 2662 1102 2705 custodes
1143 2663 1314 2706 obviam
1356 2664 1500 2706 veniat
1530 2664 1703 2706 amanti.
1763 2664 1900 2708 Vides
1929 2676 2058 2720 quam

358 2747 548 2791 suaviter
587 2745 693 2790 haec
733 2747 940 2789 adornata
986 2747 1085 2790 sint.
1114 2769 1174 2777 --
1231 2747 1287 2790 V.
1319 2750 1379 2790 79
1407 2759 1474 2800 sq.
1534 2745 1611 2789 Ah
1655 2746 1874 2802 miseri,
1919 2761 2058 2803 quos

356 2829 446 2873 hic
477 2830 741 2885 graviter
782 2830 921 2872 deus
950 2830 1140 2883 urget!
1201 2828 1268 2871 De
1298 2827 1566 2871 vehementia
1594 2829 1753 2872 amoris
1783 2829 2059 2874 Mrrscmzu-

357 2926 540 2956 memus
582 2914 702 2969 capit
742 2912 878 2954 verba
921 2910 978 2953 ad
1023 2911 1178 2954 Horat.
1219 2910 1257 2964 I,
1300 2906 1381 2963 19,
1415 2913 1458 2954 9.
1505 2916 1553 2954 ut
1593 2912 1959 2957 Vsncxssrunlus
2002 2913 2060 2957 ad

357 2996 588 3053 Hippolyt.
615 2997 717 3038 443.
761 2995 934 3050 aliique.
996 2996 1087 3038 Sed
1128 2994 1239 3038 bene
1280 2994 1523 3039 Hermus:
1574 3003 1740 3054 „urget
1769 3001 1924 3054 potens
1961 3011 2060 3041 ver·
2110 3048 2120 3062 .

359 3080 462 3123 bum
493 3083 538 3122 et
567 3078 724 3122 efficax
754 3082 828 3120 aut
859 3078 914 3120 de
944 3079 1107 3121 maiore
1130 3079 1200 3133 vi,
1231 3075 1312 3121 cui¹
1333 3079 1476 3121 resisti
1506 3080 1679 3133 nequit,
1710 3083 1760 3123 ut
1789 3081 1827 3123 si
1852 3079 2058 3124 Piloebus
2100 3056 2109 3064 ἱ

361 3166 489 3216 urget
518 3166 687 3214 vatem,
732 3161 770 3204 si
799 3160 920 3202 furor
958 3160 1196 3204 Bacchicus
1237 3161 1402 3215 ingruit
1444 3162 1686 3216 mentibus,
1730 3167 1808 3206 aut
1836 3163 1892 3206 de
1919 3164 2058 3218 malis,

360 3258 386 3286 a
417 3246 573 3300 quibus
602 3245 840 3300 respirandi
870 3247 1010 3289 nullus
1051 3248 1172 3290 locus
1214 3260 1294 3290 nec
1334 3252 1503 3303 tempus
1543 3252 1632 3301 est,
1679 3249 1862 3304 petitum
1894 3249 2001 3292 illud
2031 3264 2057 3291 a

361 3333 490 3372 vento
518 3329 709 3387 graviter
735 3329 1008 3374 incumbente
1040 3337 1084 3374 et
1114 3333 1386 3387 ingruente.“
1447 3333 1595 3377 Quare
1625 3344 1709 3388 ego
1738 3330 1821 3375 hoc
1851 3332 1948 3375 loco
1978 3345 2055 3375 ex-

362 3411 516 3466 plicui:
566 3411 734 3466 miseri,
782 3413 935 3467 quibus
981 3427 1106 3471 asper
1137 3420 1202 3458 est
1233 3414 1337 3458 deus
1371 3420 1415 3458 et
1446 3415 1618 3460 dolores
1650 3429 1804 3471 graves
1840 3415 1966 3459 affert
2000 3428 2056 3457 ex
