2158 3750
646 306 827 358 LIBR.
866 307 932 357 ll.
1003 305 1206 358 ELEG.
1242 306 1311 358 V.
1738 316 1840 360 275

144 451 404 493 menti0nem
450 450 545 493 fieri
587 450 787 504 Augusti.
848 450 1041 493 Subesse
1081 454 1225 492 tamen
1266 449 1427 504 aliquid
1470 448 1654 493 disticho
1700 462 1841 505 neque

143 537 314 578 inanem
342 539 540 577 ornatum
569 531 639 576 hic
670 531 846 587 haberi,
876 538 926 575 ut
955 534 1052 575 aliis
1077 534 1224 576 multis
1251 533 1425 577 videtur
1455 535 1689 590 placuisse,
1732 536 1838 578 satis

142 617 273 659 docet
328 615 593 672 praecedens
641 614 820 658 verbum
870 614 1151 670 triumphali.
1222 616 1299 658 Sic
1352 616 1606 660 deducimur
1657 631 1735 671 eo,
1794 623 1845 660 ut

143 701 299 742 iterum
344 699 567 742 Messalini
604 698 808 741 victorias
824 676 1015 739 ‘futuras
1044 699 1381 752 praemonstrari
1413 700 1642 754 magnifice
1680 701 1846 744 intelli-

143 797 310 840 gamus.
370 785 564 829 Vossius
602 781 777 838 quidem
818 782 1000 838 opponit
1039 780 1318 825 illustriorem
1350 797 1445 826 esse
1477 785 1844 841 comparationem

145 883 223 925 pro
264 869 337 911 tali
376 868 679 919 adolescente3
720 869 767 908 at
809 865 923 908 enim
964 865 1043 908 viti
1084 869 1130 907 et
1171 867 1443 920 proconsulis
1486 867 1619 914 futuri
1651 869 1845 914 facinora

143 953 449 1007 designantur,
497 954 543 993 et
572 954 708 1006 poeta‘
731 947 777 991 id
807 949 901 1003 agit
945 953 995 991 ut
1033 948 1261 1002 insiguiter
1305 947 1487 992 honoret
1518 928 1653 994 {ilium
1692 953 1845 1007 optimi

144 1035 338 1090 patroni,
369 1033 425 1074 de
456 1045 542 1086 quo
570 1032 655 1075 iam
685 1009 777 1075 tum
807 1033 923 1076 laeta
953 1033 1224 1088 exspectatio
1251 1037 1358 1075 erat.
1420 1035 1844 1079 Quindecimviratus

143 1127 240 1157 cum
272 1112 433 1169 gradus
464 1114 519 1156 ad
551 1116 716 1186 maiora
745 1120 888 1168 esset,
928 1113 1036 1156 haec
1065 1115 1312 1157 necessario
1344 1118 1677 1171 praemonstrari
1708 1117 1844 1160 debe-

145 1198 247 1240 bant
278 1198 319 1240 in
351 1197 479 1240 laude
508 1177 676 1241 iuvenis
705 1209 731 1240 e
774 1201 864 1239 tam
908 1180 1066 1238 illustri
1108 1195 1264 1250 domo,
1311 1197 1442 1251 idque
1473 1198 1522 1239 fit
1563 1198 1605 1240 in
1636 1199 1846 1255 principio

145 1281 345 1322 carminis
377 1285 421 1322 et
449 1281 491 1322 in
526 1281 629 1323 fine.
686 1279 739 1321 Iu
769 1290 859 1333 quo
889 1278 1019 1320 etiam
1052 1276 1158 1319 illud
1189 1282 1258 1319 est
1288 1277 1467 1334 pulchre
1498 1284 1543 1322 et
1573 1281 1746 1336 poetice
1777 1281 1846 1323 in-

145 1365 371 1417 stitutum,
416 1363 535 1418 quod
560 1363 690 1406 initio
731 1360 985 1409 indirectius
1026 1362 1294 1416 nguificatur
1336 1375 1406 1406 res
1438 1369 1482 1406 et
1513 1378 1592 1420 per
1622 1378 1849 1422 compara-

144 1447 329 1499 tionem,
374 1446 419 1488 iu
457 1446 545 1488 fine
587 1449 733 1487 autem
775 1445 927 1500 aperte
970 1447 1016 1484 et
1057 1441 1236 1485 directis
1277 1445 1449 1498 verbis,
1491 1451 1541 1488 ut
1569 1448 1698 1489 toties
1729 1447 1845 1502 apud

145 1511 468 1571 Pindarum³fit
501 1531 554 1570 et·
576 1527 622 1570 in
655 1527 839 1570 aliorum
869 1525 1104 1568 caranum
1134 1528 1530 1582 compositionibus.
1605 1529 1733 1584 Apud
1765 1529 1848 1571 Ti-

144 1613 308 1655 bullum
337 1624 537 1668 compara
567 1611 685 1654 dicta
708 1600 870 1663 adu,
901 1612 945 1661 3,
977 1613 1019 1652 1.
1050 1612 1124 1650 59.
1157 1627 1217 1640 -—
1274 1610 1327 1654 V.
1362 1613 1415 1652 11
1449 1624 1543 1665 sqq.
1605 1611 1684 1654 Tu
1723 1626 1848 1668 pro-

146 1696 237 1737 cul
278 1697 558 1738 eventura
598 1692 774 1736 fides.
834 1692 885 1734 In
923 1691 1106 1733 transitu
1137 1691 1192 1733 ab
1223 1693 1580 1738 antecedentibus
1620 1697 1848 1740 commode

144 1793 224 1836 per
254 1779 576 1834 generaliorem
591 1761 853 1823 senteutiam
879 1775 936 1818 ad
966 1776 1174 1831 specialia
1202 1775 1439 1822 descendit.
1502 1779 1722 1822 Memorat
1749 1793 1851 1823 vero

144 1868 350 1917 quattuor
378 1838 707 1904 νειῗϊοὶιιαῐίοιιὶε
718 1867 916 1914 genera,
946 1871 1060 1914 quae
1089 1858 1299 1902 Romanis
1331 1860 1518 1903 maxime
1552 1861 1595 1903 in
1630 1874 1735 1914 usu,
1768 1876 1848 1904 au·-

144 1947 332 2000 gurium,
362 1950 519 1997 sortes,
550 1941 882 1998 haruspicinam,
912 1940 1050 2001 libros
1091 1938 1344 1993 Sibyllinos,
1387 1954 1571 1995 quorum
1603 1944 1847 1998 Apollinem

143 2036 358 2073 rectorem
388 2029 549 2073 laudnt.
583 2047 585 2049 >
620 2029 894 2082 Quamquam
929 1998 1046 2082 enim
1067 2024 1288 2079 *Apollinis
1319 2027 1506 2069 maxime
1536 2025 1723 2084 μαντική
1755 2035 1850 2072 erat

54 2113 59 2116 '
144 2113 318 2169 proprie
349 2113 488 2166 dicta,
514 2117 663 2155 tamen
681 2111 826 2173 etiam·
848 2104 1318 2171 eiusvaticinationis,
1349 2123 1462 2165 quae
1493 2114 1684 2156 externis
1715 2114 1852 2168 signis

74 2242 79 2245 ,
142 2199 293 2251 utitur,
325 2196 490 2252 genera
518 2185 757 2252 uhsflplura,
793 2195 1044 2238 nominatim
1074 2191 1182 2236 haec
1214 2193 1270 2236 ad
1303 2207 1401 2236 eum
1439 2195 1575 2238 relata
1606 2196 1768 2250 videas,
1796 2197 1852 2239 cs.

144 2280 367 2329 Mirtum.
398 2279 563 2323 Histor.
589 2280 787 2322 Doriens-
819 2279 875 2321 T.
893 2277 935 2321 ·1.
968 2291 1012 2332 p.
1038 2280 1141 2320 341.
1163 2298 1221 2309 -—-·
1251 2278 1363 2319 tibi
1393 2278 1624 2323 deditus
1653 2294 1851 2334 augur.

146 2352 416 2406 noscamus
448 2362 615 2405 confert
645 2361 817 2404 croam
835 2344 907 2417 pr'.
908 2361 1063 2405 Dom.
1094 2363 1191 2414 49„
1244 2361 1378 2404 Pam.
1410 2364 1629 2417 Panegyr.
1662 2369 1735 2407 72.
1781 2366 1855 2408 ubi

149 2447 313 2489 locutio
351 2443 643 2519 religionibus
666 2442 857 2486 aeditua
889 2447 1048 2487 exstat.
1113 2445 1240 2490 Quae
1272 2446 1400 2487 etiam
1435 2448 1722 2489 Gonaenrus
1758 2448 1854 2490 lau-

147 2529 235 2573 dat.
297 2504 629 2573 Cffitructione
657 2528 834 2586 propius
864 2531 932 2570 est
961 2526 1078 2582 quod
1109 2526 1310 2569 Tibullus
1341 2528 1436 2583 ipse
1468 2529 1598 2570 offert
1629 2528 1665 2582 1,
1693 2531 1736 2582 2,
1767 2532 1851 2573 97.

133 2619 334 2686 semper
345 2611 432 2656 tibi
460 2613 658 2668 (Venus)
704 2611 858 2653 dedita
900 2610 1041 2652 servit
1083 2625 1204 2652 mens
1251 2626 1363 2653 mea.
1425 2613 1575 2655 Altera
1606 2614 1737 2656 lectio
1770 2611 1855 2654 tibi

104 2669 327 2741 &tus
366 2687 727 2763 significa1⁸‚*{ijui
774 2692 850 2737 tibi
899 2694 1106 2747 debetur,
1155 2707 1281 2748 quem
1328 2695 1404 2736 tibi
1452 2694 1688 2749 debemus,
1735 2697 1852 2750 quod

105 2748 367 2825 ‘flemus
414 2779 552 2834 magis
593 2768 811 2835 poeticum
857 2756 1058 2828 dic'ebat3
1109 2789 1206 2818 nam
1252 2776 1370 2831 quod
1413 2777 1621 2820 Bscmus
1665 2778 1720 2820 de
1768 2780 1854 2823 fide

148 2862 370 2918 promissa
388 2862 569 2916 cogitat,
594 2860 728 2904 oredo
758 2860 862 2903 talia
891 2860 935 2902 iu
965 2859 1108 2901 animo
1141 2857 1317 2913 habens,
1363 2861 1431 2903 Ox
1437 2873 1503 2903 ιι)
1536 2861 1718 2906 Heroid.
1752 2862 1853 2917 XX,

149 2948 204 2988 8:
252 2942 428 2986 debitus
458 2951 513 2985 ut
554 2940 772 2989 cannah,
817 2956 906 2984 non
939 2948 992 2983 ut
1024 2941 1232 2988 adulter,
1279 2957 1405 2988 amo,
1454 2942 1494 2986 h.
1526 2957 1565 2987 e.
1608 2946 1702 2987 iure
1733 2950 1856 2988 certo

149 3035 274 3082 tuus,
312 3029 440 3084 plane
469 3028 674 3071 alienum
666 2993 754 3070 e's‘t
782 3026 865 3070 hlo.
927 3025 1036 3069 Mihi
1067 3039 1165 3069 cum
1197 3025 1399 3069 Tibullus
1443 3028 1574 3070 Scit
1617 3027 1778 3071 dixerit
1811 3034 1855 3070 et

150 3122 300 3154 sensus
330 3109 488 3154 debeat
518 3122 638 3155 esse·
669 3121 710 3151 a
725 3114 771 3154 te
800 3108 1000 3162 monitus,
1032 3121 1116 3151 non
1149 3107 1353 3166 displicet
1381 3110 1497 3165 quod
1527 3111 1566 3154 Ι
1573 3124 1852 3155 ΑοιιΜΑΝΝυε

150 3175 323 3238 retruxit
354 3200 399 3237 et
426 3167 698 3237 Huscmnus
730 3193 940 3250 probavit.
1003 3193 1190 3237 Videtur
1230 3199 1375 3238 autem
1409 3194 1492 3236 tibi
1527 3195 1576 3236 de
1583 3195 1706 3239 ditus
1741 3210 1855 3240 nunc

151 3279 415 3334 significare·
447 3280 533 3322 tuis
565 3280 809 3335 praeceptis
839 3279 1098 3334 monitisque
1128 3279 1340 3325 addictus.
1370 3302 1429 3311 -
1463 3279 1665 3335 Tuque
1694 3281 1855 3334 regis

152 3367 357 3405 sontes.
420 3363 637 3406 Hermus
679 3362 857 3404 oracula
887 3362 1133 3418 intelligit}
1142 3361 1218 3406 ΙΙ·
1241 3375 1279 3407 e.
1313 3364 1349 3406 si
1390 3368 1510 3406 recte
1543 3364 1634 3405 eius
1667 3367 1852 3404 mentem

154 3422 441 3505 interpreter,
482 3448 685 3492 vaticinia
717 3460 793 3491 ore
823 3462 849 3491 a
885 3447 1128 3491 furentibus
1157 3421 1258 3491 data
1291 3449 1331 3489 in
1364 3448 1560 3502 templis,
1601 3451 1646 3488 nt
1681 3443 1854 3500 Delphis

1279 3532 1382 3579 18⁴*
