2086 3756
853 221 1159 277 TIBULLI.
1699 242 1856 275 (κιαι

149 367 332 433 puella,
376 374 428 417 et
462 382 581 420 cum
613 366 671 416 in
706 365 1011 426 hexametro
1045 361 1412 432 praeposuerit
1443 366 1635 426 ἠιοεηῖε,
1683 372 1855 413 tamen

154 477 265 510 non
314 459 460 512 vides
515 459 751 510 similiter
796 459 1178 511 substantivum
1226 459 1385 527 puella
1436 458 1493 508 in
1546 455 1858 525 pentametri

150 554 311 605 initiis
348 556 680 616 collocatum,
716 550 808 602 sed
842 551 1132 603 secundum
1156 553 1442 605 verborum
1475 550 1859 619 oppositionem

153 667 295 698 nunc
341 646 699 699 ordo'vocum
740 645 1007 700 institutus
1057 657 1135 698 est
1179 657 1232 697 et
1266 647 1351 697 his
1388 647 1544 697 etiam
1586 645 1669 696 ius
1706 659 1860 695 suum

154 742 361 805 datum,
410 757 517 808 quo
539 736 692 791 'facto
726 749 909 791 auctus
948 749 1024 790 est
1059 740 1338 790 manifesto
1373 741 1524 806 vigor
1559 737 1864 792 sententiae.

150 837 339 904 Neque
368 836 507 885 enim
534 834 698 886 solius
729 834 883 884 metri
912 850 1068 883 causa
1095 834 1221 883 talia
1246 832 1406 895 fiunt,
1449 832 1594 901 quod
1623 835 1864 886 classicus

152 941 309 998 poeta
343 930 494 980 facile
527 928 725 993 vincit,
752 925 847 982 sed
884 937 946 978 ut
981 927 1160 979 omnia
1196 944 1332 996 quae
1366 927 1474 979 vim
1508 929 1704 979 habere
1738 946 1864 996 pos-

152 1033 277 1075 sunt
315 1023 374 1072 in
418 1021 702 1087 sententia,
754 1022 973 1075 valeant
1014 1038 1174 1090 quam
1217 1023 1536 1088 plurimum,
1590 1033 1747 1091 atque
1791 1022 1866 1074 ita

153 1119 428 1184 multiplex
459 1119 542 1170 vis
579 1120 762 1170 rerum
796 1118 1026 1169 exsistat.
1098 1116 1332 1169 Subiicio
1367 1119 1544 1169 locum
1578 1119 1619 1184 Ι,
1641 1124 1693 1183 2,
1719 1125 1820 1171 27:

293 1213 407 1264 Nec
442 1212 566 1264 sinit
600 1216 844 1263 occurrat
880 1214 1188 1280 quisquam,
1240 1211 1333 1280 qui
1370 1229 1596 1280 corpora
1630 1213 1774 1265 ferro

365 1307 630 1358 Vulneret
664 1316 754 1357 aut
787 1316 939 1374 rapta
974 1307 1209 1372 praemia
1243 1317 1386 1358 veste
1421 1316 1595 1374 petat,

154 1400 250 1451 ubi
296 1399 442 1453 vides
484 1405 696 1452 sensum
730 1401 874 1451 hunc
911 1416 1054 1452 esse:
1110 1401 1203 1467 qui
1251 1417 1442 1466 corpus
1489 1402 1735 1452 vulneret
1779 1411 1868 1452 aut

152 1506 350 1548 vestem
391 1495 580 1562 rapiat.
662 1491 769 1544 Sed
812 1504 972 1560 poeta
1013 1494 1225 1545 inverso
1270 1492 1455 1545 ordine
1504 1496 1668 1547 verba
1705 1496 1867 1547 collo-

154 1591 290 1640 cavit
333 1589 456 1639 sicz'
490 1586 584 1656 qui
633 1591 858 1656 corpora
899 1588 1142 1640 'vulneret
1191 1597 1282 1637 aut
1327 1590 1498 1655 rapiat
1546 1599 1773 1653 vestem,
1825 1606 1866 1639 s.

153 1693 303 1749 rapta
330 1692 474 1735 veste
498 1683 734 1749 praemia
762 1692 929 1750 petat,
967 1699 1240 1751 opponens
1265 1700 1408 1734 nunc
1438 1685 1602 1737 verba
1627 1685 1872 1734 vulnerare

155 1787 205 1826 et
251 1795 453 1845 rapere,
517 1780 680 1845 quae'
706 1777 950 1843 gravior,
1019 1775 1393 1844 significantior
1439 1776 1525 1828 hic
1577 1779 1871 1845 oppositi03

155 1880 311 1939 atque
366 1872 521 1922 etiam
554 1871 696 1938 ferro
743 1870 942 1922 addidit
988 1891 1041 1925 v.
1077 1874 1302 1936 vulneret,
1365 1889 1475 1922 non
1527 1871 1721 1934 otiose,
1778 1870 1872 1920 sed

155 1964 418 2017 acuendae
469 1965 755 2017 sententiae
802 1976 853 2017 et
899 1966 1246 2038 oppositionis
1294 1982 1465 2016 causa.
1555 1965 1730 2030 Vulgo
1784 1964 1872 2014 hic

155 2079 344 2127 parum
395 2058 669 2111 attendunt
721 2059 789 2112 ad
840 2061 995 2126 talia,
1066 2078 1189 2112 casu
1239 2061 1409 2127 posita
1463 2070 1553 2111 aut
1604 2060 1875 2127 superflua

158 2142 457 2222 opinante-s,
491 2156 551 2205 in
581 2157 777 2224 quibus
812 2158 1209 2221 tamen‘magna
1244 2156 1324 2207 vis
1364 2167 1455 2206 est.
1530 2153 1634 2206 Sed
1664 2154 1776 2206 dixi
1809 2153 1873 2204 de
1942 2203 1947 2207 .

65 2278 69 2280 ἡ
158 2251 374 2315 singulis
402 2249 632 2300 distichis
662 2259 921 2318 quantum
950 2251 1090 2303 sau‘s.
1160 2248 1451 2300 Procedam
1481 2249 1643 2314 igitur
1669 2248 1875 2314 longius

160 2356 212 2396 et
248 2343 591 2395 considerabo
630 2361 850 2412 quoque
883 2344 1192 2411 ampliorem
1227 2360 1381 2393 usum
1420 2343 1770 2407 divisionum,
1820 2354 1877 2394 ut

159 2449 271 2490 tota
296 2449 483 2505 poetae
510 2438 567 2488 in
592 2438 694 2490 hoc
720 2455 912 2503 genere
944 2455 1030 2489 ars
1054 2447 1246 2504 pateat.
1314 2437 1522 2487 Etenim
1551 2438 1664 2488 fieri
1690 2433 1878 2504 potest,

160 2543 217 2583 ut
254 2533 410 2583 simul
447 2543 497 2583 et
536 2532 594 2581 in
634 2533 851 2597 singulis
889 2531 1121 2586 distichis
1162 2533 1459 2583 habeantur
1506 2531 1786 2584 divisiones
1830 2543 1881 2583 et

161 2626 517 2694 oppositiones
562 2627 950 2689 membrorum,
1005 2636 1058 2676 et
1095 2626 1297 2691 integra
1339 2626 1468 2676 haec
1506 2624 1724 2677 disticha
1764 2627 1880 2692 ipsa

159 2721 259 2771 sibi
287 2731 625 2788 opponantur
650 2731 902 2789 tanquam
926 2719 1140 2772 maioris
1172 2721 1462 2770 sententiae
1495 2730 1687 2786 parteS.
1752 2720 1879 2770 Tale

162 2817 461 2882 exemplum
498 2826 574 2866 est
613 2817 660 2879 Ι,
698 2819 758 2879 1-‚
793 2813 865 2867 29*
898 2832 1014 2883 sqq.
1054 2825 1145 2866 aut
1182 2816 1235 2879 Ι,
1269 2822 1331 2877 8,
1374 2819 1438 2865 19
1474 2832 1621 2883 sqq-z

307 2909 505 2960 Cantus
543 2908 737 2960 vicinis
761 2909 938 2975 fruges
974 2907 1203 2960 traducit
1240 2909 1304 2959 ab
1345 2910 1509 2974 agris,

376 3003 575 3054 Cantus
613 3013 665 3053 et
698 3002 864 3054 iratae
903 3002 1101 3054 detinet
1137 3004 1318 3069 anguis
1356 3004 1484 3065 iter,

304 3100 500 3150 Cantus
539 3108 587 3148 et
626 3114 653 3146 e
691 3113 853 3149 curru
887 3097 1095 3150 Lunam
1136 3097 1393 3152 deducere
1432 3107 1628 3162 tentat,

375 3194 442 3244 Et
479 3194 701 3255 faceret,
748 3192 794 3244 si
829 3209 938 3244 non
977 3212 1101 3245 aera
1136 3196 1348 3261 repulsa
1388 3203 1595 3245 sonent.

163 3288 404 3340 Vidimus
455 3305 614 3355 supra
667 3288 914 3338 unitatem
966 3289 1121 3355 primi
1171 3288 1377 3350 distichi
1431 3304 1493 3337 eo
1545 3286 1668 3349 niti,
1737 3283 1878 3354 quod

1305 3383 1322 3432 i
1353 3382 1379 3412 *
