2158 3750
738 211 919 263 LIBR.
957 214 996 263 Ι.
1069 212 1269 263 ELEG.
1307 214 1348 263 Ι.
1820 221 1884 264 23

195 370 387 409 veterum
417 366 696 410 Bsscmumw.
728 367 892 410 HIstor.
925 368 1163 412 Invention.
1196 368 1322 412 Tom.
1347 368 1424 422 ΙΙΙ,
1457 383 1498 425 p.
1523 371 1625 411 295.
1652 388 1705 402 -
1738 369 1790 412 V.
1810 373 1881 412 54.

193 458 250 494 ut
297 451 493 493 domus
540 450 792 494 hostiles
840 452 1140 507 praeferat
1185 454 1447 495 exuvias.
1517 450 1599 493 Est
1637 451 1710 493 ille
1756 457 1882 494 notus

191 545 284 574 mos
329 531 647 584 Romanorum,
707 545 762 574 ex
808 544 894 585 quo
943 532 1107 574 foribus
1154 534 1293 589 spolia
1341 533 1525 576 hostium
1574 534 1880 589 praefigebant.

191 616 330 658 Ριοι».
363 615 440 668 111,
472 618 516 668 9,
545 618 619 658 26.
668 615 802 657 Viae.
838 615 943 656 Aen.
978 614 1075 667 vll,
1109 619 1209 659 183.
1242 617 1342 659 L1v.
1366 617 1422 670 X,
1454 622 1496 660 7.
1526 621 1656 671 atque
1686 617 1814 658 etiam
1845 616 1882 657 si

190 697 342 739 domus
365 696 634 747 venderetur,
663 694 727 737 sas
748 707 833 737 non
858 699 952 736 erat
973 707 1026 737 ea
1050 697 1235 750 refigere
1259 700 1428 751 emtori,
1455 701 1590 742 PmN.
1612 691 1879 749 xxxma.

190 778 299 821 vide
330 779 694 821 Bnoucximsnm
725 782 770 819 et
799 776 1026 818 Hermum
1058 775 1098 820 h.
1120 779 1147 820 l.
1180 783 1224 820 et
1256 779 1387 822 CASP.
1423 781 1617 823 Smmw.
1651 781 1706 824 de
1739 782 1876 823 ianuis

187 867 319 903 veter.
343 874 382 902 c.
405 862 478 901 29.
505 859 547 900 in
567 859 725 901 Graev.
747 857 878 900 Thes.
906 859 1077 913 Autiqq.
1103 859 1231 902 Tom.
1251 861 1327 912 VI,
1356 876 1398 916 p.
1417 865 1520 904 509.
1541 886 1596 894 -
1626 864 1678 906 V.
1697 867 1769 908 55.
1797 878 1839 908 m
1853 878 1877 907 e

186 941 441 982 retinent
480 939 730 981 vinctum
773 939 967 981 vincla
1013 940 1273 994 puellae,
1323 944 1538 986 cumulate
1579 944 1737 1002 dictum
1781 959 1878 988 cum

183 1024 238 1065 vi.
299 1023 362 1065 Ut
399 1021 511 1064 enim
542 1019 740 1062 ostendat
771 1032 849 1063 cur
877 1019 997 1062 abite
1029 1020 1161 1074 nolit,
1203 1034 1288 1076 ego
1300 1054 1315 1075 ,
1358 1024 1442 1077 ait,
1483 1026 1661 1068 firmiter
1691 1029 1880 1069 retineor

182 1106 350 1147 vinctus
380 1103 552 1159 puellae
579 1115 757 1156 amore,
786 1103 1053 1158 eandemque
1084 1105 1141 1147 ob
1171 1118 1345 1149 causam
1377 1109 1507 1171 etiam
1538 1109 1579 1150 in
1611 1115 1880 1165 pentametro

181 1189 352 1231 ianitori
382 1201 430 1231 se
461 1193 683 1244 comparat
710 1187 876 1231 foribus
907 1189 998 1231 eius
1021 1190 1213 1244 alligato.
1275 1190 1502 1234 Houmws
1534 1205 1632 1235 cum
1662 1192 1768 1235 dicit
1799 1193 1878 1247 dv}—

141 1262 148 1263 ἶ
183 1285 256 1312 σαι
284 1271 408 1326 νηλέϊ
430 1270 587 1326 δεσμῷ,
620 1271 812 1327 κρατερῷ
843 1272 902 1312 ἐνὶ
933 1271 1091 1326 δεσμῷ,
1126 1268 1320 1328 ἀργαλέῳ
1351 1275 1410 1314 ἐνὶ
1437 1274 1596 1330 δεσμῷ,
1639 1271 1879 1317 πλεόνεσσιν

182 1357 243 1395 ἐνὶ
271 1353 487 1404 δεσμοῖσι,
515 1366 600 1402 non
629 1353 902 1407 negligenter
931 1353 1144 1407 loquitur,
1175 1354 1252 1396 sed
1283 1367 1380 1398 cum
1409 1356 1466 1409 vi,
1493 1361 1622 1411 atque
1648 1359 1776 1400 etiam
1809 1358 1879 1399 ubi

181 1452 267 1482 non
307 1443 375 1481 est
415 1437 609 1480 additum
638 1437 923 1490 adiectivum,
964 1437 1047 1478 vim
1083 1435 1211 1479 habet
1241 1439 1455 1480 cumulata
1485 1439 1642 1492 dictio⁹
1688 1444 1735 1482 ut
1766 1439 1879 1494 apud

182 1523 462 1564 SOPHOGIAEI
481 1522 632 1564 Ai.62.
660 1516 763 1566 τοιῗς
785 1517 949 1567 ζῶντας·
971 1509 1029 1561 αὖ
1053 1522 1246 1569 δεσμοῖσι
1270 1518 1488 1578 συνδήσας
1509 1524 1635 1575 βοῶν,
1660 1523 1775 1576 quod
1794 1524 1880 1564 illic

179 1604 353 1660 quidem
382 1605 667 1661 oppositionis
696 1610 922 1659 causaest
954 1607 1156 1660 positum,
1188 1619 1284 1647 cum
1319 1611 1420 1648 ante
1451 1607 1507 1648 de
1533 1606 1668 1650 caede
1692 1620 1878 1662 gregum

180 1694 396 1732 narratum
428 1693 556 1732 esset.
611 1689 731 1733 -Vide
761 1689 874 1732 dicta
906 1689 1015 1739 infra
1049 1689 1102 1732 ad
1135 1689 1168 1742 1,
1194 1693 1238 1742 2,
1266 1693 1338 1732 27.
1361 1711 1421 1723 -
1455 1692 1505 1733 V.
1535 1694 1611 1734 56.
1645 1691 1877 1741 ianitor,

180 1773 235 1815 cf.
267 1773 322 1816 de
351 1772 416 1814 liis
459 1773 594 1815 servis
637 1778 790 1816 catena
831 1774 921 1817 fere
964 1775 1151 1827 alligatis
1183 1775 1423 1828 interprett.
1456 1774 1511 1817 ad
1543 1775 1753 1816 Pss'rnon.
1786 1775 1880 1816 Sat.

181 1870 219 1898 c.
250 1859 323 1898 28.
355 1861 401 1898 et
427 1857 629 1899 Ple-non.
661 1855 717 1897 de
750 1857 900 1898 Servis
931 1870 972 1910 p.
1009 1858 1110 1898 447.
1176 1855 1308 1897 Vides
1340 1861 1564 1910 praeterea
1594 1856 1747 1897 abesse
1781 1868 1879 1910 par-

180 1939 354 1980 ticulam
384 1939 714 1993 comparationis
743 1945 826 1986 ut5
875 1940 1051 1992 gravius
1090 1940 1315 1981 ianitorem
1355 1952 1403 1980 se
1434 1939 1539 1981 dicit
1568 1953 1694 1993 quam
1725 1939 1781 1981 ad
1812 1940 1878 1980 in-

179 2028 268 2064 star
297 2021 490 2064 ianitoris
518 2020 672 2063 sedere
696 2026 801 2064 ante
834 2021 961 2064 sores.
1025 2022 1233 2063 Similiter
1275 2021 1390 2076 apud
1425 2023 1620 2063 Graecos
1652 2016 1707 2068 ὦς
1740 2023 1879 2064 omitti

181 2109 362 2147 constat.
422 2104 620 2158 Denique
649 2103 913 2159 comparatio
946 2103 1037 2158 ipsa
1082 2103 1178 2144 inde
1224 2102 1354 2146 ducta
1395 2108 1462 2145 est
1493 2103 1608 2158 quod
1638 2104 1770 2157 vulgo
1803 2117 1879 2145 cu-

179 2188 367 2240 stodire,
396 2182 652 2238 φυλάσσει-ν,
678 2197 881 2244 φρῃρεῐν
910 2187 1110 2230 dicuntur
1141 2170 1307 2240 locum,
1337 2186 1410 2241 qui
1442 2200 1526 2229 non
1557 2187 1795 2230 abscedunt
1826 2187 1879 2228 ab

180 2283 248 2313 eo.
280 2291 338 2302 —
380 2269 549 2311 duras
585 2274 718 2312 ante
760 2268 934 2311 fores.
997 2268 1096 2311 Non
1138 2269 1313 2311 immitis
1355 2274 1400 2311 et
1441 2283 1596 2325 aspera
1630 2275 1724 2312 erat
1759 2271 1881 2312 Delia

180 2359 230 2396 ut
261 2352 484 2405 Nemesis,
511 2365 653 2407 neque
681 2353 771 2394 tale
802 2351 884 2394 fuit
913 2352 1006 2394 eius
1038 2353 1281 2406 iugenium3
1314 2353 1545 2396 verisimile
1577 2359 1720 2395 tamen
1754 2354 1875 2396 initio

181 2434 339 2476 amoris
368 2446 463 2476 eam
492 2432 680 2476 nondum
704 2437 790 2476 tam
823 2433 991 2475 facilem
1024 2433 1157 2476 fuisse
1189 2439 1237 2476 ut
1269 2440 1445 2490 postea3
1475 2450 1573 2479 nam
1602 2450 1698 2479 cum
1724 2437 1878 2479 Tibul-

182 2518 248 2559 lus
278 2516 332 2559 ad
365 2517 602 2571 Aquitanos
632 2529 731 2560 cum
763 2516 952 2559 Messala
983 2518 1330 2572 proficisceretur
1361 2533 1446 2573 quo
1478 2520 1519 2562 in
1553 2519 1702 2561 dolore
1735 2521 1879 2574 puella

181 2601 334 2654 suerit,
378 2600 506 2643 docet
549 2600 692 2654 elegia
738 2600 882 2643 tertia.
946 2599 1111 2642 Censor
1154 2600 1346 2643 lenensis
1388 2600 1599 2643 Husclikii
1647 2614 1746 2656 pag.
1779 2605 1878 2644 195.

179 2691 304 2742 putat
340 2684 518 2728 dissidia
557 2688 654 2727 orta
692 2683 827 2727 fuisse
870 2685 981 2726 inter
1011 2689 1203 2726 amantes
1235 2689 1279 2726 et
1309 2686 1460 2726 iratam
1493 2686 1677 2739 puellam
1710 2690 1878 2739 poetae,

179 2771 252 2824 qui
294 2770 424 2811 etiam
463 2779 576 2809 nunc
613 2767 737 2821 sequi
779 2766 1039 2820 Messalam,
1092 2768 1134 2809 in
1177 2768 1318 2810 animo
1363 2768 1624 2822 aliquamdiu
1667 2767 1877 2810 babuerit.

183 2851 279 2894 Non
321 2849 478 2903 credo,
517 2862 599 2894 nec
638 2849 861 2905 probabile
904 2855 970 2893 est
1012 2850 1233 2894 Tibullum
1274 2865 1460 2906 unquam
1504 2853 1691 2896 voluisse
1724 2853 1763 2894 in
1796 2851 1877 2895 hoc

181 2934 305 2977 civile
335 2933 494 2976 bellum
523 2933 720 2976 comitari
749 2939 990 2990 patronum.
1050 2935 1212 2989 Immo,
1243 2942 1290 2978 ut
1321 2935 1436 2986 dixi,
1467 2942 1566 2979 sunt
1598 2938 1733 2992 prima
1765 2919 1876 2978 tem-

184 3030 288 3072 pora
318 3016 489 3070 amoris,
519 3020 565 3059 et
594 3017 739 3072 puella
766 3022 836 3060 est
865 3017 1004 3063 adbuc
1035 3019 1279 3073 difficilior-3
1309 3021 1510 3063 Tibullus
1541 3026 1684 3063 autem
1716 3022 1879 3064 mollis—

180 3100 298 3142 simis
328 3099 469 3142 verbis
499 3111 595 3143 eam
625 3111 897 3144 commovere
926 3103 1085 3148 studet.
1118 3126 1177 3136 —
1227 3105 1279 3147 V.
1312 3109 1384 3148 57.
1449 3104 1567 3147 Non
1611 3118 1717 3158 ego
1764 3105 1878 3146 lau-

182 3180 302 3223 dari
337 3195 498 3234 curo,
530 3195 615 3226 non
647 3178 753 3228 curo
782 3186 1006 3231 militarem
1039 3189 1235 3243 gloriam,
1267 3194 1369 3232 noto
1404 3202 1482 3231 usu
1515 3189 1646 3240 verbi,
1684 3194 1728 3229 ut
1760 3189 1879 3230 Pno—

184 3275 316 3305 rssn'r.
347 3264 383 3316 1,
406 3267 449 3316 6,
472 3267 546 3308 29.
607 3265 675 3309 Ad
707 3268 1068 3312 constructionem
1101 3270 1497 3313 Wuunssm,1cmus
1530 3270 1698 3314 confert
1721 3270 1878 3311 Tum>-

183 3361 303 3390 ciu'r.
334 3348 453 3402 xvi,
481 3352 551 3394 15.
581 3350 799 3393 αἰνεῖσθαι
823 3348 1062 3398 σπεύδοντι.
1087 3378 1130 3386 -
1166 3367 1280 3398 mea
1315 3354 1488 3398 Delia.
1555 3356 1740 3399 Vossius
1777 3352 1880 3395 llaec
