2158 3750
589 278 772 329 LlBR.
809 279 903 330 lv.
975 278 1188 330 CARM.
1227 279 1345 330 VII.
1712 288 1812 335 451

126 422 205 461 rat.
260 419 342 462 Sic
371 417 473 461 nihil
504 422 571 462 est
599 419 714 474 quod
745 418 927 472 addam3
956 431 1053 462 nam
1085 433 1327 476 perversam
1359 421 1683 464 collocationem
1717 437 1813 466 ver-

122 501 297 554 borum,
341 515 451 556 quae
483 503 645 546 Vossro
675 502 871 556 videtur,
901 516 1015 558 nego
1046 517 1158 546 esse.
1188 526 1247 536 —-
1300 505 1352 547 V.
1386 507 1414 546 3
1443 518 1509 560 sq.
1554 504 1812 550 Exorata

122 585 259 627 meis
301 584 589 639 CameniS,
633 589 684 627 nt
711 584 888 641 Sappho
918 586 963 627 in
992 586 1206 629 Venerem
1237 599 1407 629 carmen
1437 587 1609 644 scripsit
1641 589 1816 631 notissi-

122 678 264 718 mum,
304 679 390 719 quo
421 679 546 722 opem
578 666 671 709 eius
700 667 912 722 implorat.
943 691 1003 699 —
1044 669 1274 711 Attulit.
1334 669 1497 723 Magna
1533 671 1719 713 suavitas
1748 675 1816 713 est

123 748 385 802 sententiae,
432 763 623 792 amorem
667 764 695 792 a
734 750 908 793 Venere
939 751 1116 793 allatum
1156 756 1201 794 et
1240 752 1282 794 in
1313 753 1407 794 sinu
1441 754 1611 810 puellae
1642 754 1815 810 deposi-

122 838 228 876 tum.
290 832 402 876 Nam
446 834 600 876 illum
646 831 758 875 haud
803 833 934 876 dubie
973 833 1028 876 ad
1069 847 1257 876 amorem
1299 837 1512 890 pertinet,
1558 850 1814 892 quamquam

122 916 272 958 subest
301 917 399 958 loco
436 929 586 958 sensus
615 914 708 958 hic:
756 917 990 960 formosum
1025 918 1221 960 iuvenem
1251 932 1277 961 a
1311 920 1482 962 Venere
1511 920 1740 964 adductum
1772 922 1816 964 in

121 998 348 1053 amplexus
375 999 558 1053 puellae.
617 999 854 1055 Perperam
884 1001 1018 1055 igitur
1046 1001 1249 1044 Vnm‘ms
1280 1007 1324 1044 et
1354 1002 1572 1046 Hermus
1603 1005 1656 1047 ad
1688 1004 1814 1047 illum

119 1081 322 1136 supplent
366 1079 621 1122 cerinthum
662 1081 851 1125 nondum
891 1088 1187 1126 memoratum.
1250 1085 1363 1130 Quis
1409 1099 1512 1128 vero
1559 1099 1644 1129 non
1683 1088 1815 1130 sentit

118 1169 279 1219 quanto
325 1164 431 1206 illud
478 1165 534 1206 sit
578 1163 837 1220 pulchrius?
911 1166 1064 1209 Discas
1110 1173 1256 1212 autem
1303 1167 1385 1211 hoc
1434 1171 1551 1212 claro
1598 1170 1814 1225 exemplo,

121 1248 224 1303 quid
255 1249 425 1291 intersit
468 1251 580 1292 inter
611 1263 755 1293 veram
788 1251 1204 1306 personificationem
1237 1256 1282 1295 et
1320 1252 1586 1308 speciosam3
1634 1266 1719 1295 non
1750 1257 1817 1295 est

117 1329 186 1372 hic
215 1330 322 1373 deus
352 1332 515 1386 Amor,
565 1338 615 1375 nt
657 1347 737 1376 nec
781 1348 912 1390 supra
957 1336 1000 1377 in
1030 1337 1116 1378 fine
1147 1336 1439 1379 antecedentis
1471 1336 1691 1390 carminis,
1734 1336 1814 1380 sed

116 1412 247 1454 ardor
286 1414 519 1456 amatorius
559 1428 655 1458 cum
688 1416 858 1470 gaudiis
897 1418 1012 1469 sub,
1056 1418 1247 1471 loquitur
1274 1432 1377 1461 vero
1407 1419 1461 1462 de
1493 1411 1553 1462 eo*
1580 1427 1812 1477 tamquam

115 1495 171 1538 de
219 1509 399 1551 persona
446 1498 514 1539 vel
559 1511 608 1540 re
656 1499 885 1554 corporali·
966 1498 1177 1542 Conferre
1214 1500 1387 1543 iuvabit
1433 1501 1635 1544 Pmmu.
1686 1500 1812 1544 Nem.

116 1579 238 1633 VIII,
268 1583 323 1623 6:
370 1574 450 1621 οἷοι
490 1580 678 1637 (ἔρωτες)
720 1584 793 1623 καὶ
822 1577 931 1630 Διίς
959 1582 1146 1636 Αἰγίνας
1175 1599 1222 1624 τε
1253 1583 1427 1639 λέκτρον
1457 1586 1648 1632 ποιμένες
1678 1580 1812 1632 ἄμφε-

115 1658 312 1719 πόλησαν
350 1665 558 1720 Κυπρίας
601 1660 775 1721 δώρων,
816 1665 891 1707 ubi
932 1665 1094 1721 pariter
1135 1665 1190 1708 de
1229 1663 1309 1708 hac
1349 1679 1396 1708 re
1427 1666 1586 1709 monui.
1618 1689 1672 1698 --
1720 1667 1814 1709 Po-

114 1750 276 1788 stremo
308 1746 363 1790 de
393 1747 695 1790 coniunctione
725 1747 955 1802 singularis
995 1751 1039 1790 et
1078 1747 1254 1803 pluralis
1293 1748 1436 1791 meis
1470 1772 1529 1780 —
1559 1753 1815 1792 nostrum

114 1829 170 1873 cf.
201 1829 238 1883 Ι,
272 1834 315 1883 9,
346 1832 419 1872 48.
449 1834 495 1871 et
521 1829 630 1872 infra
665 1832 736 1883 ll,
766 1832 811 1883 5,
842 1832 885 1872 6.
947 1828 1044 1871 Non
1088 1834 1181 1871 erat
1224 1842 1357 1884 quare
1399 1827 1480 1872 hoc
1520 1830 1811 1884 negligentiae

114 1915 323 1957 tribueret
354 1914 583 1957 HssYNmS.
613 1937 672 1945 —
716 1913 771 1958 V.
800 1916 830 1956 5
859 1926 953 1967 sqq.
996 1911 1272 1956 Exsolvit
1300 1914 1580 1970 promissa
1609 1915 1814 1957 Venus.

113 1996 198 2040 Est
226 1998 448 2053 probabile
478 1998 591 2040 inter
618 2001 746 2050 vota,
792 2009 888 2040 cum
925 2002 1154 2040 urerentur
1194 2001 1316 2050 tura,
1363 1998 1550 2053 puellam
1582 1997 1812 2051 aliquando

114 2095 241 2124 omen
269 2081 372 2124 felix
401 2082 482 2124 sibi
511 2082 645 2124 vIsam
676 2081 933 2134 observare,
976 2080 1032 2124 cf.
1070 2081 1127 2133 Π,
1156 2083 1200 2133 2,
1232 2083 1304 2123 lo.
1335 2102 1393 2112 —-
1443 2093 1557 2123 mea
1603 2079 1813 2135 gaudia

112 2169 310 2208 narret
341 2169 426 2210 etc.
468 2163 509 2207 h.
542 2179 581 2209 e.
613 2165 814 2208 differant
853 2165 1006 2218 invidi,
1051 2165 1088 2207 si
1117 2164 1262 2217 lubet,
1307 2164 1380 2219 qui
1411 2164 1567 2207 talibus
1596 2177 1683 2207 non
1714 2168 1814 2206 sunt

110 2248 252 2304 potiti.
283 2271 339 2279 —
383 2261 490 2291 non
521 2247 794 2292 habuisse
823 2261 947 2301 sua,
982 2261 1080 2291 cum
1113 2247 1219 2292 haec
1249 2250 1379 2291 lectio
1409 2249 1678 2292 commodum
1710 2262 1815 2292 sen-

110 2345 204 2374 sum
249 2332 478 2387 praebeat,
525 2345 610 2375 non
653 2336 719 2375 est
758 2345 891 2387 quare
932 2346 1063 2374 suam
1105 2332 1386 2388 postulemus.
1417 2355 1476 2362 -
1541 2331 1659 2374 Non
1703 2344 1812 2386 ego

116 2415 372 2470 signatis
417 2419 499 2458 etc.
561 2414 661 2469 Ego
692 2428 820 2468 vero,
867 2414 973 2458 dicit
1006 2427 1092 2469 quo
1131 2427 1245 2457 nunc
1276 2419 1343 2457 est
1386 2413 1427 2456 in
1460 2413 1621 2456 affectu
1651 2414 1811 2468 puella,

118 2503 204 2540 tam
236 2511 387 2554 parum
418 2498 550 2541 celari
578 2510 768 2540 amorem
801 2510 946 2540 meum
977 2498 1132 2552 cupio,
1177 2501 1226 2539 ut
1255 2501 1426 2552 apertas
1458 2495 1616 2551 possim
1647 2495 1812 2550 episto-

121 2582 185 2624 las
220 2594 339 2624 meas
374 2581 428 2624 ad
462 2578 713 2624 Cerinthnm
744 2580 915 2623 mittere
946 2584 992 2622 et
1020 2591 1147 2621 sensu
1177 2579 1303 2622 animi
1338 2579 1467 2620 etiam
1498 2578 1676 2620 aliorum
1707 2589 1814 2619 ocu-

110 2666 166 2708 lis
207 2677 438 2720 exponere.
510 2662 666 2718 Neque
706 2667 849 2706 tamen
892 2662 995 2705 facit
1037 2663 1098 2706 ita
1139 2667 1214 2704 aut
1254 2662 1420 2704 factura
1461 2665 1552 2714 est,
1596 2660 1673 2703 sed
1711 2666 1811 2703 sunt

117 2748 224 2792 haec
259 2749 397 2792 calida
426 2748 559 2792 verba
592 2749 786 2804 puellae,
831 2761 942 2803 quae
974 2753 1202 2804 postquam
1237 2747 1485 2790 certissimis
1525 2747 1660 2801 signis
1690 2760 1813 2789 amo-

118 2845 210 2875 rem
264 2829 454 2874 Cerinthi
508 2830 739 2886 cognovit,
794 2831 868 2873 vix
918 2832 1100 2873 sustinet
1147 2832 1360 2874 occultam
1409 2830 1520 2873 ferre
1565 2831 1814 2873 felicitatem

116 2926 250 2956 suam.
311 2912 374 2955 Et
405 2916 523 2955 certe
554 2925 668 2955 nunc
699 2913 948 2968 parentibus
989 2912 1077 2955 suis
1112 2912 1316 2956 indicavit
1353 2925 1399 2955 se
1442 2914 1556 2955 nolle
1586 2914 1657 2955 alii
1688 2925 1813 2967 quam

116 2995 323 3039 Cerintho
353 2996 530 3039 nubere.
551 3019 607 3027 —
641 2986 895 3050 signatis
926 2996 1187 3050 tabellis,
1219 2998 1413 3053 epistolis
1444 2997 1675 3049 amatoriis,
1706 3009 1814 3051 qua-

115 3082 180 3126 les
223 3082 334 3123 inter
374 3084 566 3122 amantes
605 3078 861 3122 discurrunt.
937 3079 1108 3123 Ceratis
1151 3080 1310 3123 tabulis
1355 3080 1586 3135 inscriptae
1629 3081 1811 3133 litterae,

117 3171 168 3209 ut
197 3169 392 3218 constat,
424 3163 763 3218 obsignabantur
791 3164 964 3207 annulo.
995 3188 1056 3197 —
1098 3164 1179 3207 Ne
1209 3166 1369 3219 legat
1400 3164 1454 3207 id
1487 3177 1655 3207 nemo.
1717 3164 1814 3207 No-

121 3250 231 3293 tabis
267 3249 374 3292 duas
414 3249 667 3302 negationes
709 3260 806 3291 cum
850 3250 891 3292 vi
924 3261 1003 3304 pro
1033 3261 1117 3291 una
1156 3249 1342 3304 positas,
1388 3252 1436 3289 ut
1476 3260 1543 3302 ap.
1577 3247 1814 3290 Pnopnm.

115 3331 173 3385 ll,
207 3334 279 3384 19,
314 3334 398 3373 32:
441 3328 616 3371 absenti
644 3344 767 3371 nemo
798 3344 851 3371 ne
881 3329 1080 3372 nocuisse
1111 3329 1234 3374 velit.
1295 3330 1349 3372 V.
1374 3330 1427 3372 D.
1462 3329 1740 3372 erzscmus
1771 3329 1813 3370 in

119 3412 419 3468 Disputatione
463 3411 519 3454 de
566 3411 788 3468 particulis
836 3415 880 3455 et
928 3412 1251 3467 pronominibus
1293 3411 1504 3464 negativis
1547 3409 1728 3452 Graecis
1770 3413 1816 3451 et

1232 3491 1341 3542 29*
