2086 3756
226 209 348 245 xcvi
905 183 1002 234 DE
1043 178 1244 234 POESI

225 339 348 388 alias
386 336 580 388 formas
629 327 878 388 induenS,
931 323 1098 376 donec
1141 325 1200 374 in
1244 322 1392 374 exitu
1427 322 1655 391 quietem
1695 327 1927 393 qualem-

226 448 431 500 cunque
476 426 736 487 inveniat,
787 436 1000 472 servans
1045 436 1174 471 vero
1211 418 1409 486 ubique
1444 416 1644 469 unitate
1680 435 1774 470 sua
1807 419 1928 470 uni-

225 537 385 577 tatem
420 520 678 574 carminis·
749 517 822 568 Ut
854 533 962 566 uno
991 518 1156 570 verbo
1185 514 1472 566 describam
1503 524 1672 565 totum
1702 532 1927 579 cursum,

196 605 200 610 ’
225 622 416 690 querela
451 617 639 668 exordii
668 616 836 664 transit
869 617 916 662 in
952 623 1171 663 conatum
1205 612 1394 662 tollendi
1428 614 1688 672 miseriam,
1736 619 1930 660 conatus

223 718 319 764 exit
353 718 399 762 in
434 714 637 778 requiem
675 726 904 758 curarum
940 709 1322 776 qualemcunque.
1394 703 1679 756 Videamus
1713 705 1931 768 singula.

226 808 460 858 Primum
494 805 658 855 affero
695 819 851 853 carm.
875 802 941 865 ΙΙ,
961 802 1011 851 4.
1081 799 1318 851 Nemesis
1345 796 1696 848 indissolubili
1718 796 1930 849 vinculo

227 909 434 966 ceperat
469 899 767 960 Tibullum,
819 894 913 945 sed
959 895 1093 944 male
1139 895 1369 944 habebat
1412 894 1550 943 fastu
1598 909 1666 942 ex
1712 892 1932 943 avaritia

222 993 571 1056 intolerabili,
624 1001 782 1059 atque
830 990 914 1038 hic
965 1004 1146 1038 sensus
1197 987 1395 1039 servitii
1443 986 1732 1051 du‘rissimi,
1788 1003 1931 1037 nunc

223 1090 454 1156 primum
483 1085 656 1140 vivide
688 1097 968 1152 penetrans
1001 1085 1260 1146 animum,
1297 1094 1373 1132 est
1404 1084 1619 1133 affectus
1652 1083 1932 1148 primarius

227 1183 496 1238 carminis,
542 1177 688 1247 quod
722 1179 1004 1230 vehemens
1043 1187 1093 1226 et
1129 1175 1469 1240 iracundum,
1517 1178 1747 1228 maximo
1784 1187 1932 1228 motu

226 1276 388 1326 ani-mi
436 1273 797 1342 desperatione
849 1272 1055 1323 oborto.
1138 1268 1323 1320 Prodit
1361 1280 1522 1320 status
1557 1270 1637 1322 rei
1669 1271 1842 1321 statim
1875 1271 1934 1321 in

228 1370 476 1436 exordiO,
526 1382 586 1421 ut
619 1388 718 1437 par
755 1379 856 1434 est,
880 1409 887 1418 .
907 1370 1004 1420 ubi
1046 1366 1371 1418 lamentabili
1418 1368 1654 1418 oratione
1696 1366 1934 1434 queritur

226 1466 514 1530 miseriam,
561 1466 620 1515 in
657 1482 761 1532 qua
796 1473 1053 1515 versatur.
1125 1463 1265 1512 Tum
1298 1462 1353 1512 in
1392 1461 1564 1513 medio
1603 1461 1846 1529 carmine·
1869 1458 1935 1515 ad

229 1577 407 1610 causas
457 1570 507 1609 et
556 1559 729 1609 fontes
778 1557 1017 1607 miseriae
1066 1554 1201 1606 redit
1250 1557 1492 1623 querela,
1551 1567 1604 1607 et
1626 1555 1937 1607 detestatur

228 1657 500 1709 avaritiam
549 1666 598 1705 et
646 1655 915 1704 luxuriam
960 1654 1273 1721 puellarum.
1354 1654 1518 1717 Igitur
1565 1669 1706 1702 nunc
1753 1651 1937 1702 crescit

226 1761 426 1814 motus,
463 1750 704 1801 veniente
740 1751 836 1799 ira·
857 1760 908 1800 et
944 1748 1332 1815 indignatione:
1371 1766 1530 1800 avara
1560 1748 1736 1815 puella
1772 1757 1848 1798 est
1886 1757 1937 1797 et

229 1846 460 1896 carmina
494 1845 628 1895 nihil
663 1854 914 1910 prosunt,
951 1843 1205 1894 iubentur
1238 1843 1424 1910 procul
1458 1843 1535 1892 ire
1562 1843 1748 1893 Musae
1773 1841 1938 1894 inuti-

227 1943 332 2005 les;
373 1949 529 1990 erunt
562 1948 748 2005 poetae
780 1957 877 2004 per
911 1940 1019 1989 vim
1055 1937 1188 1988 adeo
1221 1937 1361 1989 dona
1392 1935 1708 2005 quaerenda,
1745 1937 1938 2006 quibus

228 2034 509 2087 satisfaciat
553 2035 817 2086 avaritiae.
902 2033 1007 2084 Sed
1047 2033 1172 2084 dum
1222 2035 1293 2086 sic
1342 2032 1567 2084 ostendit
1613 2043 1664 2083 et
1713 2034 1940 2098 exagitat

227 2130 540 2197 pravitatem
570 2129 814 2182 avaritiae
850 2129 1008 2178 huius
1018 2165 1033 2193 ,
1071 2129 1230 2194 magis
1267 2127 1686 2179 etiam-irritatur
1715 2128 1937 2192 animuS,

230 2224 474 2276 dicuntur
499 2226 605 2276 iam
636 2227 1019 2276 exsecrationes
1052 2225 1351 2276 auctoribus
1382 2226 1627 2276 luxuriae*
1652 2235 1703 2275 et
1730 2225 1938 2291 puellae

229 2339 416 2373 avarae
447 2321 565 2387 ipsi,
603 2321 844 2387 opposita
870 2323 1174 2372 mollissima
1199 2320 1354 2371 laude
1381 2324 1658 2385 bonarum,
1689 2331 1750 2372 ut
1774 2319 1941 2377 aculei

226 2414 417 2465 fortius
452 2425 704 2481 pungant.
786 2415 959 2483 Atque
999 2415 1073 2465 ita
1106 2413 1252 2467 vides
1291 2427 1411 2482 post
1448 2418 1714 2484 querelam
1751 2399 1941 2469 introi-

229 2520 312 2559 tus
359 2509 587 2562 vividam
631 2509 762 2559 duos
809 2528 976 2562 novos
1025 2510 1215 2576 gradus
1260 2513 1360 2562 sibi
1398 2511 1674 2563 succedere
1722 2511 1940 2562 affectus

231 2603 463 2653 eiusdem
500 2589 749 2654 continuo
782 2604 1074 2653 crescentis.
1147 2602 1252 2653 Sed
1286 2622 1428 2655 nunc
1455 2615 1669 2657 revocat
1697 2621 1751 2656 se
1782 2617 1940 2671 poeta

232 2702 297 2750 ab
334 2701 431 2749 hac
466 2697 738 2750 iracundia
772 2717 868 2765 per
901 2701 1243 2750 mutationem
1273 2702 1582 2765 sententiae,
1619 2702 1771 2751 aliter
1799 2702 1940 2753 enim

229 2794 373 2846 finiri
415 2795 516 2844 hoc
569 2811 774 2844 carmen
824 2809 936 2842 non
982 2803 1216 2859 poterat,
1269 2805 1320 2845 et
1363 2797 1618 2846 submittit
1667 2812 1722 2845 se
1769 2805 1940 2846 totum

230 2891 489 2943 voluntati
539 2891 773 2956 puellae,
837 2900 1050 2955 paratus
1105 2891 1280 2940 omnia
1334 2890 1476 2959 quod
1527 2892 1654 2942 velit
1699 2890 1938 2943 Nemesis

230 2985 403 3035 facere
451 2995 502 3035 et
548 2985 688 3052 pati,
744 2984 787 3035 si
831 2982 990 3035 modo
1032 2985 1220 3036 faveat.
1292 2984 1376 3035 Sic
1413 2984 1640 3053 denique
1683 2983 1938 3052 obsequio

234 3095 564 3131 commovere
614 3076 811 3143 studet,
863 3096 1021 3146 quam
1059 3089 1176 3129 ante
1213 3080 1542 3131 vehementia
1580 3079 1796 3130 affectus
1832 3089 1950 3133 ter·.

231 3183 426 3224 ruerat.
494 3175 783 3225 Veniamus
820 3174 886 3225 ad
924 3192 1133 3225 carmen
1168 3176 1243 3238 II,
1282 3181 1332 3226 6.
1403 3174 1665 3226 Duritiam
1698 3173 1935 3243 Nemesis

233 3278 389 3334 poeta
422 3268 613 3320 iterum
648 3268 855 3321 flectere
904 3281 1150 3335 conatur,
1205 3267 1296 3320 sed
1332 3287 1472 3320 nunc
1507 3268 1671 3323 flebili
1705 3270 1933 3322 maxime
