2086 3756
270 277 392 309 LVIII
958 251 1053 300 DE
1090 247 1289 302 POESI

269 400 535 469 plerisque
574 397 816 448 omnibus
855 391 1149 449 admirabili
1184 390 1239 470 vi
1276 391 1555 442 affectuum
1591 392 1864 442 laetaberis
1902 409 1969 440 ex

268 496 452 546 intimo
503 503 714 560 pectore
765 489 1028 556 profecta,
1077 503 1174 536 nec
1214 484 1417 536 detrahi
1453 484 1742 554 quidquam
1775 495 1967 536 temere

266 590 480 656 patieris
530 587 593 638 de
644 585 869 652 genuina
915 583 1234 651 praestantia
1281 582 1439 634 huius
1486 598 1741 651 poeseos„
1794 582 1970 634 nativa

265 686 482 735 veritate
530 699 779 734 sensuum
825 691 1101 748 tantopere
1153 683 1482 748 conspicuae.
1573 667 1829 731 Vividum
1879 677 1970 728 ad-

266 777 482 828 modum
517 765 707 827 natura
744 785 855 826 erat
878 775 1146 841 ingenium
1175 776 1375 825 Tibulli
1407 785 1457 825 et
1490 776 1740 841 proprius
1778 783 1855 824 est
1888 774 1971 823 his

267 873 440 937 elegiis
487 871 704 938 insignis
759 869 972 939 quidam
1024 871 1176 935 vigor
1224 871 1530 932 affectuum,
1589 885 1747 935 quem
1797 867 1972 917 omnia

266 967 512 1033 disticha,
566 985 745 1019 omnes
781 984 964 1020 versus
1004 966 1288 1017 ostendunt
1321 966 1644 1028 luculenter,
1687 981 1784 1014 nec
1820 981 1970 1029 repe-

266 1065 370 1115 rias
410 1065 568 1116 alium
617 1075 827 1132 poetam
877 1066 1157 1130 elegiacum
1203 1081 1385 1130 parem
1430 1063 1477 1112 ei
1512 1062 1569 1111 in
1605 1063 1722 1112 hoc.
1805 1057 1973 1109 Sentit

268 1157 413 1226 quod
449 1160 604 1209 sentit
637 1169 749 1209 toto
786 1169 1026 1225 pectore3
1065 1167 1202 1207 amat
1238 1174 1398 1223 quam
1435 1166 1571 1205 amat
1603 1157 1838 1222 penituS,
1875 1171 1971 1204 nec

266 1255 390 1303 alias
426 1253 659 1305 laudavit
695 1254 878 1317 simul,
928 1250 1020 1300 sed
1065 1251 1161 1300 uni
1199 1249 1403 1299 deditus
1440 1250 1542 1298 fuit
1574 1259 1714 1299 totus
1752 1265 1971 1316 semper,

265 1346 431 1398 donec
468 1365 566 1415 per
601 1348 833 1413 puellam
879 1347 1076 1397 liceret.
1160 1343 1268 1394 Ubi
1314 1360 1444 1395 vero
1495 1341 1715 1396 adversa
1759 1345 1972 1394 fortuna

267 1445 458 1494 amoris
496 1455 600 1509 est,
639 1461 751 1494 non
786 1441 1002 1506 leviter,
1052 1440 1144 1492 sed
1179 1444 1432 1506 graviter,
1482 1441 1779 1506 gravissime
1816 1439 1972 1504 dolet,

266 1549 318 1589 et
365 1557 643 1606 erumpens
693 1541 908 1607 querela
951 1538 1182 1588 fluminis
1223 1538 1390 1588 instar
1425 1537 1625 1603 copiosi
1659 1535 1975 1588 diffunditur

262 1635 320 1683 in
359 1651 537 1685 omnes
572 1646 766 1702 partes.
845 1636 1017 1702 Atque
1055 1652 1123 1684 ex
1158 1637 1259 1686 hoc
1297 1635 1506 1686 fervore
1543 1635 1816 1700 praeclaro
1853 1651 1972 1684 sen-

266 1748 417 1781 suum
455 1732 763 1798 explicanda
801 1750 1040 1797 magnam
1077 1742 1309 1798 partem,
1354 1741 1416 1781 ut
1454 1732 1625 1780 statim
1662 1729 1972 1794 videbimus,

264 1827 572 1893 compositio
613 1830 894 1894 elegiarum
932 1831 1143 1894 Tibulli,
1183 1846 1311 1896 quas
1351 1828 1444 1895 qui
1479 1827 1800 1891 negligenter
1834 1835 1972 1876 stru-

266 1931 396 1986 ctas,
434 1923 610 1973 multis
646 1923 704 1972 in
741 1926 868 1974 locis
907 1941 1051 1974 nexu
1091 1933 1340 1986 carentes,
1377 1922 1576 1972 unitate
1612 1908 1793 1971 rerum
1821 1938 1972 1971 accu-

263 2027 378 2066 rata
416 2016 683 2069 destitutas
734 2018 1011 2083 dixerunt,
1061 2019 1231 2084 specie
1271 2016 1473 2083 decepti
1509 2025 1660 2079 sunt,
1716 2032 1814 2066 nec
1851 2015 1972 2065 satis

262 2124 647 2178 perspexerunt
697 2112 937 2164 ordinem
983 2113 1265 2179 pulchrum
1300 2111 1358 2160 in
1393 2111 1495 2160 hoc
1531 2119 1681 2160 motu
1715 2109 1970 2161 liberiori.

263 2203 505 2253 Debetur
530 2203 699 2255 eidem
722 2204 922 2255 fervori
953 2204 1166 2254 omnino
1198 2213 1412 2268 vegetus
1446 2204 1617 2265 color,
1652 2202 1794 2252 nitor
1818 2219 1973 2268 prae-

264 2298 431 2347 clarus
480 2314 660 2347 rerum
711 2308 761 2347 et
808 2299 1121 2362 verborum,
1181 2299 1274 2365 qui
1319 2299 1407 2349 vel
1455 2298 1642 2349 leviter
1688 2297 1975 2348 attendenti

260 2391 444 2441 lectori
470 2392 669 2459 ubique
699 2393 756 2442 in
783 2392 881 2442 hac
907 2393 1056 2458 poesi
1084 2408 1137 2441 se
1166 2392 1349 2456 offert3
1386 2391 1702 2456 languidam,
1739 2392 1972 2454 fractam,

259 2485 492 2535 ieiunam
528 2503 682 2536 nemo
722 2485 856 2536 dixit
893 2486 1276 2553 querimoniam
1311 2486 1537 2550 Tibulli,
1574 2496 1700 2536 sunt
1734 2503 1971 2553 nervosa,

264 2590 535 2645 contenta,
571 2582 828 2645 mascula,
868 2581 1019 2647 quasi
1053 2582 1161 2632 vita
1193 2582 1354 2646 plena
1391 2582 1582 2630 omnia.
1666 2581 1837 2631 Etiam
1871 2582 1972 2634 hoc

263 2674 416 2739 quale
455 2674 521 2722 sit
558 2691 834 2739 cognosces
871 2677 1010 2726 infra
1046 2678 1226 2742 paullo
1263 2678 1500 2742 propius,
1535 2677 1630 2727 ubi
1661 2676 1780 2727 data
1810 2695 1971 2745 opera

264 2764 327 2815 de
367 2769 673 2818 elocutionis
710 2769 1038 2820 Tibullianae
1086 2771 1280 2822 virtute
1330 2769 1546 2822 dicetur.
1629 2772 1770 2824 Talis
1808 2784 1884 2824 est
1922 2784 1971 2824 et

263 2862 396 2911 tanti
433 2864 688 2913 momenti
722 2864 780 2912 in
817 2865 914 2913 hac
951 2865 1102 2930 poesi
1136 2866 1384 2930 proprius
1420 2867 1507 2915 ille
1545 2867 1725 2919 fervor
1758 2867 1970 2933 Tibulli,

267 2972 373 3022 quo
410 2957 543 3006 nihil
577 2957 782 3023 veriu5,
827 2960 959 3009 nihil
997 2961 1169 3010 minus
1206 2959 1383 3010 fictum
1422 2962 1521 3011 fuit
1559 2979 1809 3031 unquam.
1879 2965 1971 3014 At-

269 3070 372 3120 que
409 3054 538 3104 haec
583 3054 852 3105 hactenus.
939 3053 1168 3107 Omnino
1209 3057 1525 3107 absolvimus
1562 3076 1703 3110 nunc
1742 3076 1877 3127 quae
1913 3062 1970 3111 in

264 3149 366 3199 hoc
410 3151 576 3215 capite
615 3148 980 3217 disputationis
1026 3151 1089 3202 de
1128 3152 1326 3202 Tibulli
1364 3153 1518 3204 laude
1555 3152 1773 3204 dicenda
1808 3157 1970 3207 habe-

265 3245 464 3306 bamUS‚
502 3255 553 3295 et
587 3263 854 3313 speramus
892 3250 1024 3301 nihil
1060 3248 1204 3318 quod
1241 3251 1449 3316 gravius
1487 3251 1550 3300 sit
1588 3251 1851 3302 omissum.

408 3338 589 3391 Restat
637 3359 762 3395 vero
815 3354 873 3394 ut
922 3345 1075 3395 etiam
1127 3343 1188 3394 de
1227 3347 1472 3413 Lygdamo
1511 3343 1742 3409 dicatur,
1804 3364 1969 3413 quan-
