2158 3750
341 262 442 310 352
746 256 785 306 C
792 253 1216 311 OMMENTAR.
1249 254 1327 309 IN
1362 257 1650 311 TIBULLI

346 400 514 446 Tibulli
543 402 658 458 typis
687 398 959 452 traderetur,
1004 396 1080 443 ubi
1123 411 1224 454 pag.
1255 396 1447 444 XXVII.
1490 399 1788 446 tantummodo
1825 408 1914 448 tres
1947 417 2040 449 me-

338 491 561 531 morantur
588 507 647 517 --
676 483 720 527 in
750 481 828 526 bac
859 483 995 538 igitur
1025 482 1401 526 Commentatione
1434 489 1584 527 monet
1613 485 1694 529 Vir
1735 485 1944 540 elegantis
1972 490 2042 532 iu-

343 569 443 612 dicii
484 565 593 610 hanc
632 565 916 611 inversionem
953 564 1188 609 verborum
1219 566 1366 622 lyricis
1398 570 1444 610 et
1475 567 1637 622 lyricae
1666 567 1874 611 audaciae
1902 569 2044 614 imita-

341 651 509 695 toribus
549 648 876 704 relinquendam
915 648 1078 703 fuisse,
1122 648 1356 692 abhorrere
1386 662 1491 693 vero
1522 663 1549 692 a
1581 651 1680 693 talis
1710 651 1912 694 carminis
1939 651 2044 696 sim-

340 735 547 791 plicitate.
609 734 759 779 Quare
789 733 832 775 in
863 729 945 775 hoc
976 733 1172 789 peccavit
1198 731 1543 787 Lygdamus.--
1569 733 1799 776 Felices
1829 738 2046 788 cantus,

339 817 477 862 hilare
515 831 714 871 carmen,
761 816 879 871 quod
921 817 1109 860 animum
1150 818 1422 860 confirmaret
1465 824 1511 860 et
1555 814 1668 861 bona
1709 831 1790 874 spe
1830 818 2044 874 impleret,

347 903 604 960 praeludens
647 902 710 945 sic
747 901 889 945 verbis
931 915 1035 945 mox
1074 901 1294 955 dicendis,
1337 914 1523 956 quorum
1563 901 1730 946 initium
1761 903 1910 957 triste,
1953 903 2051 946 finis

346 999 470 1042 spem
501 983 704 1034 ostendit.
763 983 831 1028 Ita
859 985 1070 1040 suspicor.
1133 985 1243 1030 Quis
1273 989 1517 1028 commenta
1547 985 1734 1028 infelicia
1763 987 1861 1028 talis
1894 991 2049 1042 poetae

345 1068 507 1122 ubique
537 1072 659 1110 certo
688 1067 980 1121 assequatur?
1040 1067 1283 1110 Hermust
1322 1067 1524 1122 „Felices
1553 1076 1718 1111 cantus
1748 1075 1928 1127 possunt
1954 1083 2052 1113 esse

345 1151 540 1207 propitii,
570 1150 760 1192 favorem
792 1149 975 1191 numinis
1008 1148 1299 1202 ostendentes,
1329 1154 1407 1191 aut
1435 1149 1551 1205 quod
1581 1163 1679 1194 cum
1711 1152 1890 1196 Vunpro
1922 1154 2050 1207 malo,

344 1234 496 1276 faciles
534 1237 580 1275 et
620 1232 806 1275 feliciter
839 1230 1157 1287 provenientes.
1218 1230 1409 1273 Possunt
1449 1233 1581 1275 etiam
1628 1245 1726 1275 esse
1769 1235 2049 1287 excellente5‚

346 1320 642 1372 praestantes,
683 1315 861 1358 divini.“
922 1315 1050 1360 Quae
1078 1312 1182 1357 mibi
1213 1315 1355 1357 aliena
1385 1315 1585 1359 videntur
1615 1317 1782 1371 omnia,
1823 1330 1923 1361 cum
1953 1318 2049 1361 nul-

354 1401 438 1442 lam
482 1399 568 1442 vim
612 1397 799 1442 habeant
844 1398 887 1441 in
929 1399 1159 1443 sententia.
1189 1422 1250 1431 -—
1298 1412 1395 1443 ore
1440 1405 1707 1454 sonante,
1754 1404 1804 1443 ut
1842 1401 2052 1444 excitaret

346 1485 628 1527 attentionem
657 1483 932 1537 dormientis,
979 1485 1159 1541 opinor,
1200 1485 1314 1528 unde
1346 1485 1474 1528 etiam
1507 1486 1737 1541 plectro
1766 1497 1880 1528 nunc
1910 1484 2052 1541 pulsat

348 1569 503 1623 lyram.
563 1568 676 1611 Nam
724 1566 779 1610 de
825 1567 1104 1624 praeludendi
1150 1581 1272 1611 more
1319 1568 1756 1611 Mmscnssamcmus
1800 1567 1856 1610 ad
1898 1566 2050 1610 Horat.

346 1653 424 1707 lv,
458 1655 529 1706 15,
559 1656 603 1694 2.
635 1652 745 1694 bene
779 1656 1001 1706 comparat
1032 1651 1172 1694 Ovm.
1205 1652 1300 1693 Art.
1331 1651 1428 1707 Am.
1459 1650 1517 1703 ll,
1547 1653 1636 1694 493
1664 1664 1787 1706 sqq.,
1829 1649 1903 1692 ubi
1932 1649 2051 1692 simi-

346 1736 447 1778 liter
477 1735 584 1777 deus
614 1735 788 1776 monitis
819 1733 998 1776 edendis
1029 1732 1244 1790 praeludit
1275 1733 1394 1786 lyra,
1439 1732 1700 1775 audientiam
1731 1731 1813 1774 sibi
1843 1731 2050 1786 facturus,

347 1822 397 1860 ut
428 1816 510 1860 boc
541 1818 638 1860 loco
669 1830 777 1860 voce
822 1822 868 1860 et
910 1818 1020 1871 lyra.
1050 1840 1110 1849 —
1163 1816 1344 1872 digiti
1389 1817 1592 1861 locuti.
1653 1815 1750 1859 Etsi
1793 1817 1836 1859 in
1877 1817 2050 1873 praelu-

348 1902 430 1945 diis
463 1903 593 1944 etiam
625 1907 856 1956 utrumque
886 1900 1122 1945 adhibitum
1154 1901 1375 1955 videmus,
1403 1897 1536 1952 ψιλὰς
1563 1908 1716 1958 χεῖρας
1747 1904 1792 1943 et
1819 1899 2051 1956 πλῆκτρον,

346 1985 534 2027 alterum
567 1989 666 2040 post
696 1985 894 2037 alterum,
925 1985 1058 2027 veluti
1089 1986 1288 2028 Aenum.
1317 1985 1436 2028 'rm
1465 1985 1500 2039 Ι,
1531 1988 1590 2038 5.,
1621 1983 1691 2027 hic
1721 1989 1864 2027 tamen
1893 1984 2053 2027 intelli-

347 2067 414 2122 git
435 2067 612 2121 digitos,
641 2067 796 2120 quibus
823 2067 1034 2121 plectrum
1060 2070 1268 2111 moverat.
1330 2065 1512 2109 Plirasin
1537 2067 1675 2121 ipsam
1697 2066 1794 2119 quis
1817 2064 2052 2108 defendat?

342 2149 595 2193 Adscribam
621 2149 898 2192 Eicus‘mmr
929 2149 1083 2192 verbat
1115 2150 1261 2203 „Mira
1286 2149 1489 2204 loquendi
1517 2150 1644 2203 ratio,
1677 2149 1877 2203 quamvix
1901 2148 2054 2191 defen-

346 2231 423 2274 das
455 2233 668 2276 Vmcinn
702 2232 798 2274 loco
830 2233 940 2274 Aen.
966 2231 1023 2284 X,
1052 2236 1126 2276 67.
1157 2231 1330 2287 [opinor
1353 2233 1432 2285 111,
1454 2232 1585 2286 176J=
1618 2231 1838 2290 tendoque
1863 2231 2052 2288 supinas
2086 2266 2092 2270 ,

346 2315 429 2358 Ad
456 2314 627 2355 caelum
666 2329 765 2355 cum
797 2329 899 2356 voce
929 2330 1103 2360 manus,
1164 2316 1213 2359 ln
1247 2314 1330 2359 hoe
1371 2317 1482 2358 euim
1522 2316 1620 2358 loco
1662 2314 1843 2358 verbum
1873 2314 2052 2356 tendere

344 2402 493 2454 aptum
517 2402 583 2439 est
605 2397 807 2453 primario
824 2396 939 2451 quod
961 2399 1193 2453 apponitur
1214 2398 1496 2451 substantivo,
1518 2397 1839 2452 facilioremque
1861 2397 2053 2452 alterius,

343 2479 477 2527 vocis,
500 2481 742 2523 iuncturam
763 2479 974 2522 admittit:
1006 2486 1154 2522 nostro
1177 2480 1219 2522 in
1242 2481 1341 2523 loco
1363 2480 1479 2535 quod
1499 2479 1599 2523 voci
1621 2481 1840 2537 proprium
1862 2485 1930 2523 est
1951 2493 2051 2524 ver-

345 2565 462 2619 bum,
495 2564 652 2623 eligitis
683 2566 901 2609 tribuitur.
963 2565 1054 2609 Sed
1086 2570 1204 2608 totus
1237 2579 1389 2609 versus
1421 2566 1591 2608 etiamsi
1622 2579 1720 2610 cum
1748 2566 1934 2611 Vossro:
1963 2563 2054 2607 Sed

336 2656 582 2707 postquam
614 2649 747 2708 digiti
772 2649 967 2707 fuerant
998 2673 1058 2680 -
1088 2655 1348 2705 reponatur,
1380 2651 1504 2694 valde
1534 2652 1759 2706 languet.“
1791 2674 1851 2682 —
1893 2651 2051 2694 dulci

345 2732 508 2776 modo
551 2732 593 2775 11.
631 2747 670 2777 e.
714 2747 846 2787 sono;
888 2739 936 2776 ut
967 2735 1122 2786 leniat,
1163 2734 1341 2790 opinor,
1385 2735 1631 2788 tristitiam,
1673 2734 1954 2778 acerbitatem
1985 2733 2049 2776 rei

345 2816 575 2860 dulcedine
613 2819 748 2861 vocis,
809 2817 910 2860 Non
955 2831 1065 2874 opus
1109 2822 1177 2861 est
1221 2822 1267 2860 ut
1312 2831 1538 2871 moneam,
1585 2831 1715 2873 quam
1755 2818 1902 2874 inepte
1943 2815 2050 2860 haec

347 2902 489 2944 omnia
519 2902 625 2956 sint,
674 2907 719 2944 et
760 2915 886 2956 quam
927 2902 1155 2945 ridiculum
1194 2917 1243 2946 se
1285 2903 1494 2959 praebeat
1535 2907 1665 2958 poeta
1695 2901 1836 2944 mollis
1867 2905 1911 2943 et
1941 2899 2049 2943 deus

345 2996 444 3026 cum
491 2997 594 3026 cura
648 2997 740 3026 sua.
779 3007 839 3015 —
906 2984 960 3026 V.
992 2986 1049 3025 43
1082 2998 1175 3038 sqq.
1238 2985 1430 3037 Salve,
1495 2998 1627 3028 cura
1676 2983 1864 3027 deum!
1936 2981 2049 3028 Vide

345 3067 619 3121 magnificam
652 3067 1026 3121 compellationem
1059 3067 1145 3110 dei.
1205 3067 1315 3110 Mox
1353 3068 1460 3110 mire
1500 3067 1663 3110 dictum
1704 3068 1819 3111 rite
1856 3071 2050 3110 castus

346 3149 548 3192 observat
569 3149 894 3193 E1cnsmmus.
956 3150 1113 3206 Neque
1137 3152 1252 3194 enim
1274 3150 1360 3193 rite
1389 3151 1584 3195 favent
1613 3151 1783 3207 iungas.
1845 3151 2048 3195 Ceterum

350 3233 501 3275 credat
537 3235 690 3288 aliquis
719 3234 775 3276 de
805 3234 1025 3278 notissima
1057 3236 1304 3278 innocentia
1339 3240 1384 3279 et
1423 3236 1673 3290 integritate
1705 3238 1930 3291 poetarum
1960 3234 2048 3288 agi,

350 3328 463 3370 quae
494 3315 576 3358 diis
606 3330 737 3359 curae
760 3316 1002 3371 *cordique,
1034 3317 1091 3360 cf.
1115 3318 1564 3360 Miwscnssmncmum
1596 3318 1639 3359 in
1671 3319 1775 3380 Arg.
1809 3317 1863 3359 ad
1894 3316 2047 3359 Horat·

346 3399 380 3451 1,
403 3402 476 3442 ΞΤ.
539 3401 772 3443 Probabile
804 3406 945 3444 tamen
979 3399 1114 3444 babeo
1138 3401 1409 3456 Lygdamum
1442 3402 1617 3457 proprie
1648 3400 1831 3454 intelligi
1861 3399 2045 3442 voluisse
