2158 3750
644 273 830 327 LIBR.
867 275 959 328 111.
1032 273 1238 327 ELEG.
1272 274 1367 327 111.>
1769 281 1870 330 337

171 416 301 462 babet
328 417 524 472 fortuna,
551 421 602 461 ut
628 417 868 461 Pnopssu.
897 415 954 470 11,
983 418 1058 469 25,
1090 416 1163 458 34.
1194 414 1395 462 Pmmn.
1426 409 1555 468 Pyth.
1587 411 1667 467 xl,
1696 415 1771 460 29.
1807 438 1865 446 —

170 502 316 546 falso
351 503 599 558 plurima
627 501 836 556 vulgus
864 505 1036 552 amat,
1078 496 1118 541 b.
1151 510 1193 542 e.
1223 497 1432 553 plurima,
1478 509 1591 552 quae
1622 500 1738 539 amat
1772 498 1868 540 vul-

168 597 279 638 gus,
320 585 430 628 salso
460 590 590 628 amat.
649 586 820 640 Vulgus
860 591 976 627 amat
1005 582 1180 638 quidem
1212 581 1409 635 divitias,
1451 581 1530 625 sed
1559 585 1676 624 errat
1703 581 1749 624 in
1782 579 1868 627 hoe

168 672 219 709 ut
246 667 292 709 iu
319 668 416 710 aliis
445 668 665 724 plurimis;
711 669 877 711 nullum
919 671 987 710 est
1018 667 1138 720 vulgi
1173 666 1382 708 iudicium
1412 666 1457 708 in
1487 678 1592 709 vero
1623 666 1764 722 pretio
1794 679 1868 710 re-

168 763 264 794 rum
293 750 690 795 constituendo.--
717 753 772 796 V.
795 754 854 793 21
878 765 974 806 sqq,
1015 755 1239 793 mentes
1270 763 1559 806 curaeque
1590 752 1870 808 levantur,

167 848 380 890 zeugma,
411 836 543 879 veluti
574 836 714 878 Ovm.
745 834 858 878 Met.
890 834 948 888 X,
982 838 1098 878 3632
1146 849 1369 894 curasque
1400 843 1445 877 et
1477 851 1662 893 corpora
1691 853 1872 881 somnus

166 919 389 962 Solverat.
447 918 583 961 Addit
613 918 700 960 alia
734 917 859 972 plura
888 911 1317 962 WmsnssnmcfflUS.
1378 919 1526 961 Semel
1557 920 1687 963 etiam
1717 920 1874 963 Tibul-

165 1003 233 1045 lus
260 1014 444 1055 zeugma
472 999 627 1054 babet,
656 998 694 1052 Ι,
722 1001 766 1052 4,
797 1002 872 1042 65.
901 1002 978 1042 66.
1005 1022 1067 1032 -
1115 1004 1406 1056 tempora,
1435 1000 1704 1044 conditiones
1735 1000 1875 1046 homi-

164 1099 283 1139 num,
310 1085 628 1128 vicissitudines
656 1097 817 1137 rerum,
847 1083 1007 1139 regit
1040 1084 1302 1127 Fortuna
1332 1085 1444 1128 sicut
1476 1085 1559 1141 ipsi
1590 1087 1748 1142 placet,
1784 1100 1871 1130 non

165 1169 304 1222 magis
333 1167 540 1211 divitibus
570 1181 753 1224 parcens
784 1181 912 1223 quam
943 1169 1055 1224 aliis,
1088 1173 1221 1224 atque
1251 1169 1402 1212 ultima
1432 1175 1555 1212 aetas
1586 1171 1749 1214 liberae
1780 1171 1871 1214 rei-

164 1249 366 1306 publicae
405 1249 511 1292 satis
553 1251 852 1306 exemplorum
893 1247 1021 1292 liuius
1066 1252 1242 1304 generis
1285 1251 1464 1295 viderat.
1496 1275 1555 1284 -
1606 1252 1698 1296 Sit
1739 1251 1873 1296 milui

165 1336 476 1388 paupertas
511 1336 623 1386 etc.,
666 1331 771 1375 nibil
797 1333 981 1389 amplius
1015 1332 1230 1379 desidero,
1265 1357 1317 1366 --
1349 1335 1420 1378 At
1459 1336 1585 1379 sine
1626 1341 1693 1380 te.
1755 1337 1874 1380 Male

166 1415 575 1459 Wrmnssnmcmus
606 1417 670 1457 Et
699 1417 912 1472 probavit,
942 1417 1123 1460 laudans
1154 1418 1192 1471 Ι,
1222 1422 1267 1471 8,
1298 1420 1369 1461 34.
1402 1418 1478 1461 ubi
1508 1419 1757 1474 displiceret
1785 1418 1875 1467 Ae,

164 1502 218 1540 ut
241 1495 286 1540 h.
310 1499 409 1541 loco
437 1499 503 1539 Et
530 1497 636 1542 ferri
666 1500 818 1554 nequit
847 1503 1028 1555 propter
1056 1499 1251 1542 additum
1276 1498 1371 1541 sine
1394 1508 1454 1544 te.
1514 1502 1656 1546 Porro
1685 1514 1874 1555 regum

164 1595 400 1627 munera
438 1587 542 1626 sunt
580 1595 705 1643 opes·
762 1583 1004 1628 PRoPssRT.
1034 1584 1069 1638 I,
1102 1586 1177 1638 14,
1207 1586 1292 1627 24:
1340 1585 1468 1640 Quae
1498 1583 1609 1625 milti
1637 1583 1744 1625 dum
1766 1583 1875 1641 pla-

163 1673 274 1707 cata
306 1665 478 1713 aderit,
518 1680 607 1708 non
647 1663 748 1707 ulla
776 1663 958 1708 verebor
984 1667 1147 1724 Regna
1188 1679 1269 1708 nec
1297 1664 1482 1709 Alcinoi
1511 1680 1697 1708 munera
1729 1665 1879 1723 des-pi<

162 1764 271 1796 cere,
304 1764 333 1793 a
362 1763 450 1805 quo
479 1754 651 1793 constat
672 1750 874 1806 Ulyssem
904 1751 1036 1805 largis
1067 1750 1191 1793 donis
1223 1750 1444 1797 donatum.
1504 1751 1703 1807 Denique
1736 1751 1874 1794 volo

167 1836 321 1874 contra
351 1833 557 1876 Vossrtnr
589 1831 722 1875 velim
761 1831 1079 1889 praeferentem
1120 1832 1315 1876 defendit
1345 1833 1617 1876 Huscnmus
1649 1832 1878 1876 commode

164 1914 351 1957 afferens
383 1915 594 1959 Coum..
637 1915 758 1961 Nm».
787 1916 887 1970 XV,
917 1919 972 1960 4:
1019 1917 1228 1975 Namque
1262 1914 1381 1958 orbis
1420 1924 1647 1959 terrarum
1689 1915 1878 1960 divitias

163 1997 364 2053 accipere
391 1997 493 2040 nolo
519 2012 603 2054 pro
628 1996 812 2053 patriae
843 1997 1057 2042 caritate.
1088 2020 1147 2030 —
1194 1998 1288 2041 Iam
1314 1999 1439 2053 sequi
1469 1998 1659 2042 debebat
1688 1998 1873 2042 felicita-

163 2079 221 2122 tis
247 2081 292 2122 in
321 2080 525 2134 coniugio
554 2079 758 2124 Neaerae
795 2086 999 2137 speratae
1030 2081 1269 2138 descriptio
1311 2082 1538 2136 disertior,
1580 2095 1710 2138 quam
1753 2083 1877 2126 clau-

161 2165 293 2209 sisset
319 2165 431 2210 bene
460 2164 673 2210 distichon
704 2166 972 2224 proximum:
1022 2167 1058 2207 Ο
1088 2165 1268 2208 niveam
1284 2194 1294 2213 ,
1336 2180 1456 2224 quae
1495 2173 1542 2208 te
1567 2165 1736 2224 poterit
1767 2164 1876 2208 mihi

164 2250 347 2294 reddere
376 2251 518 2295 lucem
547 2258 663 2307 etc.‚
707 2251 1072 2308 quemadmodum
1114 2251 1159 2294 in
1189 2252 1520 2296 introductione
1550 2252 1655 2295 dixi.
1688 2276 1750 2285 —-
1795 2252 1880 2296 ni·

165 2347 352 2391 veum,
409 2337 543 2391 vulgo
589 2336 816 2380 candidam
863 2335 1029 2380 dicunt.
1098 2335 1296 2379 Insolens
1338 2349 1459 2378 usus.
1499 2358 1560 2367 —
1615 2348 1757 2390 quae
1802 2339 1879 2377 te.

163 2417 384 2462 Vossrus=
442 2417 553 2460 mila·
597 2426 644 2460 te
684 2417 858 2476 poterit
905 2434 1047 2479 quae,
1095 2433 1272 2477 pravam
1318 2419 1636 2476 oppositionem
1685 2418 1877 2462 inserens

167 2496 305 2542 banca
337 2513 450 2554 quae
481 2514 567 2545 non
596 2502 672 2545 alii
704 2507 778 2557 te,
812 2503 892 2547 sed
921 2502 1025 2547 mihi
1056 2504 1233 2558 reddet3
1264 2503 1382 2560 quod
1413 2503 1545 2546 nihili.
1609 2503 1880 2546 Collocatio-

167 2596 246 2627 nes
276 2584 507 2628 verborum
539 2587 686 2631 nullae
717 2589 920 2644 poeticae
950 2594 1078 2643 sunt,
1124 2603 1236 2645 quae
1267 2603 1351 2633 non
1383 2590 1508 2633 simul
1540 2590 1778 2632 sententiae
1808 2602 1878 2631 ra-

164 2668 271 2710 tioni
302 2669 582 2712 conveniunt.
611 2694 671 2703 —
720 2685 867 2727 quae
899 2675 1125 2728 poterit
1154 2674 1420 2728 reddere,
1452 2687 1565 2729 quae
1593 2672 1768 2717 efficere
1803 2685 1879 2716 va-

163 2751 270 2796 lebit
301 2757 351 2796 ut
382 2753 559 2808 redeas,
589 2753 648 2797 cf.
679 2754 736 2798 ad
764 2756 800 2810 1,
831 2762 875 2810 7,
906 2760 950 2798 3.
983 2756 1024 2800 h.
1057 2770 1098 2800 e.
1129 2771 1216 2812 quo
1248 2757 1318 2800 die
1349 2756 1523 2800 redibis.

283 2837 340 2881 V.
381 2840 441 2881 2⁴1
463 2838 558 2881 -nd
604 2839 748 2885 finem.
823 2840 967 2884 Pars
1020 2843 1211 2886 altera
1271 2839 1556 2885 carminis.
1629 2838 1700 2880 At
1751 2836 1879 2880 sine

166 2919 392 2966 Neaera
422 2935 488 2967 ne
518 2936 659 2980 opes
687 2925 916 2980 quidem
946 2927 1175 2981 iuvare,
1215 2940 1334 2970 cum
1365 2938 1428 2969 ea
1470 2921 1876 2967 felicissimum

166 3017 226 3048 se
266 3018 568 3061 pauperem
610 3005 765 3061 fore3
805 3007 1015 3062 quodsi
1061 3008 1178 3051 fata
1220 3007 1470 3052 reditum
1516 3006 1745 3063 puellae
1788 3017 1878 3048 ne·-

167 3093 337 3144 gent‚
370 3092 609 3156 mortem
638 3100 700 3132 se
729 3088 850 3132 sibi
881 3094 1090 3145 optare
1122 3089 1290 3134 dicit.

287 3171 340 3215 V.
372 3174 431 3214 27
461 3185 556 3227 sqq.
589 3185 695 3229 pro
726 3171 887 3216 dulci
920 3172 1152 3230 reditu,
1184 3176 1276 3219 scil.
1307 3175 1350 3218 in
1381 3174 1565 3230 gratiam
1597 3170 1724 3215 etad
1757 3172 1875 3228 prio-

165 3266 239 3296 res
266 3266 422 3298 sensus
451 3255 624 3298 amoris.
686 3255 926 3312 Perperam
958 3257 1131 3312 quidam
1164 3258 1220 3303 de
1251 3260 1407 3303 itinere
1440 3263 1483 3302 et
1510 3258 1703 3301 discessu
1729 3255 1876 3299 Neae-

169 3352 243 3383 rae
273 3340 494 3396 cogitant,
519 3340 642 3396 quasi
674 3354 773 3384 cum
805 3348 942 3386 matre
973 3343 1129 3388 abierit
1160 3345 1327 3399 Roma,
1358 3345 1475 3400 quod
1507 3343 1695 3401 explosit
1725 3343 1876 3384 Spon-

170 3432 277 3463 κιο»
320 3422 504 3471 Dissert.
536 3423 570 3467 Ι.
615 3437 656 3480 p.
697 3425 772 3468 54.
847 3424 958 3469 Vide
1000 3426 1130 3473 modo
1176 3440 1216 3472 v.
1259 3432 1343 3471 85:
1406 3427 1508 3470 Aut
1560 3426 1597 3465 si
1635 3424 1751 3482 sata
1800 3436 1876 3459 me-

1374 3518 1435 3543 f„
