2086 3756
268 269 335 300 ιιι
959 248 1052 298 DE
1092 243 1291 299 POESI

272 410 453 452 tenero
491 397 608 451 sinu
646 396 903 461 detinere,
939 396 1130 447 teneris
1165 396 1388 448 retinere
1423 396 1658 462 lacertis,
1695 397 1823 466 quid
1861 399 1975 449 tali-

276 497 375 546 bus
425 493 599 550 verbis
647 487 1032 545 verecundius?
1106 489 1241 541 Sunt
1289 491 1487 560 aliquid
1537 490 1976 562 quemadmodum

277 589 417 659 apud
452 591 602 654 alios,
653 588 724 639 sic
761 587 899 655 apud
935 572 1205 639 Tibullum
1241 590 1534 657 voluptates
1585 590 1845 657 corporiS,
1885 588 1978 640 sed

275 701 535 753 nusquam
585 684 679 733 has
727 682 952 733 Veneris
1005 683 1297 751 voluptates
1354 685 1411 734 in
1464 686 1716 752 ⁴amplexu
1771 687 1975 752 puellae

272 796 396 829 suae
445 774 715 846 perceptas
768 777 1012 831 describit
1061 790 1110 830 et
1159 781 1322 844 canit,
1370 779 1562 849 neque'
1589 783 1697 832 ullo
1739 791 1976 848 tempore

270 873 342 925 sic
391 884 452 925 ut
498 874 804 942 Propertius
854 885 943 925 aut
985 873 1203 928 Ovidius
1247 875 1451 927 deditus
1498 876 1599 926 fuit
1642 873 1875 940 libidini3
1926 885 1976 927 at

271 969 457 1022 foedus
504 987 735 1038 perenne
787 972 924 1023 vitae
972 969 1250 1022 videbatur
1297 972 1346 1022 ei
1400 988 1511 1023 esse
1561 970 1752 1022 debere
1787 976 1973 1024 'amort

269 1065 445 1118 vivere
484 1081 603 1115 cum
640 1075 810 1117 amata
845 1064 1062 1132 placide,
1096 1066 1426 1134 requiescere
1464 1084 1644 1118 secure
1680 1068 1735 1118 in
1771 1067 1974 1118 lacertis

271 1160 396 1226 eiuS,
433 1158 680 1227 adspectu
713 1169 764 1210 et
795 1177 895 1210 usu
931 1159 1042 1210 eius
1078 1161 1187 1210 frui
1222 1161 1333 1211 sine
1369 1161 1523 1213 rivali
1557 1161 1614 1211 in
1651 1162 1974 1228 simplicitate

270 1266 321 1306 et
358 1255 726 1324 aequabilitate
767 1254 1031 1305 inturbata
1077 1255 1241 1318 vitae,
1270 1256 1395 1305 -hoc
1445 1254 1759 1306 desiderium
1811 1266 1871 1306 ut
1918 1257 1974 1305 in

268 1351 584 1400 carminibus
622 1347 688 1399 ad
724 1349 932 1400 Deliam
970 1366 1300 1416 expressum,
1335 1349 1410 1400 ita
1447 1349 1662 1402 omnino
1699 1350 1831 1401 nihil
1863 1368 1974 1402 ma-

267 1448 342 1512 gis
382 1446 757 1498 Tibullianum.
838 1446 976 1497 Hinc
1011 1448 1068 1497 in
1106 1463 1263 1496 carm.
1299 1446 1389 1508 IV,
1436 1449 1518 1495 13.
1530 1483 1544 1508 ‚
1602 1443 1748 1513 quod
1785 1444 1974 1512 Glyce-

265 1559 370 1606 rae,
404 1551 465 1592 ut
499 1540 745 1607 suspicati
778 1557 973 1605 sumus,
1007 1539 1254 1607 scriptum
1290 1540 1347 1589 in
1380 1539 1582 1591 schedis
1617 1541 1813 1592 mortui
1846 1558 1973 1607 poe-

265 1646 349 1687 tae
377 1645 645 1703 repertum
673 1645 763 1699 est,
798 1633 975 1687 videas
1005 1633 1222 1685 eandem
1251 1636 1557 1685 sententiam
1591 1637 1795 1702 egregio
1824 1638 1969 1688 loco:

409 1734 493 1783 Tu
532 1731 660 1781 mihi
698 1749 940 1782 curarum
975 1731 1213 1799 requies,
1248 1741 1303 1781 tu
1343 1741 1495 1782 nocte
1537 1732 1622 1783 vel
1657 1742 1770 1783 atra

478 1827 712 1891 Lumen,
749 1837 799 1878 et
833 1827 890 1877 in
931 1828 1054 1879 solis
1093 1837 1150 1878 tu
1188 1828 1318 1878 mihi
1353 1829 1510 1879 turba
1546 1828 1691 1880 locis.

407 1920 491 1973 Sic
529 1939 621 1987 ego
658 1922 866 1973 secretis
904 1939 1119 1989 possum
1155 1924 1292 1974 *bene
1334 1924 1509 1976 vivere
1548 1925 1705 1989 silv·i3‚

480 2017 599 2080 Qua
634 2020 778 2069 nulla
817 2019 1048 2069 humano
1087 2020 1153 2068 sit
1188 2021 1273 2071 via
1308 2021 1432 2070 trita
1472 2018 1623 2086 pede.

263 2120 325 2168 In
364 2134 471 2184 quo
513 2115 644 2165 mihi
676 2115 931 2182 imprimis
976 2117 1302 2182 praeclarum
1339 2115 1471 2165 illud
1505 2098 1725 2168 dictum:
1777 2127 1829 2167 tu
1861 2118 1975 2166 mihi

264 2232 491 2263 curarum
530 2216 725 2280 νειῃιίεε,
765 2214 1000 2276 observa,
1038 2212 1182 2280 quod
1224 2213 1480 2265 eiusmodi
1517 2225 1593 2264 est
1629 2225 1689 2265 ut
1724 2231 1833 2265 non
1871 2231 1969 2281 po-

262 2311 423 2360 tuerit
458 2309 657 2361 felicius
697 2309 919 2375 exprimi
949 2327 1077 2361 vera
1110 2320 1161 2360 et
1197 2310 1380 2360 intima
1413 2312 1547 2362 ratio
1585 2311 1802 2375 amoris,
1837 2329 1968 2380 qua-

261 2406 364 2456 lem
402 2405 645 2455 Tibullus
691 2406 1023 2471 sequebatur.
1108 2407 1167 2455 In
1212 2410 1389 2455 amoris
1434 2424 1521 2456 usu
1552 2407 1667 2456 soloe·
1694 2405 1968 2457 videbantur

263 2507 308 2552 ei
340 2519 495 2551 omnes
532 2518 705 2562 curae,
754 2509 932 2550 sanata
964 2510 1100 2549 erant
1139 2501 1403 2563 desideria,
1452 2500 1643 2550 sublata
1679 2501 1968 2551 dissonantia

257 2600 458 2664 pectoris
495 2597 678 2662 quaevis
693 2631 708 2655 ‚
744 2602 787 2642 et
823 2594 893 2641 ad
918 2594 1227 2660 placidiorem
1262 2603 1436 2644 statum
1473 2598 1748 2660 compositus
1781 2598 1966 2644 animus

246 2690 507 2757 fruebatur
540 2693 660 2739 intus
700 2707 914 2738 summae
933 2687 1175 2754 fhlicitatis
1213 2707 1364 2740 sensu.
1436 2689 1571 2740 Cum
1615 2699 1788 2741 autem
1822 2692 1965 2742 simi-

259 2788 322 2837 lis
359 2786 424 2836 sit
459 2784 642 2835 rustici
682 2784 776 2835 otii
811 2784 1174 2852 tranquillitas,
1212 2784 1379 2836 libera
1419 2785 1718 2852 ambitione,
1746 2785 1964 2854 -cupidi-

260 2881 466 2943 tatibus,
506 2879 672 2931 turbis
698 2879 933 2930 urbanae
968 2878 1118 2942 vitae,
1154 2879 1488 2946 perspicuum
1522 2891 1599 2931 est
1633 2898 1728 2931 cur
1763 2891 1965 2934 utrum-

262 2993 365 3043 que
404 2985 511 3026 tam
549 2985 686 3025 arcte
715 2974 1050 3025 coniunctum
1086 2975 1153 3025 sit
1186 2976 1243 3024 in
1275 2978 1372 3026 hac
1412 2977 1574 3043 poesi,
1614 2987 1673 3027 ut
1705 2975 1963 3030 videmus.

261 3068 365 3121 Sed
406 3087 513 3121 non
553 3069 826 3137 capiebant
864 3071 997 3122 hanc
1032 3070 1254 3123 idealem
1289 3075 1396 3124 vim
1433 3073 1624 3124 amoris
1661 3084 1711 3124 et
1746 3072 1961 3126 ditiores

261 3177 514 3218 amatores
569 3168 936 3235 praeferebant
990 3167 1222 3235 puellae,
1286 3186 1414 3236 quas
1459 3162 1670 3236 'perdite
1724 3162 1959 3221 amabat:

258 3261 399 3313 unde
450 3264 645 3314 sactum
692 3274 750 3312 ut
795 3263 905 3330 ipse
954 3266 1108 3314 etiam
1148 3265 1307 3330 magis
1354 3265 1618 3332 magisque
1666 3264 1958 3331 voluptates

260 3359 464 3424 fugaces
497 3369 794 3428 quaereret,
849 3358 941 3427 qui
976 3360 1111 3413 vitae
1149 3360 1340 3412 sociam
1379 3377 1486 3411 non
1518 3358 1827 3424 invenisset3
1876 3359 1957 3410 in-

2042 3206 2066 3254 ,Ἰ

2035 3261 2063 3314 lg*

2046 3329 2060 3346 ΙΙ

2048 3351 2060 3367 r:

2054 3468 2056 3476 >

2036 3593 2052 3622 ,⁸¹
