2158 3750
279 242 378 287 198
680 230 1150 288 COMMENTAR.
1181 232 1258 286 IN
1293 232 1584 288 TIBULLI

277 391 465 435 sequens
506 383 552 421 et
591 378 684 432 ipse
727 374 771 417 in
811 371 894 417 hoc
933 372 1172 430 priscorum
1200 372 1361 416 rituum
1391 374 1617 419 rationem.
1653 398 1705 407 —
1749 374 1977 420 Hostia·

279 461 428 516 Vulgo
456 458 597 502 hostia
626 461 840 500 mactatur
871 456 1092 514 placandis
1123 456 1230 512 diis,
1261 463 1310 500 ut
1340 462 1537 512 constat,
1566 470 1667 501 cum
1694 460 1978 516 supplicatur,

278 545 452 588 victima
481 546 625 584 autem
662 541 718 584 ad
749 542 911 597 gratias
942 542 1191 586 referendas
1221 547 1323 599 post
1361 555 1434 586 res
1474 543 1587 587 bene
1616 548 1777 599 gestas.
1835 544 1979 604 Pecu-

279 625 374 669 liari
405 637 535 667 sensu
566 622 707 668 hostia
740 623 856 668 dicta
889 623 1084 678 videtur,
1120 637 1249 680 quam
1279 625 1559 669 immolabant
1585 630 1664 668 aut
1692 624 1906 670 vovebant
1932 630 1982 668 ut

278 709 426 752 hostes
453 712 720 754 arcerentur.
766 708 907 752 Ovn).
937 710 1056 753 Fast.
1086 709 1125 764 1,
1164 712 1281 753 3362
1325 707 1552 752 Hostibus
1589 722 1620 750 a
1659 707 1791 750 motis
1830 706 1985 750 hostia

277 805 434 834 nomen
456 789 609 833 habet·
666 792 874 835 Fsss'rus:
905 789 1076 834 Hostia
1108 789 1384 848 sacrtJficium
1412 789 1534 851 quod
1557 788 1756 833 Laribus
1783 788 1984 832 immola-

277 883 386 922 tur,
423 874 545 934 quod
572 873 631 917 ab
668 874 762 919 illis
804 875 954 918 hostes
993 873 1140 918 arceri
1170 873 1425 932 putabant.
1481 873 1610 919 Unde
1647 872 1819 926 hostilii
1846 873 1986 917 Larae

278 955 383 1008 dicti
421 956 574 1001 eodem
615 957 768 1001 Fsssro
810 962 938 1002 teste.
998 957 1066 1000 De
1094 956 1251 1001 iisdem
1279 957 1581 1001 Pnopnnwms
1611 958 1802 1014 loquitur
1830 957 1912 1012 111,
1940 960 1985 1011 3,

279 1043 364 1084 11:
414 1039 803 1101 Hannibalemque
832 1045 977 1083 Lares
1016 1042 1225 1083 Romana
1271 1039 1374 1084 sede
1407 1040 1652 1100 fugantes.
1713 1042 1858 1096 Atque
1902 1039 1985 1083 huc

279 1137 394 1168 nunc
423 1127 618 1182 respexit
649 1126 779 1170 etiam
802 1125 1019 1179 Tibullus,
1048 1126 1216 1169 Vossm
1247 1135 1424 1179 quoque
1453 1125 1610 1169 iudice.
1632 1147 1693 1157 -
1722 1135 1804 1178 my
1818 1123 1986 1167 stica·

279 1207 480 1251 Dubitari
520 1208 692 1263 quidem
732 1220 818 1251 non
864 1219 994 1264 posse
1022 1204 1195 1248 videtur
1226 1205 1406 1248 Larium
1435 1218 1560 1248 sacra
1587 1204 1878 1248 similitudinis
1906 1205 1989 1248 ali·

279 1290 384 1344 quid
415 1289 615 1334 habuisse
645 1304 744 1334 cum
784 1291 958 1334 Cereris
986 1290 1108 1334 cultu
1139 1288 1316 1345 (confer
1346 1302 1458 1344 quae
1486 1293 1612 1333 notat
1641 1289 1904 1332 Mfinnssuus
1933 1289 1989 1333 de

280 1372 482 1418 Etruscis
513 1375 568 1418 T.
600 1376 659 1420 11.
689 1390 733 1432 p.
765 1378 839 1418 94.
870 1375 1018 1432 102),
1048 1375 1124 1419 sed
1156 1378 1302 1418 tamen
1331 1371 1402 1417 hic
1431 1373 1617 1416 alienum
1647 1371 1798 1415 iudico·
1823 1369 1991 1427 epithe-

281 1462 357 1500 ton
386 1457 580 1516 mystica
619 1461 847 1504 meliorum
890 1459 1087 1504 codicum
1131 1471 1230 1503 cum
1274 1459 1468 1502 Hanno
1507 1458 1721 1513 aliisque,
1765 1461 1812 1500 et
1840 1467 1990 1500 verum

280 1535 423 1583 liabeo
453 1540 653 1589 rustica,
701 1541 817 1597 quod
860 1541 1064 1586 confundi
1093 1542 1139 1584 in
1171 1540 1394 1585 codicibus
1425 1553 1523 1584 cum
1553 1541 1629 1584 illo
1660 1539 1828 1584 monuit
1853 1538 1992 1583 Hs!-

280 1633 403 1665 Μῦς.
463 1622 687 1669 Promittit
714 1626 915 1670 Tibullus
946 1627 1154 1670 rusticum
1195 1638 1376 1683 porcum
1421 1638 1478 1669 ex
1524 1625 1663 1682 copiis
1701 1624 1828 1668 ruris.
1899 1622 1992 1667 Sed

282 1707 544 1752 obscuriora.
563 1716 664 1753 sunt
694 1708 765 1754 liic
793 1712 893 1755 alia.
953 1710 1111 1755 Lectio
1138 1710 1365 1756 codicum=
1392 1711 1720 1767 Hostiaque
1751 1723 1778 1755 e
1807 1711 1995 1768 ple-aa,

282 1802 382 1833 cum
413 1791 548 1834 verbo
580 1806 729 1837 carere
758 1794 979 1850 videatur,
1002 1797 1221 1840 >Puccws
1253 1794 1523 1840 emendavit:
1544 1792 1718 1837 :hostia
1743 1791 1833 1837 erit
1857 1792 1996 1852 plena

284 1877 370 1917 etc.
416 1874 535 1928 qued
564 1878 697 1932 vulgo
730 1884 968 1935 receptum.
1029 1882 1088 1923 At
1122 1881 1236 1924 enim
1267 1886 1336 1924 est
1366 1881 1430 1924 sic
1459 1880 1747 1923 intolerabilis
1775 1878 1992 1922 ablativus

278 1951 418 2008 plena
446 1955 565 1998 hara
597 1971 662 2014 pr.
705 1972 731 2003 e
772 1961 900 2016 plena
931 1959 1061 2014 hara,
1105 1963 1240 2006 veluti
1283 1963 1391 2007 alias
1422 1961 1608 2016 dicitur,
1654 1963 1792 2006 Ovln.
1821 1962 1994 2004 Amorr-

283 2037 366 2092 111,
398 2042 469 2093 13,
495 2043 578 2084 14:
622 2049 669 2083 et
698 2043 842 2088 minat·
869 2059 928 2085 ex
959 2045 1123 2086 humili
1154 2045 1341 2088 victima
1365 2061 1534 2104 porcus
1563 2046 1707 2101 hara,
1746 2053 1824 2090 aut
1851 2047 1993 2090 Vino.

284 2117 444 2176 Eclog.
472 2121 511 2176 I,
541 2127 569 2166 7
583 2138 595 2166 ε
642 2122 770 2167 illius
799 2139 928 2168 aram
958 2141 1091 2183 saepe
1122 2135 1246 2170 tener
1287 2128 1457 2172 nostris
1496 2127 1555 2171 ab
1596 2127 1788 2172 ovilibus
1827 2127 1997 2171 imbuet

288 2219 452 2262 agnus.
527 2206 625 2250 Nec
655 2208 1000 2255 Knmnwounr.
1032 2225 1184 2255 verum
1213 2213 1322 2256 vidit
1345 2227 1514 2270 porcus
1537 2212 1676 2270 plena
1704 2214 1824 2257 hara
1852 2215 1996 2272 expli-

285 2299 390 2330 cans
421 2302 464 2344 p.
495 2302 606 2344 quae
638 2296 705 2334 est
737 2292 779 2334 in
810 2293 939 2347 plena
980 2290 1110 2346 hara;
1155 2306 1255 2337 nam
1285 2299 1331 2337 et
1363 2294 1592 2338 durissima
1634 2300 1702 2339 est
1740 2294 1850 2339 haec
1888 2309 1996 2340 con-

286 2373 493 2426 structio,
535 2386 621 2417 non
652 2376 902 2419 confirmata
932 2379 1135 2434 exemplo
1165 2379 1301 2422 multo
1332 2379 1496 2423 leniore
1523 2392 1594 2437 ap.
1626 2380 1728 2423 Su..
1757 2378 1886 2425 Iun.
1916 2378 1999 2434 XI,

286 2456 313 2497 1
346 2468 467 2510 sqq.=
521 2458 657 2500 Nunc
699 2473 783 2519 age
823 2464 946 2520 quos*
978 2461 1127 2507 clades
1167 2461 1360 2522 insignis
1393 2465 1569 2523 Iapyge
1610 2479 1766 2522 οαηφο
1799 2461 1999 2508 Ver-terit

286 2537 353 2580 ad
378 2538 573 2597 Libyam
607 2542 799 2600 populos
841 2547 1134 2605 Sarranaque
1168 2553 1324 2588 castra
1353 2546 1629 2604 Expediam,
1677 2560 1760 2590 nec
1797 2545 2000 2590 convenit

290 2622 391 2668 huic
422 2626 548 2681 loco,
578 2628 653 2672 ubi
687 2631 952 2686 praepositio
982 2645 1030 2676 e,
1063 2645 1118 2672 ex
1147 2631 1395 2686 requiritur.
1457 2630 1526 2674 Ne
1553 2632 1718 2684 multa3
1747 2630 1888 2674 teneri
1917 2629 1998 2673 de-

287 2705 364 2749 bet
388 2709 563 2763 antiqua
590 2711 723 2754 lectio
753 2716 800 2755 et
830 2713 951 2768 iungi
980 2712 1094 2756 haud
1117 2713 1248 2757 dubie
1269 2714 1358 2757 sicz
1385 2712 1458 2756 At
1485 2711 1609 2756 nobis
1633 2720 1810 2759 aerata,
1839 2716 1998 2760 Lares,

288 2788 496 2847 depellite
536 2793 658 2841 tela,
701 2795 943 2856 hostiaque
987 2799 1079 2841 scil.
1122 2798 1316 2854 depellat
1355 2811 1408 2841 ea
1434 2812 1598 2854 porcus
1639 2813 1665 2838 e
1687 2796 1827 2854 plena
1866 2796 2000 2843 hara,

290 2886 418 2928 quam
454 2872 520 2918 his
563 2877 709 2920 verbis·
749 2891 894 2920 voveo
927 2879 1051 2922 vobis
1093 2879 1149 2921 ad
1191 2880 1401 2923 arcendos
1432 2879 1617 2924 hostium
1646 2881 1772 2923 ictus.
1830 2879 1883 2923 In
1913 2891 2000 2934 qua

292 2958 613 3002 constructione
639 2972 694 3002 ne
722 2961 882 3004 clames
910 2975 1110 3016 magnam
1138 2963 1339 3007 duritiam
1365 2965 1533 3019 inesse3
1560 2962 1999 3020 significantervcredo

294 3039 354 3080 ita
395 3040 507 3083 dixit
551 3049 730 3098 propter
770 3045 990 3087 notionem
1035 3044 1203 3090 hostiae
1247 3049 1480 3104 propriam.
1553 3049 1761 3091 Ceterum
1792 3045 1908 3090 conf.
1937 3045 1996 3099 Π,

294 3121 338 3171 4,
374 3124 449 3166 29.
509 3125 587 3167 Sic
628 3126 773 3168 omnia
811 3128 954 3180 clara3
1005 3130 1130 3172 simul
1176 3144 1288 3173 nunc
1328 3131 1486 3173 iterum
1520 3129 1640 3173 vides
1681 3129 1912 3185 displicere
1954 3142 1995 3170 v.

290 3202 496 3258 mystica,
531 3205 741 3260 siquidem
773 3208 889 3262 quod
919 3223 1053 3265 porco
1085 3225 1179 3255 eam
1211 3213 1295 3256 vim
1326 3213 1476 3255 tribuit
1507 3213 1723 3265 Tibullus,
1750 3211 1795 3256 in
1827 3225 1884 3255 eo
1912 3224 1995 3268 po-

292 3284 489 3338 pularem
530 3288 774 3343 opinionem
804 3292 1027 3346 sequitur,
1074 3306 1155 3336 nec
1200 3293 1256 3336 de
1299 3295 1492 3349 mysticis
1536 3294 1772 3338 ratIonibus
1813 3294 1993 3351 cogitat,

293 3381 374 3412 uec
405 3368 551 3415 dicere
581 3372 672 3415 vult
701 3386 751 3419 se
778 3375 983 3431 mysticas
1013 3377 1201 3421 rationes
1231 3377 1274 3421 in
1304 3390 1356 3421 ea
1386 3391 1434 3422 re
1465 3379 1602 3433 sequi.
1631 3398 1689 3415 --
1733 3378 1788 3422 V.
1817 3380 1878 3421 2⁴1
1897 3389 1991 3432 sqq.

2146 2941 2155 2957 ι
2153 2865 2158 2878 -
2152 2838 2158 2853 ..
2140 2638 2158 2830 &rw
