2158 3750
347 307 448 352 170
745 294 1212 350 COMMENTAR.
1247 292 1323 346 IN
1361 292 1644 346 TlBULLl

346 440 572 490 interiora,
616 438 882 488 amictus,
914 434 1028 488 quod
1061 433 1255 477 vestibus
1284 433 1628 489 superiniicitur,
1658 434 1714 477 cf.
1745 435 2037 478 Baoucxncs.

344 523 398 566 ad
431 522 471 564 h.
505 523 532 564 l.
562 524 605 562 et
635 518 866 561 Faunum
898 520 1090 561 Analect.
1123 517 1177 559 ad
1208 518 1320 560 Rem
1351 518 1473 560 Vest.
1509 531 1547 560 c.
1579 519 1652 561 25.
1672 541 1730 550 -—
1761 518 2037 573 Ansaque.

346 606 406 647 Ut
436 603 677 657 gracilitate
707 601 863 656 pedum
906 600 1123 654 placeret,
1172 598 1362 654 vinculis,
1391 598 1550 653 pedum
1589 598 1844 641 arctioribus
1885 599 2038 642 uteba-

343 691 425 728 tur.
489 684 547 726 Et
592 684 828 737 colligit
871 687 959 724 est:
1007 680 1247 735 contrahit,
1299 686 1497 735 coercet,
1552 682 1593 723 iu
1635 684 2038 736 augustum‘cogit.

344 768 530 810 VIRGIL.
560 767 664 809 Aen.
697 765 797 820 ΧΠ,
826 768 943 808 862:
989 763 1135 807 Alitis
1176 765 1223 806 in
1262 779 1437 821 parvae
1477 762 1674 805 subitam
1704 763 1890 806 collecta
1909 763 2039 822 figu-

341 862 452 894 ram,
483 848 557 890 ubi
586 846 639 890 cf.
674 848 840 890 Hnms.
901 847 1042 889 Porro
1074 847 1292 889 Appunm.
1326 847 1450 901 Apol.
1485 861 1526 902 p.
1558 849 1673 889 247:
1709 845 1847 902 Cupio
1878 860 1944 887 me
1979 846 2040 885 ad

337 931 556 987 pauciora
583 944 798 976 coercere,
825 936 957 970 tanto
990 927 1159 970 beatior
1180 928 1384 986 futurus
1417 937 1588 987 quanto
1618 928 1855 971 collection
1916 929 2039 972 Haec

343 1021 388 1056 et
419 1015 503 1056 alia
534 1013 662 1056 habet
691 1013 991 1056 Bnoucxnns.
1051 1012 1228 1066 lamque
1257 1013 1374 1054 finita
1407 1018 1473 1054 est
1503 1013 1858 1055 enumeratio.—-
1888 1013 1941 1055 V.
1970 1016 2038 1055 15.

344 1097 480 1150 Illa,
528 1095 708 1139 Pholoe.
771 1094 885 1135 Tum
918 1094 1143 1135 inculto
1186 1106 1308 1147 ore,
1348 1096 1558 1148 neglectis
1589 1095 1830 1148 munditiis,
1876 1100 1920 1138 et
1951 1108 2040 1138 ve·

343 1181 502 1223 nerit
547 1184 638 1221 est:
686 1178 730 1219 in
761 1180 1038 1231 conspectum
1068 1175 1259 1227 venerit,
1304 1176 1648 1231 conspiciendam
1687 1189 1737 1219 se
1778 1177 2039 1232 praebuerit.

341 1265 431 1306 visa
463 1262 619 1314 suerit,
666 1264 715 1302 ut
757 1259 835 1311 IV,
864 1261 908 1311 2,
941 1260 1012 1299 12.
1073 1257 1180 1299 Aliis
1210 1258 1252 1299 in
1284 1258 1392 1300 locis
1421 1263 1589 1300 vertasz
1634 1258 1863 1301 convenire
1891 1269 2037 1300 aman-

339 1351 425 1388 tem
458 1349 589 1387 noctu
623 1347 668 1385 et
696 1341 864 1397 copiam
895 1341 961 1382 sui
992 1339 1163 1392 facere,
1209 1344 1259 1382 ut
1288 1339 1525 1382 Paovnnw.
1557 1339 1615 1392 ΙΙ,
1650 1341 1718 1392 14,
1745 1342 1821 1383 20.
1862 1343 1936 1392 18,
1966 1343 2036 1382 30.

336 1430 409 1480 22,
442 1429 514 1469 46.
578 1426 706 1467 Hunc
734 1436 906 1467 sensum
938 1423 1102 1467 videbis
1134 1425 1262 1466 etiam
1293 1424 1405 1465 infra
1433 1427 1477 1475 9,
1508 1425 1580 1465 43.
1610 1445 1668 1454 —
1701 1422 1868 1465 tarda
1897 1429 2039 1475 arte,

336 1509 594 1563 diligenter,
644 1518 901 1561 quamquam
957 1505 1131 1547 omnino
1178 1503 1392 1547 tardiores
1447 1504 1657 1556 feminae,
1717 1513 1767 1548 ut
1823 1505 2038 1549 Tannum.

336 1593 496 1636 Heaut.
519 1591 577 1643 II,
599 1593 644 1643 2,
678 1593 746 1632 11.
777 1590 838 1632 ait
867 1588 1070 1632 laudante
1100 1589 1306 1632 Vunmo:
1337 1588 1458 1630 nosti
1486 1602 1625 1630 mores
1655 1585 1901 1634 mulierum,
1933 1586 2037 1628 dum

337 1680 572 1715 comuntur
611 1685 759 1712 annus
801 1677 885 1712 est.
919 1693 975 1702 —
1026 1671 1221 1724 Denique
1263 1667 1485 1725 epitheton
1525 1669 1769 1712 nitidum
1813 1680 1893 1723 per
1933 1681 2037 1725 pro-

336 1755 473 1812 lepsin
517 1754 779 1796 notissimam
823 1751 984 1795 dictum
1026 1764 1090 1807 pr.
1139 1757 1188 1794 ut
1229 1752 1376 1794 niteat.
1439 1751 1668 1794 Uberrime
1711 1747 1819 1792 hanc
1857 1750 2037 1804 figuram

333 1839 562 1881 illustravit
604 1837 859 1880 Hennaeus
902 1835 958 1878 ad
999 1833 1136 1891 Sopb.
1180 1834 1293 1878 Oed.
1333 1834 1429 1879 Col.
1470 1847 1509 1877 v.
1551 1835 1681 1878 1194.
1741 1833 1941 1877 Tibullus
1986 1843 2036 1877 ea

338 1923 474 1964 utitur
504 1920 633 1962 etiam
663 1919 798 1972 alias,
829 1916 886 1960 cf.
917 1916 972 1959 ad
1002 1916 1039 1970 I,
1071 1919 1113 1969 1,
1143 1919 1243 1960 36..

450 2005 504 2047 V.
538 2005 710 2044 17-26.
773 2002 935 2047 Quae
965 2001 1042 2043 sit
1073 2001 1238 2054 origo
1268 2000 1417 2046 mali.
1448 2023 1507 2034 -

451 2086 506 2127 V.
542 2087 596 2126 17
614 2096 678 2137 sq.
711 2082 1072 2139 pallentibus
1097 2079 1312 2133 herbis,
1338 2080 1380 2124 h.
1399 2094 1438 2124 e.
1471 2094 1582 2136 quae
1601 2081 1809 2138 pallorem
1829 2080 2034 2134 efficiunt,

331 2168 468 2224 pallor
505 2171 651 2209 autem
690 2163 931 2207 amantibus
962 2162 1187 2216 tribuitur,
1237 2166 1288 2204 ut
1319 2166 1514 2215 constat,
1561 2163 1695 2205 veluti
1724 2163 1965 2206 Pnorssa'r.
1995 2163 2033 2216 1,

329 2253 372 2302 5,
403 2253 476 2294 21.
538 2248 878 2301 Metouymicum
918 2259 1044 2289 usum
1085 2259 1126 2289 v.
1163 2245 1341 2302 pallens
1381 2247 1608 2289 confirmat
1637 2246 1777 2289 Ovm.
1809 2247 1902 2290 Art.
1934 2247 2031 2292 Am.

328 2333 382 2384 ll,
421 2335 530 2374 105:
580 2344 656 2372 nec
688 2329 801 2370 data
824 2325 1089 2385 profuerint
1123 2325 1350 2383 pallentia
1376 2326 1554 2383 philtra
1578 2326 1769 2383 puellis,
1813 2331 1860 2371 et
1890 2329 2033 2372 Pus.

327 2417 420 2459 Sat.
452 2417 506 2468 V,
537 2417 614 2458 55.
673 2413 798 2457 Adde
838 2425 969 2468 supra
1010 2425 1049 2454 v.
1084 2415 1155 2454 11.
1190 2425 1322 2453 succo
1369 2411 1652 2467 splendente,
1697 2417 1744 2455 et
1777 2410 1918 2470 pigra
1935 2412 2033 2470 fri-

323 2511 437 2554 gora
467 2497 502 2550 Ι,
532 2499 576 2549 2,
607 2498 679 2538 31.
721 2499 770 2537 ut
813 2500 914 2537 sunt
960 2496 1209 2551 φρίσσοντες
1253 2489 1410 2550 ὄμβροι
1452 2495 1658 2537 PINDAR·
1686 2493 1818 2549 Pytb.
1847 2494 1927 2549 IV,
1958 2498 2030 2540 81..

326 2579 600 2632 Quamquam
632 2577 766 2632 igitur
797 2575 1002 2620 hactenus
1031 2576 1136 2618 satis
1177 2574 1399 2618 defensum
1443 2581 1510 2619 est
1540 2575 1850 2632 pallentibus,
1895 2579 2034 2632 magis

326 2667 468 2704 tamen
498 2662 642 2716 placet
673 2660 916 2703 emendatio
948 2659 1310 2716 pollentibus
1341 2660 1383 2701 in
1414 2660 1510 2701 aliis
1540 2660 1764 2702 codicibus
1794 2661 1937 2712 lecta,
1985 2665 2031 2702 ut

324 2742 549 2786 notissimo
588 2756 671 2785 usu
718 2742 877 2786 herbae
919 2746 1139 2787 veneficae
1182 2742 1395 2792 dicuntur.
1458 2742 1570 2786 Nam
1602 2742 1656 2786 de
1686 2744 1730 2786 vi
1759 2744 2028 2799 et·potautia

322 2825 478 2880 insigni
502 2819 765 2881 magicarum
787 2838 931 2869 rerum
960 2824 1030 2868 hic
1055 2826 1290 2879 agitur.--
1319 2826 1502 2868 tacito
1534 2830 1790 2880 tempore
1819 2825 2026 2882 noctis,

324 2907 382 2950 cf.
413 2909 467 2951 ad
499 2909 534 2962 1,
566 2912 609 2962 2,
633 2913 781 2952 63.-
812 2909 866 2952 V.
888 2911 944 2949 19
966 2920 1060 2961 sqq.
1093 2907 1318 2950 Cantus.
1349 2909 1514 2950 Sensus
1545 2911 1816 2963 sequentium
1846 2909 2030 2955 duorum
2097 2938 2103 2948 ·

322 2990 600 3034 distichorum
635 2990 703 3033 hic
735 2995 830 3032 est:
873 2989 1057 3031 Carmen
1089 2989 1303 3044 magicum
1335 2994 1380 3032 et
1410 2990 1453 3032 in
1485 2995 1601 3033 terra
1632 2995 1678 3033 et
1710 2990 1752 3032 in
1785 2992 1908 3035 caelo
1944 3005 2025 3048 po-

324 3077 419 3115 tens
462 3076 542 3116 est.
577 3094 634 3103 —
682 3070 884 3125 fruges
926 3070 1186 3114 traducit
1234 3072 1299 3114 ab
1345 3073 1516 3127 agris.
1577 3073 1699 3117 Idem
1744 3074 1842 3118 vide
1888 3075 2026 3119 Vme.

328 3155 483 3210 Eclog.
515 3155 636 3208 VIII,
666 3157 739 3197 99.
802 3154 912 3197 Add.
951 3156 1087 3199 an.
1116 3155 1283 3208 XVIII,
1314 3159 1357 3209 6,
1389 3160 1433 3198 8.
1493 3155 1730 3199 Dicebatur
1759 3170 1830 3200 res
1859 3171 2029 3199 excan-

325 3243 424 3277 tare
445 3236 629 3294 fruges,
659 3242 897 3279 memorata
928 3238 1011 3280 iam
1042 3239 1085 3280 in
1117 3238 1216 3280 Xll.
1250 3237 1448 3279 Tabulis.
1476 3261 1534 3269 --
1565 3236 1792 3281 detinet
1821 3240 2026 3294 anguis

322 3322 461 3373 iter,
502 3325 741 3363 remoratur
772 3333 956 3375 anguem
987 3334 1042 3364 ne
1072 3321 1237 3363 irruere
1269 3321 1419 3376 possit,
1450 3319 1611 3363 inhibet
1641 3333 1695 3363 ne
1725 3322 1822 3364 loco
1853 3334 2026 3365 movere

320 3415 369 3445 se
412 3404 563 3458 possit.
629 3403 738 3448 Vide
780 3403 835 3446 de
881 3401 963 3448 hoc
1005 3405 1187 3460 aliisque
1231 3403 1527 3449 incantationis
1571 3403 1711 3448 modis
1749 3405 2023 3461 serpentibus
