2158 3750
701 270 885 325 LIBR.
920 273 987 325 ll.
1059 273 1261 326 ELEG.
1297 275 1390 327 111.
1788 286 1890 330 239

193 417 229 472 1,
260 419 333 460 40.
378 423 422 460 et
454 417 639 470 XXXV,
670 421 712 460 8.
750 423 794 460 et
826 417 1152 462 Hssmnonmus
1183 417 1237 459 ad
1270 417 1423 462 Horat.
1459 418 1486 460 l.
1522 419 1595 461 cit.
1640 420 1752 461 male
1785 432 1890 461 con—

190 499 372 542 tendunt
414 499 518 540 dum
561 513 627 556 pr.
661 500 831 544 interim
874 501 975 543 dum
1015 514 1186 556 semper
1230 507 1275 544 et
1316 501 1477 557 ubique
1517 515 1616 546 cum
1656 501 1889 547 indicativo

189 584 431 638 praesentis
459 583 606 641 iungi,
636 584 746 626 bene
777 584 987 639 exemplis
1016 582 1099 626 hoc
1130 583 1333 626 refutavit
1365 583 1633 627 Huscnrcms
1663 584 1717 628 ad
1748 597 1788 628 v.
1817 589 1890 629 19.

185 663 308 707 infra.
371 664 496 708 Adde
525 663 855 731 Hunc-memmi
887 664 912 705 Ι.
946 664 1017 705 cit.
1050 685 1109 692 —

305 749 360 791 V.
394 734 593 792 n-anj
620 746 867 791 Medium
897 758 1135 788 carmen.
1194 747 1336 790 Pars
1365 748 1557 804 prima.
1611 749 1686 793 De
1717 753 1890 807 Apol-

187 829 303 872 line
334 830 632 872 serviente
660 829 809 885 apud
842 829 1147 872 Admetum.

302 912 647 966 Descriptionum
678 911 794 951 nulla
824 909 938 964 apud
971 909 1218 963 Tibullum,
1249 914 1464 965 quotquot
1497 917 1621 966 sunt,
1663 915 1755 958 siue
1785 916 1886 971 lege

183 992 419 1046 composita
461 996 554 1044 est;
599 991 786 1034 diximus
826 991 882 1034 de
924 990 990 1034 his
1034 992 1204 1047 legibus
1243 994 1285 1035 in
1319 994 1635 1040 Dissertatione
1667 999 1722 1041 de
1756 1001 1888 1043 Poesi

183 1073 348 1137 'gibuni
388 1087 484 1130 cap.
514 1074 573 1117 11.
637 1075 876 1121 Quaeritur
916 1076 1051 1130 igitur
1090 1077 1219 1118 etiam
1251 1075 1343 1130 hic,
1384 1091 1469 1132 qua
1501 1079 1709 1124 divisione
1743 1095 1887 1126 rerum

99 1169 102 1172 ·
179 1171 286 1215 usus
312 1160 368 1202 sit
398 1159 555 1215 poeta,
590 1173 682 1220 ,nec
712 1161 806 1203 sine
845 1168 976 1203 causa
1017 1172 1130 1203 nunc
1162 1158 1270 1203 hanc
1309 1163 1606 1215 quaestionem
1650 1177 1886 1211 movemus.

178 1240 327 1284 Habet
370 1241 604 1299 descriptio
647 1255 833 1298 sequens
873 1243 1096 1287 introitum
1139 1258 1178 1286 v.
1215 1247 1388 1290 11-14.
1431 1252 1660 1302 antequam
1699 1250 1754 1292 ad
1796 1252 1887 1294 sin-

178 1324 283 1379 gula
313 1323 561 1379 descendat,
593 1329 639 1367 et
667 1323 954 1381 epiphonema
984 1330 1025 1367 v.
1056 1330 1234 1370 29-32.
1297 1329 1526 1374 Quaenam·
1554 1345 1658 1374 vero
1689 1335 1733 1376 in
1763 1339 1886 1379 cete-

178 1408 238 1451 ris
269 1409 341 1450 lex
382 1408 742 1467 compositionis?
801 1408 959 1464 Neque
991 1411 1106 1452 enim
1137 1411 1243 1454 satis
1283 1416 1349 1453 est
1391 1415 1530 1456 varias
1572 1428 1643 1458 res
1685 1431 1887 1471 narrare3

178 1492 336 1536 debent
366 1494 468 1550 eligi
496 1506 607 1548 quae
635 1496 776 1537 totum
805 1496 996 1538 suaviter
1029 1495 1233 1539 efficiant.
1310 1496 1489 1540 Videbis
1520 1505 1666 1543 autem
1699 1503 1885 1556 primum

178 1577 265 1621 dici
295 1577 351 1621 de
380 1578 570 1632 negotiis
599 1578 771 1624 rusticis
801 1578 886 1633 dei,
917 1579 1074 1629 deinde
1107 1580 1252 1623 afferri
1285 1577 1477 1623 habitum
1506 1584 1701 1638 corporis
1733 1586 1885 1639 negle-

175 1664 318 1713 ctum,
360 1660 600 1715 inornatum
629 1667 760 1718 caput
789 1663 1016 1720 crinesque
1047 1665 1237 1718 solutos,
1278 1664 1466 1719 denique
1495 1664 1804 1711 habitationem
1838 1671 1881 1712 in

174 1757 306 1799 parva
337 1722 443 1787 casa
469 1747 836 1793 commemor-am
884 1749 999 1792 Sunt
1039 1748 1173 1803 igitur
1216 1747 1447 1792 manifesto
1479 1751 1559 1792 tria
1593 1756 1810 1793 momenta
1842 1753 1883 1794 vi

174 1827 309 1881 paria,
340 1827 496 1882 quibus
526 1827 761 1893 descripsit
784 1830 1055 1887 pastoritiam
1087 1830 1379 1872 conditIOnem
1406 1832 1632 1887 Apollinis,
1663 1845 1715 1874 ac
1747 1834 1884 1887 liquet

174 1921 273 1951 eum
314 1911 540 1954 commode
572 1912 637 1954 sie
677 1911 952 1968 complexum
983 1924 1082 1954 esse
1112 1916 1265 1954 totum.
1327 1911 1526 1967 Reliquit
1560 1914 1666 1956 deus
1707 1927 1884 1957 munera

169 1980 1021 2056 divina,3deposuit’fornja5'53euorem,
1061 1993 1212 2036 incolit
1241 1991 1446 2036 humilem
1479 2007 1649 2047 casam,
1692 1996 1735 2037 in
1768 2001 1884 2038 tem-

106 2098 118 2107 -
168 2059 627 2138 plis-inustribufssqui
657 2058 1070 2131 habitin-'espossetz
1115 2075 1213 2129 quis
1256 2081 1389 2130 neget
1431 2075 1539 2119 haec
1581 2090 1677 2120 esse
1711 2079 1881 2133 potiora

160 2134 427 2219 discrimina,
457 2143 567 2210 quae
599 2156 1217 2213 distinguerentpastoritiam
1249 2159 1379 2201 vitam
1413 2173 1438 2200 a
1472 2159 1651 2202 divina?
1712 2161 1879 2204 Hacte-

87 2219 106 2288 ’,
158 2218 250 2279 ⁸nus
278 2237 413 2302 igitur
450 2238 564 2282 bene
603 2239 791 2294 factum3
833 2218 1040 2291 sednon
1072 2240 1213 2284 dicam
1249 2240 1332 2284 hoc
1364 2242 1419 2292 de
1450 2243 1631 2296 singulis
1664 2244 1877 2286 omnibus,

164 2318 294 2371 initio
324 2308 625 2377 descriptionis
656 2324 808 2367 lacuna
837 2328 932 2379 est,
976 2337 1063 2368 non
1099 2338 1209 2374 ‚sane
1247 2330 1406 2381 poetae
1445 2328 1603 2382 culpa3
1650 2332 1742 2370 tum
1773 2341 1879 2371 vero

172 2407 413 2455 sequuntur
457 2409 664 2457 quattuor
706 2404 892 2449 disticha
936 2419 978 2449 ν.
1018 2407 1192 2448 17-24.
1238 2407 1312 2448 ubi
1356 2407 1421 2450 bis
1463 2407 1725 2464 anaphoram
1769 2410 1880 2454 miro

168 2485 300 2529 modo
331 2489 568 2543 usurpavit.
632 2489 743 2534 Cum
774 2492 886 2535 enim
919 2490 1137 2548 anaphora
1169 2497 1414 2535 accuratam
1446 2493 1698 2536 divisionem
1730 2507 1875 2538 rerum

170 2568 383 2625 postulet,
430 2583 616 2625 quonam
644 2572 739 2616 iure
769 2573 949 2616 vitulum
980 2579 1197 2628 gestatum
1233 2579 1277 2616 et
1308 2575 1498 2616 carmiua
1530 2579 1658 2632 rupta
1689 2577 1874 2631 mugitu,

165 2668 252 2711 quo
282 2656 377 2699 iure
406 2657 580 2699 oracula
612 2661 657 2699 et
689 2659 868 2714 capillos
899 2659 1176 2715 composuit?
1239 2659 1426 2702 Volebat
1467 2661 1704 2716 pastoritiis
1735 2675 1876 2716 nego-

132 2740 236 2810 ‘tiis
277 2742 523 2784 memoratis
563 2746 714 2786 contra
759 2756 938 2786 munera
979 2742 1122 2786 divina
1166 2742 1310 2785 dicere
1352 2745 1511 2786 omissa
1558 2748 1633 2787 aut
1677 2746 1875 2789 turbata:

162 2831 366 2881 rumpunt
404 2831 574 2869 cantum
615 2827 775 2882 boves,
823 2829 999 2871 oracula
1043 2829 1171 2883 plane
1215 2832 1386 2869 tacent:
1436 2827 1514 2870 sed
1546 2841 1643 2870 cum
1685 2826 1761 2871 has
1803 2841 1874 2872 res

162 2907 426 2962 coniungere
456 2907 635 2952 deberet
667 2922 751 2952 una
780 2909 1011 2967 anaphora,
1041 2912 1153 2953 male
1185 2924 1259 2953 eas
1292 2911 1466 2953 divulsit
1493 2916 1536 2954 et
1566 2916 1703 2954 totum
1733 2912 1874 2954 locum

162 3000 388 3043 perperam
426 2987 584 3031 divisit.
655 2989 764 3032 Dico
797 2990 930 3044 igitur
961 2991 1154 3033 ultimam
1185 3004 1359 3033 manum
1390 2989 1456 3034 his
1488 2992 1617 3035 rebus
1648 3005 1734 3036 non
1776 3005 1874 3036 esse

163 3069 395 3112 admotam.

282 3153 337 3195 V.
371 3156 421 3194 11
443 3166 507 3206 sq.
539 3151 782 3195 Admeti.
831 3152 977 3196 Locos
1002 3153 1056 3196 de
1087 3156 1264 3198 servitio
1296 3154 1378 3198 hoc
1403 3157 1614 3212 Apollinis
1647 3150 1870 3201 notisSimo

163 3234 365 3278 indicavit
407 3235 782 3277 Bnoucxnusms.
855 3236 1082 3292 Principes
1127 3243 1227 3280 sunt
1277 3239 1472 3281 Hermo
1522 3245 1699 3282 notante
1747 3241 1869 3284 Hom.

161 3319 213 3361 ll.
252 3318 436 3374 llnwa
469 3334 561 3375 sqq.
624 3320 914 3363 Cannnucu.
957 3323 1100 3378 Apoll.
1143 3338 1185 3366 v.
1218 3327 1274 3367 47
1319 3338 1414 3380 sqq.
1478 3326 1613 3368 Ovm.
1660 3327 1768 3369 Met.
1813 3327 1870 3379 ΙΙ,

158 3405 250 3445 680
279 3415 373 3458 sqq.
436 3406 671 3447 Aponon.
702 3404 739 3458 l,
771 3408 815 3459 9,
850 3408 918 3449 15.
980 3406 1202 3451 Tibullum
1235 3414 1335 3452 ante
1368 3409 1517 3451 oculos
1550 3407 1700 3451 habuit
1733 3410 1869 3451 Ovln.
