2158 3750
624 267 806 320 LlBR.
846 270 912 321 11.
986 271 1186 324 ELEG.
1222 273 1316 324 IV.
1719 281 1822 326 267

124 412 167 452 in
217 411 304 453 fine
345 413 642 459 antecedentis
688 417 888 460 carminis
931 416 1162 475 imperium
1209 417 1409 460 dominae
1450 417 1644 462 vidimus.
1719 417 1830 462 Cum

120 499 222 538 ante
255 495 439 541 dixeritz
485 499 656 543 Illius
693 502 825 556 lege
855 501 1137 545 colendus
1170 504 1364 556 Amor,
1409 506 1501 544 tum
1530 501 1578 544 si
1611 501 1828 550 iubeat,

120 576 223 630 quid
258 580 396 633 magis
426 587 758 627 consentaneum
789 597 918 639 quam
952 586 1086 628 etiam
1116 588 1160 628 in
1192 586 1324 628 tertio
1356 597 1483 628 versu
1513 583 1742 640 imperium
1772 583 1827 628 ad

122 663 308 715 puellam
336 665 527 709 referri?
585 667 707 723 Ergo
737 667 820 712 hoc
849 669 971 712 vult:
1018 675 1170 725 parete
1201 669 1412 712 voluntati
1445 668 1642 712 dominae
1671 673 1720 710 ut
1746 668 1828 711 im-

122 743 270 797 perio,
301 749 348 788 et
375 746 619 791 vendimini.
682 732 818 794 Quae*
838 750 954 792 clara
985 755 1114 803 sunt3
1156 754 1288 805 atque
1318 751 1423 793 satis
1453 757 1573 794 arcte
1604 751 1734 794 etiam
1752 750 1830 793 vsic

120 824 289 880 imperii
321 832 366 870 et
399 829 511 871 tituli
550 830 749 872 notiones
788 827 1050 884 cohaerent,
1090 830 1177 873 duo
1208 844 1312 874 vero
1343 844 1454 885 quae
1487 836 1706 887 ponuntur
1734 843 1830 875 mo-

122 916 265 952 menta
304 913 394 965 rei,
441 925 497 955 ne
539 912 679 966 fngiat
720 917 765 954 te
808 926 833 954 a
875 917 1004 968 poeta
1045 913 1146 969 ipso
1178 915 1361 970 repetita
1394 915 1714 970 praepositione
1744 912 1829 957 sub

120 990 339 1046 distingui.
368 1015 428 1023 -
484 993 537 1037 V.
570 996 630 1036 55
658 1006 754 1049 sqq.
816 994 1106 1050 Quicquid
1138 994 1308 1039 habet
1339 996 1514 1040 Circe
1544 1001 1628 1040 etc.
1660 997 1752 1040 scil.
1783 998 1827 1040 in

121 1074 280 1118 fabulis
321 1080 367 1119 et
396 1077 713 1120 narrationibus
754 1077 967 1134 antiquis,
1009 1079 1138 1135 plane
1179 1084 1228 1121 ut
1268 1085 1547 1136 comparante
1585 1080 1828 1123 thnsn-

121 1170 281 1200 memo
323 1158 445 1214 Virg.
492 1161 598 1202 Aen.
641 1159 678 1212 1,
724 1162 845 1203 316:
901 1159 975 1202 vel
1016 1159 1167 1218 qualis
1207 1175 1343 1219 equos
1394 1161 1603 1203 Threissa
1640 1160 1831 1219 fatigat

120 1237 412 1296 Harpalyce,
463 1241 536 1284 nbi
589 1255 675 1285 non
724 1248 793 1285 est
838 1241 1089 1287 historicum
1137 1244 1253 1299 quod
1305 1244 1464 1287 dicitur
1508 1257 1727 1300 praesens.
1769 1267 1827 1276 —

120 1321 404 1368 Thessala
446 1330 599 1370 terra
638 1327 809 1382 gerit.
873 1326 1054 1370 Confert
1099 1327 1464 1370 Bnoucxnusms
1506 1328 1629 1382 Virg.
1661 1329 1829 1381 Georg.

122 1405 180 1459 ll,
213 1409 313 1450 122.
376 1407 508 1451 Addit
549 1409 774 1453 Hssrmus
815 1410 942 1454 ovid.
985 1411 1096 1454 Met.
1138 1411 1217 1464 Xl,
1248 1415 1353 1454 615.
1394 1416 1439 1454 et
1481 1411 1565 1453 alia
1607 1411 1829 1454 vannus.

123 1491 190 1533 De
221 1490 419 1535 herbis
446 1491 709 1537 Thessalicis
738 1493 852 1537 conf.
874 1495 1048 1539 Locus.
1073 1494 1150 1548 VI,
1172 1497 1273 1537 438.
1337 1494 1540 1537 Ceterum
1567 1492 1667 1536 vide
1697 1494 1829 1536 etiam

122 1572 178 1614 ad
208 1573 243 1626 1,
268 1577 313 1628 2,
340 1576 414 1618 44.
443 1587 590 1632 supra.
620 1598 682 1608 —
725 1575 1031 1620 indomitis
1061 1577 1364 1632 gregibus,
1408 1576 1583 1619 libidine
1615 1577 1830 1631 Venerea,

121 1652 180 1697 cf.
210 1653 266 1696 ad
294 1654 353 1709 ΙΙ,
381 1658 424 1710 l,
454 1659 527 1699 68.
554 1679 614 1689 -·
655 1655 831 1700 afflat
861 1656 949 1703 vid.
979 1656 1037 1700 ad
1064 1657 1123 1712 Π,
1157 1661 1199 1711 1,
1228 1661 1303 1701 80.
1327 1681 1388 1690 -
1418 1658 1833 1715 Hippomanes,

122 1735 277 1780 humor
306 1751 362 1781 ex
393 1750 556 1794 equae,
589 1738 664 1782 ubi
694 1727 878 1784 Veneris
908 1740 1092 1784 stimulis
1122 1741 1325 1795 incaluit,
1358 1742 1465 1784 locis
1497 1742 1740 1796 eliquatus,
1775 1741 1831 1785 cf.

121 1819 360 1863 Pnonmrr-
389 1819 468 1875 lv,
503 1825 547 1875 5,
581 1824 654 1864 18.
713 1822 850 1867 Vlae.
881 1824 1048 1878 Georg.
1078 1822 1159 1876 111,
1188 1826 1280 1866 280
1309 1836 1403 1878 sqq.
1449 1823 1553 1878 ibiq.
1586 1824 1744 1868 HEYN.
1787 1829 1833 1867 et

123 1904 251 1948 Voss.
282 1905 418 1948 Pmn.
449 1904 567 1948 Hist.
598 1905 699 1949 Nat.
730 1905 939 1959 HVIII,
970 1907 1042 1949 11.
1075 1918 1111 1950 s.
1141 1910 1216 1948 80.
1281 1906 1528 1949 Utebantur
1557 1919 1611 1949 eo
1644 1907 1689 1949 in
1720 1906 1833 1963 phil-

123 1986 214 2028 tris.
238 2007 300 2020 —-
329 1987 517 2041 Mille,
548 1986 604 2030 cs.
632 1987 772 2030 Ovm.
804 1985 912 2029 Met.
943 1985 1042 2039 VII,
1072 1989 1178 2029 275.
1210 2009 1269 2017 -
1310 1986 1832 2031 ῐιιίεοοαῐ”ΨυΝ]>ιςιι-

52 2103 55 2106 .
123 2083 310 2113 memus
354 2071 570 2128 explicat=
619 2071 880 2123 admisceat,
928 2081 1184 2126 comparans
1224 2070 1366 2114 Vme.
1399 2071 1565 2126 Georg.
1598 2071 1678 2124 ΠΙ,
1715 2074 1834 2125 449.,

121 2157 252 2207 atque
291 2153 354 2197 ita
394 2149 774 2212 κιρνάμεν-ΡΜ».
813 2152 964 2197 Isthm.
994 2154 1071 2208 lv,
1104 2158 1180 2197 25.
1255 2153 1340 2196 Est
1385 2167 1489 2198 vero
1536 2155 1833 2199 coniunctivus

71 2232 75 2235 ’
123 2236 398 2280 concedentis
437 2251 502 2293 pr.
545 2238 713 2281 etiamsi
758 2237 1007 2283 admisceat.
1080 2238 1228 2284 Quare
1269 2237 1560 2280 constructio:
1611 2237 1835 2292 Quidquid

123 2319 239 2373 gerit
278 2323 324 2361 et
364 2317 480 2372 quod
520 2319 680 2372 stillat,
726 2319 764 2361 si
805 2319 935 2362 modo
973 2332 1044 2362 me
1077 2319 1250 2375 placido
1280 2319 1426 2362 videat
1465 2319 1666 2362 Nemesis
1695 2321 1834 2373 vultu,

125 2402 256 2444 etlam
286 2402 402 2445 mille
431 2402 527 2444 aliis
556 2400 700 2445 herbis
730 2402 959 2456 admixtis,
990 2403 1150 2446 bibam.
1181 2424 1242 2434 —-
1271 2403 1502 2446 Postremo
1533 2402 1588 2445 de
1618 2404 1835 2446 sententIa

125 2487 283 2539 poetae
313 2481 558 2526 videndum.
620 2482 764 2526 Dicit=
816 2482 917 2526 Non
957 2483 1097 2526 solum
1127 2482 1241 2527 bona
1273 2475 1388 2527 avita
1418 2483 1600 2528 vendam
1638 2489 1682 2527 et
1721 2484 1836 2528 dabo

126 2577 239 2620 quae
268 2563 407 2608 habeo
441 2566 613 2620 omnia,
657 2565 695 2608 si
725 2567 920 2622 postulat
949 2566 1173 2622 Nemesis,
1218 2567 1294 2610 sed
1327 2567 1454 2610 etiam
1482 2568 1679 2612 tolerabo
1710 2568 1838 2623 qnid-

126 2646 230 2703 quid
260 2648 470 2690 malorum
509 2648 779 2704 imposuerit.
842 2649 988 2703 Atque
1031 2648 1113 2692 hoc
1147 2650 1475 2705 proverbialiter
1513 2651 1573 2693 ita
1614 2651 1836 2707 exprimit,

126 2740 175 2771 se
205 2729 274 2771 vel
304 2728 528 2772 teterrima
562 2741 729 2772 venena
759 2734 1045 2786 expoturnm,
1077 2735 1197 2774 recte
1227 2737 1430 2774 monente
1463 2732 1660 2776 Hermo
1691 2738 1737 2776 et
1766 2746 1839 2776 as·

126 2811 340 2852 sentiente
369 2809 748 2854 Wuunsaucmo
780 2815 826 2854 et
855 2810 1116 2856 Huscnxro.
1179 2814 1255 2856 Sic
1285 2814 1524 2858 Pnorssn'r.
1550 2815 1586 2869 I,
1617 2819 1661 2868 5,
1692 2817 1721 2858 4
1744 2828 1838 2870 sqq.

127 2891 280 2935 verba:
328 2890 492 2933 ultima
533 2906 659 2934 nosse
700 2891 824 2934 mala
865 2894 1138 2950 explicantur
1177 2897 1375 2950 sequenti
1417 2895 1602 2939 disticho
1641 2897 1727 2940 ita=
1774 2899 1839 2939 Et

130 2973 260 3016 miser
296 2972 474 3032 ignotos
506 2972 699 3032 vestigia
732 2973 863 3031 ferre
898 2990 982 3032 per
1022 2976 1174 3035 ignes,
1218 2979 1283 3018 Et
1329 2976 1470 3019 bibere
1500 2993 1523 3019 e
1554 2985 1655 3020 tota
1686 2978 1838 3020 toxica

134 3054 384 3099 Thessalia.
461 3054 588 3112 Apud
619 3054 802 3099 eundem
834 3055 894 3110 11,
925 3058 1001 3110 24,
1028 3060 1087 3101 25
1119 3071 1214 3114 sqq.
1245 3059 1319 3101 ubi
1352 3060 1498 3113 agitur
1528 3059 1583 3102 de
1614 3058 1837 3116 probando

129 3149 276 3179 amore
308 3141 353 3179 et
384 3137 636 3190 constantia,
667 3134 774 3179 haec
805 3137 1035 3192 leguntur:
1067 3139 1117 3180 Si
1147 3137 1326 3182 libitum
1356 3139 1441 3181 tihi
1469 3141 1578 3188 erit,
1610 3144 1839 3184 Lernaeas

124 3227 299 3278 pugnet
342 3219 407 3260 ad
449 3217 646 3276 hydras,
692 3220 756 3260 Et
797 3218 884 3261 tibi
928 3219 985 3262 ab
1030 3223 1246 3279 Hesperio
1293 3223 1414 3265 mala
1464 3224 1652 3267 dracone
1689 3223 1841 3285 ferat,

138 3305 274 3344 Tetra
302 3317 467 3345 venena
493 3301 642 3345 bibens
668 3310 713 3344 et
745 3303 1008 3361 naufragus
1037 3303 1185 3347 ebibat
1221 3306 1381 3354 undas,
1412 3309 1472 3348 Et
1497 3321 1728 3366 nunquam
1752 3322 1839 3362 pro

134 3395 178 3427 te
211 3386 391 3446 deneget
422 3402 516 3431 esse
547 3386 691 3432 miser.
754 3387 879 3430 Unde
910 3388 1016 3431 satis
1047 3388 1163 3432 clara
1193 3390 1242 3432 fit
1274 3402 1395 3434 mens
1426 3390 1617 3442 Tibulli,
1663 3390 1734 3443 qui
1766 3402 1839 3432 ce-
