2158 3750
601 265 922 326 TIBULLI‘
956 264 1096 325 LIB.
1133 266 1173 325 Ι.
1206 279 1249 325 3.
1280 277 1323 325 4.
1738 264 1814 323 13

113 439 172 484 75
188 423 601 506 Porrectusque
650 445 851 482 novem
904 424 1102 507 Tityos
1155 444 1259 503 per
1303 419 1501 500 iugera
1550 433 1731 479 terrae

260 530 540 590 Assiduas
584 544 707 589 atro
751 529 962 589 viscere
1007 529 1192 611 pascit
1239 550 1382 589 aves,

177 637 451 698 Tantalus
499 650 582 696 est
631 634 777 708 illic,
837 649 892 694 et
935 635 1148 695 circum
1196 650 1428 716 stagna:
1484 618 1588 694 sesi
1631 656 1817 694 acrem

257 746 378 803 Iam
423 743 534 802 iam
580 740 772 824 poturi
818 740 1027 800 deserit
1069 741 1227 801 unda
1271 742 1454 801 sitim:

174 855 247 912 Et
288 853 475 912 Danai
518 851 739 934 proleS‚
794 851 1031 911 Veneris
1077 852 1235 934 quod
1278 851 1516 910 numina
1561 851 1751 924 laesit,

107 978 167 1021 80
261 962 328 1020 In
374 983 508 1019 cava
549 958 825 1018 Lethaeas
871 957 1024 1017 dolia
1066 972 1258 1040 portat
1302 981 1494 1040 aquas,

0 1149 1 1158 ἵ
174 1067 297 1144 Illic
339 1068 440 1141 sit,
495 1066 822 1150 quicunque
866 1089 1022 1125 meos
1067 1064 1293 1125 violavit
1338 1087 1589 1136 amoreS‚

0 1225 2 1267 >
258 1174 492 1258 Optavit
539 1173 718 1234 lentas
750 1188 826 1234 aet
874 1173 1016 1233 mihi
1065 1172 1309 1233 militias

0 1284 1 1327 ἕ
174 1282 252 1342 At
293 1297 355 1342 tu
399 1296 551 1342 casta
595 1304 802 1364 precor
846 1304 1108 1354 maneaS‚
1164 1280 1457 1363 sanctique
1500 1278 1741 1363 pudoris

10 1469 13 1483 Ι
256 1390 523 1450 Assideat
574 1403 765 1449 custos
812 1388 1011 1448 sedula
1060 1412 1285 1470 semper
1334 1411 1493 1448 anus.

7 1494 13 1538 ὲ
107 1514 167 1558 85
182 1501 336 1558 Haec
381 1498 486 1558 tibi
527 1495 764 1557 fabellas
808 1497 1015 1556 referat
1053 1496 1352 1578 positaque
1395 1495 1628 1555 lucerna

261 1607 524 1667 Deducat
565 1604 737 1687 plena
782 1603 1024 1664 stamina
1067 1602 1240 1684 longa
1286 1601 1440 1675 colo,

171 1717 257 1775 Ac
303 1715 454 1775 circa
501 1713 769 1794 gravibus
813 1711 1007 1794 pensis
1055 1709 1222 1770 affixa
1264 1709 1454 1793 puella

257 1821 539 1882 Paulatim
583 1843 785 1880 somno
830 1819 981 1879 fessa
1023 1819 1269 1878 remittat
1312 1841 1474 1900 opus.

170 1933 322 1991 Tum
366 1931 587 1990 veniam
631 1927 851 2000 subitn,
902 1950 1008 1986 nec
1055 1926 1358 2010 quisquam
1403 1924 1625 1984 nuntiet
1667 1937 1819 1996 ante,

107 2056 168 2101 9ο
266 2037 382 2098 Sed
424 2037 620 2097 videar
663 2034 817 2096 caelo
859 2034 1067 2094 missus
1115 2034 1313 2093 adesse
1354 2033 1474 2092 tibi.

174 2147 338 2205 Tunc
379 2143 551 2217 mihi,
605 2141 789 2226 qualis
835 2142 975 2215 πίε,
1027 2141 1232 2223 longos
1278 2141 1506 2201 turbata
1550 2138 1820 2222 capiIIOS,

260 2254 448 2315 Obvia
489 2253 740 2324 nudam,
795 2251 994 2324 Delia,
1048 2274 1211 2311 curre
1255 2250 1418 2333 pede.

179 2365 304 2422 Hoc
347 2383 575 2444 precor,
630 2358 784 2418 hunc
826 2347 987 2417 illum
1032 2358 1201 2418 nobis
1239 2357 1467 2416 Aurora
1511 2355 1781 2415 nitentem

262 2469 590 2530 Luciferum
630 2466 807 2527 roseis
853 2466 1100 2527 candida
1143 2480 1331 2549 portet
1373 2463 1548 2548 equis,

658 2805 1093 2858 ELEGIA
1171 2806 1266 2856 IV.

178 2947 331 3058 ‘Sic
374 2994 644 3054 umbrosa
689 2993 793 3054 tibi
840 2992 1174 3073 contingant
1216 3005 1392 3064 tecta,
1452 2991 1690 3075 Priape,

264 3106 349 3164 Ne
395 3101 564 3185 capiti
607 3099 781 3175 soleS‚
836 3124 908 3161 ne
951 3114 1306 3182 noceantque
1350 3099 1535 3159 nives:

181 3213 345 3293 Quae
390 3226 486 3271 tua
528 3210 810 3270 formosos
856 3209 1003 3292 cepit
1046 3207 1328 3286 sollertia?
1387 3222 1534 3267 certe

264 3323 394 3380 Non
439 3319 541 3380 tibi
580 3317 762 3377 barba
804 3317 971 3389 nitet,
1015 3340 1134 3376 non
1175 3316 1277 3375 tibi
1323 3315 1492 3375 culta·
1518 3338 1679 3375 coma
1717 3329 1815 3387 est,
