2158 3750
692 261 875 312 LIBR.
910 262 1004 312 lV.
1077 261 1292 312 CARM.
1326 262 1369 313 Ι.
1768 271 1868 314 387

174 416 271 445 cum
302 402 356 446 de
387 403 593 446 divisione
625 415 829 446 zonarum
862 404 1066 460 exponit,
1100 408 1144 447 et
1176 404 1248 447 ubi
1280 418 1376 448 eum
1407 405 1557 459 Ulyssi
1586 405 1630 448 in
1661 406 1871 460 eloquen-

172 487 234 527 tia
264 486 479 541 praefert»,
522 486 648 528 simul
679 484 805 529 huius
837 499 1006 528 errores
1046 499 1195 528 omnes
1228 487 1512 541 persequitur.
1574 486 1704 529 Dicas
1735 500 1869 528 zona-

170 581 264 612 rum
295 570 448 611 saltem
479 570 688 611 rationem
725 570 934 624 explicari
965 568 1167 610 debuisse
1200 573 1248 610 ut
1277 568 1542 623 intelligeret
1571 567 1732 622 lector,
1765 568 1869 623 quid

171 643 304 694 vellet
345 656 473 706 poeta
517 650 573 693 de
615 652 752 692 altero
794 651 901 692 orbe
945 649 1106 691 dicens.
1169 649 1338 703 Audio,
1381 651 1510 692 modo
1555 650 1710 693 deinde
1748 651 1870 693 illum

169 731 350 775 alterum
382 734 532 776 orbem
573 735 712 788 ipsum
744 737 966 786 terrasque
998 735 1042 772 et
1075 732 1285 786 populos,
1327 745 1436 785 quos
1479 733 1539 774 ibi
1580 732 1870 775 debellaturus

92 871 103 873 ⁴
169 815 286 858 esbet
319 817 521 869 Messala,
552 816 714 858 diserta
745 815 1036 869 descriptione
1068 816 1246 870 propius
1279 815 1335 856 ob
1367 817 1514 858 oculos
1546 816 1668 858 nobis
1699 816 1870 872 posuis-

169 904 264 951 set,
293 898 374 941 hoc
406 900 519 940 enim
551 901 778 954 exspectat
809 897 948 939 lector
964 897 1023 937 ·iu
1052 909 1100 938 re
1136 901 1223 938 tam
1255 897 1374 939 mira.
1438 897 1528 939 Sed
1560 897 1615 940 de
1643 897 1710 944 his
1743 903 1872 954 poeta

166 981 261 1035 ipse
293 979 395 1021 nihil
425 985 637 1032 noverat3.
678 979 743 1021 sic
785 977 972 1025 redeunt
1012 978 1153 1021 omnia
1185 978 1239 1020 ad
1277 977 1500 1033 physicam
1543 967 1749 1023 zonarum
1792 981 1872 1024 de-

166 1041 470 1117 scriptionem,
516 1075 600 1104 nec
643 1066 824 1116 apparet
856 1060 1073 1114 quomodo
1116 1073 1170 1103 eo
1203 1066 1408 1103 venturus
1451 1075 1531 1105 nec
1561 1064 1778 1118 quomodo
1809 1064 1871 1106 ibi

164 1158 236 1189 res
267 1150 468 1200 gesturus
499 1146 554 1188 sit
582 1146 787 1188 Messala.
846 1144 931 1186 Est
967 1145 1101 1199 igitur
1140 1145 1267 1200 plane
1310 1146 1448 1188 inanis
1493 1152 1695 1199 ornatus,
1743 1159 1873 1201 quem

165 1238 296 1285 poeta
330 1231 498 1283 intulit,
540 1229 860 1287 expeditionem
890 1229 1028 1284 ipsam
1069 1241 1196 1272 nemo
1242 1229 1379 1272 credit
1411 1235 1659 1288 propterea.
1721 1231 1771 1273 In
1805 1231 1872 1273 al-

167 1316 260 1353 tera
293 1311 559 1366 digressione
590 1311 644 1353 de
692 1311 851 1364 Ulysse
881 1312 1015 1353 etiam
1057 1311 1248 1366 apertior
1277 1314 1502 1356 inutilitas.
1566 1314 1739 1370 Nempe
1771 1315 1871 1356 mali

164 1401 348 1451 poetae,
389 1382 713 1450 compositionis
743 1393 1024 1436 accuratioris
1056 1394 1221 1447 ignari,
1266 1393 1424 1450 cupide
1455 1397 1669 1451 arripiunt
1699 1398 1737 1439 si
1767 1396 1869 1451 quid

166 1485 364 1520 ornatum
395 1483 440 1519 et
471 1476 744 1532 splendorem
776 1475 931 1519 afferre
963 1475 1155 1528 videtur,
1197 1489 1298 1519 vera
1328 1482 1474 1520 autem
1507 1479 1580 1520 lex
1613 1480 1655 1522 in
1690 1491 1771 1521 usu
1802 1478 1870 1520 di-

165 1563 436 1618 gressionum
479 1566 548 1604 est
588 1568 636 1602 ut
678 1566 833 1614 poeta,
882 1560 966 1602 etsi
996 1559 1194 1603 videatur
1224 1559 1394 1614 digredi
1426 1562 1595 1616 lougius
1625 1576 1649 1603 a
1680 1561 1871 1604 themate

164 1647 288 1700 quasi
331 1644 485 1687 ardore
524 1643 695 1697 ingenii
729 1643 1160 1703 abreptum-revera
1203 1645 1348 1684 tamen
1392 1655 1446 1685 ne
1488 1643 1664 1686 verbum
1698 1643 1870 1698 quidem

164 1728 281 1771 dicat
311 1740 700 1783 supervacaneum,
743 1731 798 1782 et
818 1725 932 1780 quod
965 1738 1051 1768 nou
1083 1726 1328 1781 postuletur
1358 1739 1528 1770 summo
1563 1728 1743 1770 consilio
1774 1740 1871 1770 car—

163 1812 290 1855 minis
322 1816 366 1853 et
394 1810 494 1853 huic
523 1810 677 1865 prosit,
708 1807 1066 1864 quemadmodum
1091 1809 1334 1850 Pmmnus
1367 1808 1483 1852 fecit.
1545 1809 1611 1851 Ab
1643 1807 1724 1851 hoc
1760 1811 1871 1852 enim

164 1894 334 1937 discere
374 1894 477 1936 licet
516 1905 662 1935 veram
707 1890 833 1933 huius
873 1890 935 1932 rei
971 1890 1206 1943 rationem,
1253 1895 1298 1932 et
1330 1892 1365 1932 si
1399 1893 1472 1944 qui
1513 1897 1614 1934 sunt
1657 1892 1870 1947 hodieque

164 1979 238 2033 qui
276 1990 372 2020 cum
404 1977 675 2019 ΗΒΒΜΑΝΝΟ
706 1973 830 2016 huius
859 1973 1028 2042 fabulas?
1060 1987 1139 2029 pro
1179 1973 1524 2017 aberrationibus
1556 1974 1740 2018 habeant
1772 1975 1881 2018 cum'

35 2045 48 2057 ⁹
79 2051 82 2054 ¹
163 2061 334 2113 reliquo
363 2058 552 2101 carmine
583 2069 734 2112 parum
763 2056 919 2107 nexiS,
963 2053 1139 2097 videant
1170 2068 1225 2098 ne
1255 2067 1454 2110 magnam
1486 2058 1682 2100 iniuriam
1713 2059 1873 2101 faciant

164 2154 332 2185 summo
374 2145 534 2197 poetae
573 2144 618 2182 et
661 2151 758 2181 cum
802 2137 878 2180 tali
912 2137 1207 2179 versificatore
1238 2151 1338 2180 eum
1370 2145 1634 2195 comparent.
1706 2141 1795 2183 Sed
1828 2142 1870 2183 iu

162 2227 276 2269 viam
307 2225 508 2268 redimus.
583 2224 695 2266 Sunt
726 2222 838 2264 enim
869 2223 912 2264 in
944 2220 1026 2264 hoc
1057 2206 1248 2265 carmine
1282 2228 1507 2278 praeterea
1540 2225 1670 2267 etiam
1704 2224 1869 2266 minora

163 2308 283 2351 varia
312 2309 459 2363 inepte
489 2307 716 2363 posita-et·
734 2307 779 2348 in
809 2305 966 2360 quibus
996 2306 1201 2348 iudicium
1227 2305 1460 2351 desideres.
1524 2308 1600 2350 Sic
1631 2321 1671 2349 v.
1696 2310 1756 2349 40
1775 2322 1869 2361 sqq.

163 2389 441 2438 ubilaudem
476 2388 691 2431 forensem
722 2393 767 2430 et
797 2388 1024 2430 militarem
1056 2389 1282 2442 aequalem
1315 2389 1420 2432 dicit
1451 2390 1494 2431 in
1527 2390 1732 2443 Messala,
1765 2389 1871 2434 haec

165 2485 238 2515 res
278 2472 599 2527 comparatione
640 2471 829 2513 trutinae
868 2469 1015 2524 inepta
1056 2469 1320 2523 illustratur,
1368 2470 1423 2513 ad
1466 2472 1587 2513 cuius
1628 2485 1871 2516 mensuram

166 2556 271 2600 talia
302 2569 429 2599 nemo
461 2555 707 2599 examinare
729 2555 872 2611 cupit.
948 2552 1113 2596 Similis
1157 2554 1331 2608 generis
1360 2559 1461 2600 sunt
1491 2555 1666 2610 putidae
1696 2556 1871 2599 divisio-

166 2654 244 2685 nes
285 2646 332 2685 et
375 2622 755 2688 disfincuonesr'i.
786 2642 846 2682 25
879 2652 1001 2693 sqq.,
1051 2652 1087 2680 v.
1118 2642 1205 2680 201
1240 2653 1334 2694 sqq.
1411 2639 1603 2694 Denique
1635 2653 1719 2682 non
1751 2644 1872 2683 tenet

164 2730 263 2762 eam
291 2717 555 2769 elocutimis'.
577 2717 776 2782 puqticae
806 2721 944 2758 artem
976 2721 1131 2771 poeta,
1163 2730 1274 2770 quae
1302 2716 1504 2772 periodos
1529 2718 1674 2760 variae
1701 2719 1872 2772 magni-

164 2800 334 2847 tudinis
361 2803 595 2858 componit,
631 2800 748 2851 nuuc
777 2800 1011 2853 brevioreS,
1044 2814 1156 2843 nunc
1189 2801 1422 2855 longiores,
1452 2801 1529 2844 sed
1563 2802 1744 2855 singulis
1774 2814 1871 2844 ver-

162 2885 282 2929 sibus
312 2885 404 2928 sere
434 2897 512 2941 per
542 2888 679 2928 totum
710 2898 880 2928 carmen
913 2886 1154 2928 sententiae
1190 2886 1487 2927 terminantur.
1562 2885 1725 2927 Verum
1764 2885 1868 2926 satis

165 2981 279 3012 nunc
310 2968 364 3011 de
396 2967 477 3021 his,
506 2968 589 3010 alia
618 2967 662 3010 iu
688 2966 994 3023 Explicatione
1027 2972 1240 3010 notamus.
1305 2967 1484 3010 Studuit
1512 2966 1684 3020 quidem
1716 2970 1868 3009 auctor

165 3051 360 3102 ornatui,
406 3048 483 3092 sed
516 3030 600 3091 non
631 3054 855 3092 assecutus
894 3054 962 3091 est
992 3063 1137 3092 veram
1172 3051 1322 3107 epicae
1354 3051 1559 3093 orationis
1589 3049 1870 3104 magnificen-

167 3135 286 3178 tiam.
349 3132 548 3176 Vidimus
580 3132 882 3174 tractationem
914 3132 1123 3175 carminis.

285 3220 396 3262 Post
429 3217 536 3260 haec
567 3216 602 3260 si
634 3216 688 3259 de
719 3221 898 3260 auctore
930 3219 1179 3272 quaeritur,
1214 3221 1409 3275 potuisse
1441 3218 1552 3262 hunc
1585 3225 1758 3275 poetam
1792 3230 1870 3274 pro

167 3299 342 3342 Tibullo
372 3313 397 3341 a
430 3312 644 3354 quoquam
677 3296 823 3341 haberi
857 3302 1043 3343 maxime
1073 3302 1226 3344 mirum
1260 3303 1395 3345 videri
1427 3303 1568 3345 debet.
1633 3302 1718 3347 Qui
1758 3301 1869 3342 enim

168 3381 269 3423 vitia
305 3381 434 3424 modo
466 3381 649 3426 indicata
691 3386 734 3424 et
776 3381 1018 3427 universum
1062 3384 1250 3427 colorem
1292 3386 1491 3427 carminis
1524 3390 1686 3427 attente
1727 3383 1869 3424 consi-

1290 3469 1395 3519 25*
