2158 3750
331 290 421 334 [68
711 280 1182 336 COMMENTAR.
1223 279 1296 331 IN
1335 278 1620 331 TIBULLI

324 426 578 484 depingatur
608 424 707 467 talis
738 423 922 478 loquela.
955 445 1009 455 -—
1043 423 1097 465 V.
1130 425 1172 464 3.
1204 425 1246 465 4.
1279 424 1361 465 tria
1395 423 1516 478 ponit
1546 423 1814 468 divinationis
1843 437 2017 479 genera,

321 515 370 551 ut
401 509 457 560 ll,
487 511 530 559 5,
564 509 615 548 ll
637 519 730 561 sqq.
761 511 953 550 sortes
990 507 1032 550 in
1064 507 1240 563 privatis
1271 506 1400 548 rebus
1430 505 1742 560 usitatissimas,
1773 520 1880 562 quas
1910 509 2020 551 vidi-

323 604 417 634 mus
440 603 569 646 supra
598 594 642 645 3,
676 593 764 644 11.,
792 589 1098 647 extispicium,
1131 590 1245 647 quod
1278 588 1526 645 haruspices
1554 590 1810 645 tractabant,
1840 604 1920 634 nec
1949 605 2023 634 so-

326 678 411 715 ium
443 673 616 728 publice
646 671 723 715 sed
757 672 888 715 etiam
921 672 1143 727 privatim,
1184 670 1282 713 vide
1313 683 1425 726 quae
1460 670 1619 714 ibidem
1649 671 1704 714 ad
1735 685 1775 714 v.
1809 674 1880 714 10.
1911 671 2026 714 dixi·

325 767 444 807 mus,
487 753 675 808 denique
717 753 984 812 augurium,
1027 767 1114 810 quo
1153 755 1256 797 olim
1286 755 1328 798 in
1359 754 1535 810 privatis
1576 766 1750 809 quoque
1789 754 1920 797 rebus
1959 754 2026 797 usi

329 841 450 878 erant
489 836 684 892 patricii,
728 835 783 880 cf.
814 836 915 879 va.
947 836 1024 890 vl,
1057 839 1157 890 41.‚
1201 835 1314 879 adde
1355 835 1453 879 C1c.
1482 834 1538 879 de
1567 836 1707 879 Divin.
1738 835 1774 889 l,
1807 838 1905 889 16„
1950 847 2030 878 nec

327 931 411 961 non
454 924 608 975 postea
634 920 758 962 multi
799 917 866 962 his
907 919 1119 963 ominibus
1159 920 1289 964 fidem
1321 918 1536 963 habebant
1574 920 1619 962 in
1649 918 1899 974 quotidiana
1927 920 2030 974 vita,

330 1003 426 1046 vide
454 1017 494 1047 v.
527 1017 566 1047 c.
595 1003 774 1047 Hom‘r.
806 1003 886 1057 111,
914 1006 988 1046 27.
1049 1004 1140 1047 Οιιι·
1169 1002 1252 1047 hoc
1281 1016 1508 1057 moneam,
1538 1015 1624 1046 non
1656 1007 1703 1046 te
1732 1001 1902 1058 fugiet3
1932 1015 2029 1046 cum

330 1088 384 1129 de
415 1087 578 1143 privata
610 1098 657 1128 re
685 1098 798 1128 nunc
827 1090 1006 1140 agatur,
1048 1097 1133 1128 non
1164 1085 1220 1128 de
1249 1085 1448 1141 publica,
1486 1089 1620 1141 poeta
1649 1097 1731 1128 nec
1760 1085 2032 1140 sortilegum,

333 1185 414 1215 nec
445 1171 712 1227 haruspicem
742 1182 822 1212 nec
851 1170 1071 1224 auspicem
1102 1180 1150 1212 se
1181 1167 1353 1221 dicens,
1381 1169 1603 1211 nominare
1631 1180 1718 1210 non
1749 1169 1890 1224 potuit
1919 1169 2033 1224 quod

334 1268 356 1295 a
391 1253 556 1308 privato
587 1263 667 1293 usu
697 1251 882 1293 alienum
914 1254 1044 1294 esset.
1073 1272 1131 1282 --
1185 1249 1422 1292 conscia
1463 1248 1618 1291 fibra
1658 1248 1918 1304 deorum,
1957 1264 2033 1293 vo·

336 1334 510 1376 luntatis
539 1333 732 1385 deorum,
763 1336 814 1376 ut
841 1330 1040 1374 laudatus
1069 1330 1124 1373 ab
1155 1329 1349 1374 Hnrmo
1380 1329 1561 1373 Tacitus
1590 1331 1740 1374 Germ.
1773 1333 1855 1374 102
1899 1345 2037 1390 equos

337 1414 515 1457 deorum
558 1415 751 1457 conscios
794 1415 927 1469 dixit,
988 1428 1014 1458 e
1057 1414 1214 1470 quibus
1264 1415 1464 1457 voluntas
1517 1414 1698 1458 deorum
1750 1415 2038 1469 cognoscitur.

339 1497 742 1541 Wmvnssnmcmus
773 1498 940 1542 confert
970 1499 1106 1544 Ovm.
1141 1498 1322 1542 Heroid.
1353 1497 1520 1552 xvm,
1549 1501 1665 1542 2652
1690 1496 1907 1556 furtivae
1938 1512 2039 1540 con-

338 1580 434 1622 scia
462 1581 620 1624 mentis
649 1581 823 1627 littera.
881 1582 1086 1626 Ceterum
1116 1582 1172 1626 de
1191 1580 1320 1639 fibra
1350 1581 1406 1626 cf.
1426 1581 1481 1625 ad
1508 1581 1567 1636 II,
1597 1584 1640 1636 1,
1663 1584 1816 1624 26.—
1844 1582 1897 1626 V.
1923 1585 1967 1624 5.
1997 1584 2038 1623 6.

341 1663 440 1718 lpse
485 1677 588 1707 usus
629 1665 788 1707 amoris
833 1663 982 1707 docuit
1027 1676 1098 1706 me
1143 1662 1225 1707 hoc
1266 1675 1450 1718 magnos
1494 1663 1608 1706 inter
1650 1663 1836 1706 dolores.
1911 1662 2043 1709 Quod

341 1744 547 1800 graphice
576 1759 656 1801 per
685 1746 980 1802 metaphoram
1011 1746 1228 1800 expressit
1255 1745 1345 1788 sice
1391 1746 1491 1802 Ipsa
1516 1746 1664 1790 Venus
1694 1746 1804 1788 duro
1832 1745 1876 1788 in
1907 1745 2043 1788 servi-

343 1830 404 1870 tio
445 1829 593 1872 docuit
634 1842 704 1872 me
746 1828 866 1893 hoc,
898 1841 1176 1885 comparans,
1219 1832 1269 1870 ut
1299 1831 1399 1870 sunt
1434 1832 1651 1881 amantes,
1682 1827 1858 1870 immitis
1886 1825 2045 1869 domini

343 1914 450 1955 (lure
491 1912 680 1956 habitum
725 1925 922 1966 servum,
966 1913 1040 1967 qui
1081 1911 1236 1955 crebro
1279 1910 1476 1953 manibus
1517 1915 1618 1966 post
1657 1915 1830 1965 tergum
1871 1910 2046 1953 retortis

345 1994 537 2036 caeditur
567 1995 830 2038 verberibus.
864 2017 920 2028 —
952 1996 1172 2049 magico
1203 1995 1374 2049 nodo,
1406 1995 1588 2037 vinculis
1618 1994 1823 2048 magicis,
1854 1993 1910 2036 ad
1943 2007 2043 2036 cer-

345 2083 434 2117 tam
465 2077 606 2130 legem
646 2076 816 2129 magico
846 2076 932 2118 ritu
977 2076 1245 2130 complicatis
1286 2079 1332 2118 et
1372 2076 1618 2118 constrictis
1647 2088 1703 2117 ne
1733 2074 1842 2118 solvi
1870 2079 2045 2129 queant,

347 2166 394 2203 ut
417 2174 514 2204 cum
540 2162 870 2204 Bnoucnmsro
896 2161 1113 2204 HEYNms
1141 2163 1274 2202 notat.
1337 2147 1738 2201 WuNnssnmcmus
1761 2157 1880 2201 addit
1906 2159 2043 2203 Vme.

345 2243 500 2297 Eclog.
532 2243 654 2295 VIII,
680 2246 755 2286 78.
783 2243 859 2285 ubi
890 2242 988 2285 vide
1017 2255 1126 2296 quos
1149 2242 1421 2284 WAaNsslws
1457 2240 1604 2283 laudat
1634 2241 1691 2284 de
1719 2241 1843 2284 nodis
1867 2242 2046 2297 magicis

347 2325 626 2380 explicantes·
687 2324 827 2367 Callet
869 2330 1014 2368 autem
1059 2325 1188 2367 etiam
1229 2325 1379 2368 Venus
1419 2325 1613 2379 magicas
1654 2328 1799 2378 artes,
1841 2329 1892 2368 ut
1930 2326 2045 2382 apud

345 2409 603 2451 Pmnuum
634 2409 762 2463 Pyth.
794 2410 870 2464 lV,
906 2413 994 2452 213
1028 2423 1150 2464 sqq.‚
1193 2409 1417 2452 traductus
1457 2410 1571 2452 enim
1601 2407 1657 2451 ad
1689 2409 1814 2453 deam
1844 2414 1913 2454 est
1945 2424 2048 2455 usus

348 2493 518 2546 magiae
563 2495 696 2547 vulgo
740 2494 781 2535 in
827 2494 1044 2536 amoribus
1089 2494 1407 2536 usitatissimae.
1485 2493 1844 2536 Bnotscxmrsms
1884 2498 2049 2537 costum

349 2577 673 2619 celeberrimum
708 2578 884 2620 Veneris
919 2579 1086 2620 confert
1126 2579 1176 2622 ll.
1210 2578 1330 2631 XIV,
1361 2579 1465 2620 214.
1497 2600 1556 2608 ——
1606 2577 1923 2632 religatum
1957 2578 2048 2621 scil.

348 2664 447 2713 post
476 2664 673 2713 tergum,
706 2665 755 2701 ut
787 2661 924 2703 Ovm.
956 2660 1064 2702 Met.
1095 2659 1172 2712 IV,
1203 2662 1308 2702 672.
1338 2663 1384 2700 et
1418 2656 1623 2700 manibus
1652 2656 1838 2700 retortis
1868 2658 2048 2702 HonA'r.

348 2742 489 2797 Epist.
520 2743 576 2796 ΙΙ,
609 2746 648 2796 1,
681 2746 784 2787 191.
812 2765 873 2774 -
916 2755 1022 2784 non
1060 2742 1186 2784 siue
1226 2741 1598 2795 verberibus,
1643 2745 1692 2783 ut
1723 2741 1943 2796 flagellum
1972 2743 2051 2784 tri-

348 2826 494 2867 buitur
514 2826 674 2869 Veneri
703 2827 885 2869 ΗοιιΑϊ.
919 2825 999 2879 111,
1033 2828 1108 2867 26.
1138 2826 1213 2867 fin.
1275 2825 1385 2867 Post
1416 2823 1524 2868 haec
1555 2823 1705 2868 confer
1732 2823 1919 2879 denique
1947 2837 2051 2880 pro—

350 2909 442 2960 prie
474 2909 664 2951 locutum
700 2909 1010 2951 Paopmiwwu
1042 2907 1077 2959 I,
1111 2909 1154 2960 9,
1184 2910 1238 2950 7:
1289 2921 1354 2948 me
1397 2905 1521 2949 dolor
1559 2913 1606 2948 et
1646 2906 1858 2949 lacrimae
1897 2907 2052 2951 merito

352 2989 493 3037 fecere
519 2989 727 3046 peritum,
766 2990 841 3032 ubi
865 2990 1042 3047 peritus
1072 2991 1270 3034 absolute
1302 2991 1488 3047 positum
1519 2996 1568 3034 ut
1598 2990 1667 3034 hic
1691 2990 1942 3047 perdocuit,
1971 3005 2050 3035 no-

350 3078 468 3116 tante
508 3073 818 3118 LAchANNO.
854 3098 913 3107 —-
959 3075 1013 3119 V.
1045 3079 1073 3118 7
1104 3089 1167 3131 sq.
1213 3075 1376 3130 deus,
1425 3075 1570 3119 Amor.
1632 3074 1700 3118 Ad
1731 3087 1798 3118 vv.
1828 3075 2051 3117 invitos

350 3157 728 3200 succubuisse
756 3158 1160 3203 Wunnssamcmtss
1187 3164 1393 3203 aiinotat:
1426 3160 1514 3206 Qui
1539 3172 1728 3203 amorem
1756 3159 1929 3215 premit,
1953 3157 2050 3203 huic

350 3241 521 3283 affectui
561 3242 695 3284 obniti
739 3242 932 3297 videtur,
978 3258 1113 3300 quare
1144 3258 1242 3288 eum
1274 3247 1407 3288 Amor
1435 3245 1579 3288 acrius
1610 3249 1740 3300 urget
1779 3249 1819 3287 et
1858 3248 2048 3299 torquet.

351 3324 406 3363 At
435 3323 507 3377 qui
539 3336 728 3367 amorem
760 3331 912 3380 aperte
945 3325 1076 3381 fovet,
1110 3339 1207 3370 eum
1241 3326 1375 3369 Amor
1401 3331 1444 3369 et
1471 3327 1618 3370 Venus
1650 3325 1807 3368 iuvant.
1842 3326 2045 3369 Ouum„

349 3403 464 3458 LXI.
497 3407 598 3448 202.
637 3429 696 3440 -—
747 3408 799 3450 V.
833 3411 860 3449 9
893 3421 983 3462 sqq.
1050 3407 1250 3451 Ostendit
1292 3421 1402 3452 nunc
1434 3406 1774 3452 dissimulatione
1806 3406 2049 3451 Marathum
