2158 3750
656 247 840 299 LIBR.
879 247 944 298 ΙΙ.
1019 245 1220 298 ELEG.
1258 245 1327 296 V.
1740 251 1842 295 279

146 393 373 447 sententia,
405 407 458 436 ac
489 391 615 436 valde
643 392 790 449 placet
819 391 863 434 in
894 391 1016 448 poesi
1046 391 1243 434 subiecta
1276 387 1517 432 huiusmodi
1549 387 1732 444 amplior
1763 387 1842 428 de·-

142 479 335 534 scriptio.
365 463 424 511 2-
476 478 750 522 ardentes
791 477 932 521 deos
970 476 1163 532 graviter
1204 487 1269 530 pr.
1313 473 1484 530 templis
1521 471 1700 514 deorum
1745 482 1843 512 cum

142 562 305 615 signis,
349 566 398 604 ut
426 561 588 617 passim
629 560 831 603 dicuntur
868 559 928 602 dii
959 572 1040 615 pro
1074 557 1247 613 templis
1278 561 1323 599 et
1353 569 1433 612 pro
1463 554 1599 608 siguis
1629 553 1747 606 suis,
1787 551 1842 594 cf.

143 644 399 688 Psssssmr.
429 645 485 686 ad
515 645 716 701 Propert.
749 645 807 696 11,
835 649 881 696 5,
910 647 984 686 28.
1030 647 1075 686 et
1118 643 1487 685 Bnoucxnusnm
1529 637 1588 680 ad
1623 636 1734 680 hunc
1763 635 1847 678 Ti-

144 726 252 768 bulli
283 728 451 780 locum,
479 727 555 782 qui
584 740 624 770 v.
656 739 697 770 c.
727 724 857 768 affert
886 724 1068 767 Honar.
1098 724 1176 776 lv,
1207 726 1251 776 4,
1283 726 1355 766 43.
1415 723 1646 766 Postremo
1677 719 1847 763 notabis

141 808 351 851 ardentes
381 809 574 853 secundo
602 808 871 855 substantivo
902 805 1121 859 additum,
1153 805 1256 847 licet
1287 817 1419 847 sensu
1443 804 1574 846 etiam
1606 802 1661 845 ad
1690 802 1844 845 Ilion

140 891 396 935 adiectivum
439 892 667 949 pertineat.
708 913 768 922 —
825 890 1042 933 Pel-lectis
1089 887 1283 949 distichis
1330 887 1568 940 ambobus,
1618 886 1655 928 si
1702 885 1846 929 denuo

139 975 409 1029 quaerimus,
453 964 625 1030 q'uando
653 975 829 1017 Aeneae
860 972 988 1016 datae
1029 973 1116 1015 sint
1146 976 1318 1024 sortes,
1363 970 1583 1013 Hermus
1613 966 1846 1025 respondet

138 1060 320 1102 solventi
347 1058 487 1112 datas,
514 1071 770 1116 comparans
802 1058 1068 1102 Dloursmn
1105 1057 1251 1111 Antiq.
1284 1056 1415 1098 Rom.
1448 1054 1484 1108 Ι,
1517 1057 1607 1106 55.,
1639 1053 1712 1108 qui
1745 1065 1844 1095 nar-

139 1146 206 1184 rat
243 1139 445 1195 Erythris
476 1140 620 1184 Idaeis
657 1142 701 1184 in
743 1140 922 1184 Troade
963 1141 1186 1183 oraculum
1223 1141 1396 1181 Aeneae
1439 1137 1586 1180 datum
1618 1150 1643 1179 a
1674 1137 1844 1191 Sibylla

138 1225 236 1267 loci.
298 1225 389 1268 Sed
419 1224 606 1268 alienum
635 1222 719 1286 hoc
749 1233 778 1266 a
807 1223 999 1266 Tibullo.
1061 1219 1278 1275 Erythrae
1309 1221 1419 1263 istae
1448 1225 1549 1262 sunt
1577 1220 1696 1261 vicus
1723 1218 1845 1260 Met-

138 1321 306 1351 messus
334 1322 363 1351 a
393 1308 526 1351 rubro
554 1307 704 1352 colore
734 1307 818 1351 soli
857 1305 941 1350 hoc
979 1318 1136 1350 nomen
1166 1308 1347 1359 nactus,
1388 1310 1437 1348 ut
1468 1319 1493 1348 e
1524 1307 1756 1348 Piussms
1790 1303 1847 1356 X,

141 1397 212 1437 12.
245 1396 408 1449 liquet,
450 1393 751 1439 Mermessiam
792 1397 939 1436 autem
979 1392 1191 1447 Sibyllam
1231 1390 1460 1446 distinguit
1490 1391 1692 1433 Tibullus
1734 1388 1846 1431 infra

138 1494 179 1523 v.
206 1484 279 1524 6⁴1.
311 1494 339 1524 a
367 1484 526 1525 nostra.
586 1478 774 1524 Videtur
799 1479 934 1534 igitur
959 1482 1116 1534 poetae
1146 1478 1358 1521 sententia
1389 1475 1496 1519 haec
1527 1477 1670 1532 potius
1699 1473 1846 1527 fuisse,

139 1566 354 1619 Aeneam,
401 1578 501 1634 cum
539 1565 687 1635 ppullo
729 1567 828 1622 post
870 1564 1110 1607 discessum
1150 1561 1294 1605 Ionias
1338 1559 1548 1614 Erythras
1587 1559 1842 1616 appulisset,

139 1649 197 1691 ibi
225 1650 280 1691 ab
312 1647 553 1704 Erythraea
583 1649 867 1693 celeberrima
895 1646 1066 1702 Sibylla
1096 1647 1316 1704 accepisse
1347 1646 1580 1688 oraculum.

263 1733 319 1775 V.
349 1734 533 1775 23-38.
606 1730 918 1788 Digressio
966 1730 1032 1774 de
1079 1727 1277 1774 habitu
1331 1731 1522 1786 prisco
1572 1730 1844 1781 locorum,

141 1814 234 1857 ubi
275 1815 448 1857 Roma
489 1813 742 1858 condita.

254 1897 370 1939 Dum
411 1897 547 1939 totius
587 1895 779 1970 regionis
820 1895 1053 1950 imaginem
1096 1893 1312 1947 ostendit,
1361 1898 1532 1937 montes
1580 1898 1626 1936 et
1667 1892 1846 1936 Velabri

137 1979 299 2033 undas,
329 1979 549 2022 habemusr
570 1984 706 2022 totam
737 1979 867 2021 vitam
898 1976 1167 2032 pastoritiam
1199 1988 1466 2032 expressam.
1529 1975 1846 2031 Complectitur

54 2094 58 2098 ,
135 2065 248 2108 enim
286 2065 523 2120 descriptio
561 2063 644 2106 tria
683 2066 931 2115 momenta,
978 2075 1110 2102 usum
1149 2059 1272 2102 vitae
1303 2058 1620 2118 quotidianum
1652 2059 1847 2116 (pastio-

135 2163 232 2193 nem
263 2153 310 2192 et
338 2148 513 2204 casas),
559 2146 796 2205 religiones
813 2173 824 2192 ‚
870 2159 1070 2191 amores,
1120 2142 1298 2200 pulchra
1339 2142 1597 2199 gradatione
1628 2141 1684 2185 ad
1715 2154 1845 2185 unam

72 2224 77 2227 ’
135 2233 376 2276 absolutam
404 2231 546 2275 ideam
577 2231 831 2287 composita.
862 2252 922 2261 —
973 2208 1285 2272 Ceterumalii
1317 2229 1402 2272 loci
1430 2227 1488 2271 de
1527 2226 1593 2271 his
1636 2228 1846 2284 tempori-

135 2315 217 2358 bus
243 2320 367 2369 sunt,
394 2326 505 2370 quos
530 2314 750 2358 Hsnuus
779 2313 973 2366 confert,
1005 2314 1144 2356 Vme.
1178 2313 1288 2357 Aen.
1322 2312 1440 2365 vul,
1472 2315 1562 2355 337
1593 2324 1686 2367 sqq.
1719 2313 1845 2355 Pno-

140 2413 276 2443 Ρειτ.
310 2400 387 2453 lv,
418 2402 462 2442 1.
499 2400 638 2443 Ovm.
666 2398 788 2442 Fast-
818 2397 854 2451 1,
885 2401 976 2440 509
1007 2411 1103 2453 sqq.

256 2484 313 2527 V.
341 2486 403 2526 28
434 2493 498 2538 sq.
535 2487 800 2536 aeterna,
842 2483 1021 2525 solemni
1053 2494 1133 2524 usu
1166 2483 1306 2524 Roma
1340 2485 1547 2534 vocatur,
1578 2485 1626 2524 ut
1657 2484 1843 2524 constat.

135 2568 270 2611 Plura
315 2565 473 2610 habent
515 2566 900 2618 Bnowxnusms,
947 2567 1155 2608 Vum‘ms
1200 2564 1239 2608 li.
1288 2565 1313 2606 l.
1359 2569 1405 2607 et
1445 2563 1599 2606 Donsa
1643 2563 1842 2606 Praecid.

139 2665 178 2696 c.
208 2653 254 2693 8.
286 2674 345 2683 —-
381 2650 734 2693 firmaverat.
798 2648 886 2694 Qui
909 2647 1203 2704 formaverat
1236 2647 1435 2703 probant,
1466 2646 1624 2689 afferre
1667 2651 1844 2702 possunt

137 2734 278 2779 Vtic-
307 2735 416 2777 Aeu-
444 2732 526 2787 lx,
553 2734 639 2775 802
698 2733 906 2787 Tempore
943 2744 1030 2788 quo
1056 2728 1252 2785 primum
1282 2727 1491 2787 Phrygia
1525 2726 1767 2786 formabat
1797 2727 1845 2770 in

137 2815 224 2856 Ida
265 2815 446 2858 Aeneas
486 2813 687 2857 classem.
755 2812 887 2860 Quod
919 2813 1033 2856 enim
1064 2813 1428 2855 Bnoucxmssxus
1458 2815 1503 2855 et
1534 2812 1740 2855 Vunmus
1771 2824 1844 2853 ar-

136 2902 244 2952 gute
285 2897 340 2940 de
382 2900 594 2953 concepta
637 2895 780 2938 animo
823 2896 973 2951 specie
1016 2899 1062 2938 et
1091 2895 1280 2950 imagine
1312 2894 1431 2938 urbis
1461 2893 1633 2937 futurae
1666 2894 1841 2938 verbum

138 2983 498 3039 interpretantur,
543 2979 762 3024 damnavit
802 2980 887 3023 iam
927 2979 1164 3033 anmus.
1234 2979 1325 3023 Sed
1357 2983 1548 3036 praestat
1568 2978 1845 3035 firmaverat

139 3066 364 3123 probatum
411 3065 615 3118 Sumo,
661 3053 938 3116 Crn‘nnmo,
987 3062 1175 3116 Voss1o,
1238 3062 1512 3116 Huscruuo,
1568 3063 1844 3117 Gonnunro,

138 3149 464 3200 Lmnnmno,
507 3145 548 3189 lr.
580 3157 619 3189 e.
652 3144 840 3189 noudum
871 3145 1132 3189 munimenta
1163 3146 1379 3190 moenium
1411 3146 1688 3201 condiderat,
1731 3147 1847 3190 fossa

138 3238 183 3275 et
225 3233 338 3275 vallo
379 3230 646 3274 circumdato
687 3228 808 3272 urbis
854 3226 937 3272 hoc
980 3230 1093 3274 enim
1138 3228 1266 3284 fecit,
1316 3231 1512 3287 lapideus
1555 3244 1702 3275 murus
1747 3236 1846 3288 post

140 3315 371 3359 Romulum
404 3319 663 3358 exstructus.
727 3312 964 3370 Comparat
1003 3314 1274 3358 Huscmuus
1313 3315 1538 3361 Claudian.
1572 3317 1703 3373 Rapt.
1735 3318 1848 3360 Pro-

138 3412 251 3456 serp.
281 3400 315 3454 1,
346 3402 461 3444 236:
510 3401 732 3443 Devenere
765 3396 934 3446 locum,
981 3399 1148 3443 Cereris
1181 3414 1266 3459 quo
1299 3406 1419 3441 tecta
1452 3398 1654 3442 nitebant
1694 3396 1850 3454 Cyclo·-
