2158 3750
335 309 430 356 158
727 300 1191 355 COMMENTAR.
1229 302 1303 353 IN
1339 303 1627 357 TIBULLI

333 461 374 498 et
404 454 485 496 alia
520 454 689 495 inventa
719 455 765 494 et
796 449 1004 494 beneficia
1031 449 1215 494 Osiridis
1245 450 1560 496 laudantur.——
1597 464 1756 496 manu
1787 453 2030 498 sollerti.

332 537 440 578 Cum
463 533 654 576 sollertia
683 531 724 574 in
749 532 1018 574 inveniendis
1043 532 1173 576 rebus
1202 539 1418 587 cernatur,
1449 546 1600 578 manus
1627 535 1782 578 sollers
1811 543 1892 591 est,
1921 550 2031 592 quae

332 627 484 659 novam
515 619 606 657 rem
640 613 822 666 effinxit,
860 614 922 656 ait
951 619 1071 657 recte
1104 615 1526 660 Wmvnanmcmus·
1588 615 2034 674 Nempe·.revooatun1

334 703 422 751 est,
465 701 513 739 ut
543 708 702 752 saepe,
751 694 807 737 ad
839 699 1006 751 partem
1039 698 1234 753 corporis
1267 696 1490 754 epitheton
1531 705 2037 755 personaecompetens,

333 783 386 826 cf.
420 782 455 835 l,
489 785 528 833 l,
559 783 632 823 46.
659 801 716 812 -·
747 786 995 823 teneram
1040 779 1271 824 humum.
1335 783 1551 835 Vossius,
1583 782 1788 827 Bacmus
1819 789 1864 826 et
1894 783 2039 826 Wun-

333 879 616 911 nssnmcnms
657 866 828 909 mollem
871 878 927 908 ex
970 864 1058 908 Nili
1105 865 1385 908 inundatIone
1433 865 1693 920 facilemque
1718 866 1791 921 ,ad
1833 867 2039 911 arandum

335 950 671 1004 interpretantur
701 948 847 990 collat.
883 948 1021 990 Pam.
1051 946 1218 1000 XVIII,
1252 950 1322 1000 18,
1353 950 1427 991 47.
1457 944 1463 949 “
1489 947 1579 991 Sed
1613 947 1720 993 haec
1751 947 1931 1005 physica
1959 950 2040 993 ob·

334 1032 520 1075 servatio
549 1030 647 1074 vide
677 1043 732 1073 ne
772 1027 1028 1085 geographo
1069 1028 1240 1083 dignior
1271 1030 1328 1072 sit
1359 1043 1487 1084 quam
1529 1037 1673 1087 poeta.
1739 1032 1862 1078 Quid«
1896 1033 2040 1088 poesis

336 1117 551 1171 postulet,
583 1115 786 1158 Vum’ms
817 1118 863 1156 et
895 1113 1112 1156 Hermus
1143 1115 1298 1156 melius
1331 1120 1671 1169 perspexerant,
1713 1121 1942 1161 monentes
1974 1122 2044 1156 te-

335 1212 486 1238 neram
511 1209 607 1240 esse
634 1200 866 1247 recentem,
896 1194 1055 1236 mundo
1083 1195 1229 1249 paullo
1253 1199 1356 1240 ante
1385 1199 1497 1249 orto,
1528 1201 1587 1239 ut·
1604 1209 1710 1241 mox
1734 1198 1908 1254 inexp
1920 1203 2042 1241 etta
2082 1187 2092 1196 ’

336 1284 504 1325 dicitnr.
567 1281 643 1323 Sic
671 1287 850 1320 tenerae
879 1292 950 1320 res
982 1279 1124 1321 Viae.
1154 1278 1323 1333 Geor-g.
1354 1279 1414 1332 Π,
1442 1282 1548 1324 343.
1571 1301 1625 1314 -
1658 1281 2044 1336 sollicita-vit,

337 1365 390 1406 cf.
425 1364 562 1405 vmc.
595 1362 760 1415 Georg.
791 1360 847 1413 11,
878 1362 983 1403 418.
1016 1360 1154 1403 Ovm.
1186 1359 1416 1415 Fusa-lv,
1447 1364 1551 1405 396.
1572 1385 1634 1396 -
1661 1375 1768 1408 non
1794 1365 1956 1408 not—is
1978 1366 2045 1408 ab

340 1436 674 1499 arboribus,
724 1446 764 1488 h.
798 1458 836 1488 e.
883 1445 1046 1500 primus
1086 1444 1269 1488 arbores
1307 1447 1419 1489 sevit
1453 1451 1499 1489 et
1538 1459 1596 1491 ex
1627 1447 1894 1504 satia-poma
1925 1449 2046 1504 legit,

335 1545 460 1575 nsum
492 1544 642 1575 eorum
675 1530 922 1574 ostendenS.
952 1554 1012 1563 —
1045 1530 1098 1574 V.
1125 1533 1183 1573 33
1206 1543 1273 1585 sq.
1302 1535 1560 1574 teneram
1591 1531 1791 1586 vitem,
1821 1544 1933 1588 quae
1961 1532 2046 1576 ful-

339 1630 413 1661 cro
459 1629 566 1673 opus
610 1614 737 1658 habet
781 1627 863 1658 nec
907 1615 1002 1658 sola
1043 1627 1122 1659 sua
1165 1628 1216 1659 se
1261 1616 1302 1658 vi
1335 1615 1562 1659 *sustinere
1605 1620 1769 1672 potest.
1794 1636 1855 1650 --
1905 1615 2047 1659 ‘dura

338 1700 515 1751 falce,
546 1710 630 1740 non
664 1701 850 1753 propter·
872 1696 976 1740 ferri
1007 1697 1225 1752 rigorem,
1255 1701 1304 1740 ut
1334 1710 1432 1741 oum
1466 1698 1798 1745 Bnoucmsm
1826 1697 2046 1743 Hnnuns

339 1785 455 1836 vult,
498 1782 611 1837 quod
646 1787 761 1825 esset
793 1782 978 1826 otiosum
1009 1780 1164 1826 in-hae
1196 1783 1317 1839 poesi
1349 1781 1596 1839 epitheton,
1626 1781 1704 1826 sed
1735 1782 1916 1837 immiti,
1962 1795 2048 1826 non

339 1871 543 1922 parcente
571 1865 792 1908 inutilibus
817 1865 947 1907 ramis
973 1859 1176 1919 foliisque
1199 1864 1533 1919 luxuriantibus,
1566 1866 1645 1908 etsi
1669 1865 1809 1909 oculis
1833 1864 2046 1921 placeant.

339 1949 522 1991 Confert
567 1948 755 1991 Vossius
805 1946 929 2001 virg.
971 1947 1137 2001 Georg.
1180 1945 1239 2001 11,
1270 1950 1384 1990 369.
1438 1952 1484 1990 et
1527 1949 1760 1992 assentitur
1805 1949 2046 1993 Wnnmzn-

340 2043 539 2074 memus,
613 2029 707 2071 Nec
750 2029 960 2072 viridis
1004 2031 1220 2084 otiosum3
1265 2031 1366 2074 talis
1408 2031 1520 2076 enim
1562 2032 1748 2076 absumit
1787 2045 1957 2076 succos.
1989 2055 2046 2063 —

340 2115 396 2159 V.
438 2118 510 2158 36.
561 2113 807 2157 incultis
854 2111 1118 2167 pedibus.
1195 2113 1377 2168 Vulgari
1430 2126 1518 2156 usu*
1553 2112 1758 2157 incultus
1804 2115 2047 2168 significat:

343 2199 614 2253 negligenter
645 2195 843 2249 habituS,
876 2195 1130 2250 neglectus,
1171 2195 1266 2238 sine
1297 2196 1416 2238 cultu
1448 2201 1493 2239 et
1526 2201 1704 2251 ornatu,
1736 2197 1851 2252 quod
1881 2197 1938 2241 ad
1969 2210 2048 2253 pe-

342 2285 418 2326 des
448 2283 631 2325 relatum
662 2279 774 2322 idem
807 2283 875 2321 est
904 2279 1020 2333 quod
1052 2279 1296 2322 immundus
1328 2280 1507 2324 incuria.
1586 2279 1676 2324 Sed
1709 2285 1797 2323 tam
1826 2281 2049 2335 inelegans

343 2367 560 2423 epitheton
593 2366 690 2420 quis
719 2364 953 2407 admittat?
1015 2364 1080 2406 Ac
1114 2365 1312 2408 lavantur
1353 2365 1488 2420 pedes
1530 2370 1576 2407 et
1613 2370 1880 2421 purgantur,
1923 2370 2049 2408 aate-

346 2463 472 2505 quam
518 2454 717 2506 premant
759 2459 878 2489 uvas.
941 2448 1091 2493 Quare
1135 2448 1431 2491 Gannanmss
1474 2447 1591 2492 alind
1631 2448 1879 2503 substituit,
1923 2449 2049 2492 musti

345 2533 623 2588 adspersione
657 2529 901 2585 inquinatos
943 2530 1195 2586 explicans,
1245 2529 1362 2584 quod
1408 2531 1540 2573 etiam
1582 2530 1803 2573 Hermus
1832 2535 1879 2574 et
1906 2531 2049 2574 Wun-

347 2627 631 2658 nffltmcnms
662 2613 851 2668 amplexi
883 2617 996 2654 sunt.
1060 2611 1151 2654 Sed
1182 2616 1397 2667 repugnat
1427 2611 1603 2667 lingna3
1644 2613 1806 2669 pedeS,
1846 2614 1920 2668 qui
1949 2613 2051 2657 dum

347 2702 570 2752 premunt,
603 2697 877 2751 inquinantur
911 2700 1081 2749 musto,
1111 2708 1197 2738 non
1227 2701 1409 2751 possunt
1440 2697 1712 2750 negligenter
1741 2696 1893 2740 habia.
1907 2703 1952 2740 et
1983 2699 2050 2740 in·-

348 2784 463 2824 curia
493 2781 655 2824 sordidi
685 2780 785 2824 dici.
846 2780 917 2823 Ne
947 2780 1113 2833 multa3
1143 2780 1323 2822 meliora
1355 2779 1461 2822 vidit
1492 2781 1698 2824 Vossms.
1743 2781 1942 2835 ⁴inculti,
1975 2783 2051 2834 ait,
2135 2758 2139 2816 J

347 2872 445 2908 sunt
477 2865 666 2919 indocti,
708 2863 862 2916 rudes,
892 2861 1081 2906 nondum
1113 2863 1241 2917 periti
1273 2861 1398 2905 huius
1431 2863 1517 2916 rei,
1547 2865 1712 2920 quippe
1740 2864 1923 2920 primum
1955 2869 2051 2909 ten-
2135 2869 2139 2876 '

347 2955 514 3002 tames,
545 2954 594 2991 ut
623 2948 768 2990 statim
799 2945 947 2988 nescia
978 2944 1171 2988 membra
1201 2947 1415 2991 dicuntur.
1480 2947 1611 2993 Quod
1644 2960 1792 2991 verum
1823 2953 1890 2992 est
1917 2961 2052 2992 aceu-

347 3036 482 3078 ratins
513 3032 749 3075 definitum.
822 3029 935 3072 Nam
968 3044 1047 3087 per
1085 3045 1133 3074 se
1163 3031 1338 3086 quidem
1368 3030 1571 3075 incultus
1601 3044 1686 3075 non
1714 3036 1784 3075 est
1821 3031 1946 3075 huius
1975 3038 2051 3074 aut
2133 3051 2143 3061 τ

347 3118 462 3158 iliius
493 3115 598 3158 artis
626 3115 873 3170 imperitus,
906 3114 985 3157 sed
1017 3117 1331 3170 generaliorem
1365 3127 1538 3159 sensum
1573 3114 1715 3160 habet.
1776 3117 1890 3159 Sunt
1917 3117 2050 3171 igitur

348 3199 496 3241 inculti
527 3198 662 3253 pedes
703 3196 814 3239 haud
857 3196 986 3239 dubie
1030 3197 1289 3241 incultorum
1334 3174 1555 3241 hominnm
1591 3197 1753 3254 pedeS,
1799 3204 2049 3242 revocatum

351 3293 452 3322 vero
485 3285 551 3322 est
581 3277 827 3333 epitheton,
859 3277 973 3332 quod
1006 3281 1205 3334 personis
1235 3280 1540 3336 competebat,
1571 3280 1626 3322 ad
1658 3285 1824 3336 partem
1857 3283 2050 3338 corporis

352 3378 404 3408 ex
447 3376 523 3406 usu
569 3375 699 3417 saepe
744 3375 770 3403 a
811 3363 934 3404 nobis
974 3368 1151 3419 notato,
1197 3377 1294 3407 cum
1339 3366 1486 3407 talium
1534 3362 1750 3406 hominum
1797 3363 1931 3418 pedes
1968 3364 2049 3419 ipsi

353 3451 479 3491 etiam
513 3448 639 3492 rudes
672 3449 755 3490 sint
789 3452 830 3490 et
871 3448 1046 3492 indocti.
1111 3450 1307 3505 Denique
1342 3463 1470 3494 causa
1502 3447 1679 3506 epitheti
1711 3449 1852 3502 clara3
1897 3449 2047 3491 lauda-
2120 3458 2139 3486 ⁴·
