2086 3756
870 179 1180 233 TIBULLI.
1753 201 1872 234 cmx

178 337 295 387 spes
333 320 503 371 omnis
545 331 595 372 et
629 322 842 372 fortuna
884 320 1053 372 nostri
1088 322 1312 383 nominis
1351 319 1678 372 Hasdrubale
1715 322 1877 374 inter-

177 425 343 479 emto,
382 425 472 465 aut
506 414 551 466 si
587 415 784 465 Graece
822 413 991 464 dicas:
1043 407 1223 477 δεινά,
1276 407 1431 471 δεινοὶ
1469 406 1875 484 πεπόνθαμεν,

178 511 360 577 quales
396 508 601 575 tragicis
642 517 918 572 tantopere
965 509 1327 577 frequentatae
1376 508 1607 573 eiusdem
1641 510 1786 561 vocis
1819 512 1878 559 in

177 603 356 653 eadem
406 601 664 654 sententia
708 601 1063 668 repetitiones.
1157 603 1361 655 Afferas
1413 621 1440 656 e
1487 603 1699 655 Tibullo
1747 604 1876 654 haec

170 699 222 761 1,
262 705 321 759 3,
358 702 459 746 27:

310 804 466 855 Nunc
505 802 631 869 dea,
656 808 819 854 >tuum:
858 820 1103 856 succurre
1144 804 1301 869 mihi,

145 893 222 961 'et
257 912 351 974 Ν,
391 918 453 975 3,
489 915 588 963 15:

314 1005 465 1079 Tunc
502 1005 657 1069 mihi,
706 1017 831 1057 tunc
867 1005 1109 1072 placeant
1148 1004 1336 1067 silvae,

170 1130 342 1181 neque
375 1115 434 1164 in
468 1115 562 1165 tali
599 1114 858 1169 vividiore
903 1115 1216 1185 repetitione
1258 1114 1633 1182 particularum
1674 1123 1877 1180 tempo-

166 1208 358 1259 ralium
390 1207 679 1277 quidquam
710 1220 787 1260 est
818 1207 963 1278 quod
991 1227 1102 1274 non
1131 1209 1408 1273 conveniat
1431 1209 1512 1260 his
1546 1208 1878 1271 carminibus,

165 1319 293 1353 vera
329 1311 500 1354 autem
535 1306 616 1356 vis
651 1303 848 1370 figurae
881 1295 979 1355 ubi
1014 1303 1361 1367 substantiva,
1398 1301 1678 1366 adjectiva,
1712 1303 1877 1354 verba

167 1397 240 1446 sic
283 1384 600 1464 repetuntur
643 1396 1011 1463 significantia,
1061 1398 1270 1468 gravius
1309 1408 1399 1448 aut
1433 1397 1644 1446 mollius
1681 1387 1878 1453 πάθος

165 1487 327 1541 habet
375 1491 534 1559 qua'm
575 1476 681 1558 'pro
725 1492 1050 1558 simplicitate
1094 1493 1319 1555 Tibulli,
1369 1491 1534 1546 veluti
1567 1489 1698 1542 illud
1742 1491 1875 1540 Pro-

162 1586 318 1653 pertii
353 1586 715 1636 mollissimum
755 1587 809 1651 Ι,
845 1593 944 1652 20,
982 1592 1082 1638 32:

304 1696 388 1746 Ah
426 1693 722 1761 doloribat
757 1695 947 1764 Hylas,
998 1697 1134 1761 ibat,
1183 1694 1597 1766 Hamadryasin,

164 1806 312 1856 nullo
349 1804 508 1856 modo
545 1815 754 1872 poterat
789 1803 962 1856 dicere
998 1805 1258 1857 Tibullus.
1327 1805 1439 1857 Nec
1477 1804 1703 1873 denique
1734 1823 1873 1872 pros-

160 1901 407 1966 apodosz's,
447 1900 613 1967 qualis
647 1918 700 1951 v.
727 1917 769 1950 c.
802 1899 860 1949 in
895 1899 1010 1950 his:
1059 1894 1211 1969 βοοῖν
1249 1891 1429 1962 «iiim,
1474 1891 1647 1968 βοάν,
1689 1897 1874 1966 quaeri

162 1991 317 2043 debet
360 1994 419 2050 in
458 1994 794 2061 .I‚1,ac2poesi;
854 2010 965 2044 non
1014 1993 1191 2044 omnia
1241 1994 1565 2046 conveniunt
1610 1995 1871 2059 omnibus.

161 2087 333 2154 Atque
386 2089 514 2137 haec
563 2087 776 2155 quidem
828 2085 892 2137 de
941 2088 1040 2138 his.
1125 2087 1371 2140 Vidimus
1418 2088 1553 2152 vim,
1618 2089 1869 2152 vigorem,

75 2253 79 2255 -
158 2182 460 2245 gravitatem
491 2183 687 2234 horum
722 2182 1068 2254 schematum,
1105 2194 1156 2233 et
1187 2181 1312 2250 quid
1345 2179 1650 2233 huiusmodi
1671 2179 1871 2232 Tibulli

159 2278 331 2340 poesis
366 2276 587 2339 habeat3
621 2275 988 2326 recordabitur
1013 2293 1142 2327 vero
1178 2277 1342 2326 lector
1378 2293 1489 2327 non
1520 2277 1691 2326 solum
1726 2269 1870 2343 πρὸς

160 2360 478 2436 δεινότητα,
518 2367 609 2418 sed
645 2370 800 2419 etiam
835 2368 929 2422 ἐπὶ
966 2362 1220 2442 χάριτος,
1261 2368 1325 2418 ad
1358 2380 1682 2421 venustatem
1721 2367 1870 2419 adhi-

158 2464 275 2513 beri
325 2464 662 2530 repetitiones
717 2465 1003 2515 verborum
1061 2465 1345 2537 et·lusum
1400 2482 1615 2516 suavem
1670 2465 1867 2514 habere

158 2573 311 2623 posse
358 2556 416 2605 in
465 2556 614 2607 certis
658 2558 789 2607 locis
839 2568 889 2608 et
937 2557 1230 2619 sententiis,
1285 2558 1432 2608 cuius
1469 2559 1546 2608 rei
1590 2559 1748 2624 plena
1792 2566 1870 2607 est

157 2668 209 2701 v.
237 2669 280 2702 c.
314 2649 581 2717 Propertii
614 2652 791 2719 poesis
830 2661 882 2701 et
917 2652 1179 2702 Bucolica.
1265 2650 1350 2701 Sic
1389 2652 1508 2719 quis
1544 2654 1709 2702 nescit
1747 2670 1797 2704 v.
1825 2669 1869 2701 c.

156 2745 285 2796 haec
322 2744 638 2796 Theocritea
674 2746 975 2813 anaphorae
1016 2747 1255 2815 exempla
1290 2746 1448 2810 VIII,
1484 2752 1546 2798 3:

290 2846 507 2921 ''Apocpm
554 2845 678 2922 τώγ’
721 2848 866 2923 ἧτην
915 2852 1286 2927 πυρῥοτρίχω,
1340 2849 1511 2923 ἄμφω
1559 2846 1788 2923 οἷνοέβω,

359 2941 576 3015 ”Αμφω
623 2944 876 3017 συρίσὸεν
909 2945 1282 3017 δεδαημένοι,
1337 2943 1506 3019 ἄμφω
1557 2943 1771 3014 οἷείὸεν,

156 3052 206 3093 et
248 3059 300 3092 v.
332 3045 428 3091 11:

300 3128 576 3206 Χρῄσὸεις
610 3124 688 3188 ὦν
719 3131 934 3199 ἐσιδεῖν,
970 3127 1221 3209 χρῄσὸεις
1251 3139 1589 3190 καταθεῖναι
1617 3131 1833 3190 ἄεθλον
1844 3157 1863 3199 ,-

371 3222 612 3299 Χρῄσδω
635 3220 784 3282 τοῦτ’
806 3226 1020 3293 ἐσιδεῖν,
1037 3221 1247 3303 χρῄσὸω
1270 3233 1607 3285 καταθεῖναι
1630 3225 1864 3284 ἄεθλον.
