2158 3750
303 279 372 328 44
696 275 1164 330 COMMENTAR.
1199 276 1276 329 IN
1314 277 1602 330 TIBULLI

299 421 423 479 ripit.
496 421 712 477 Imprimis
757 434 890 477 saepe
934 421 990 465 de
1035 423 1134 466 luna
1183 422 1365 476 dicitur,
1409 422 1526 476 quod
1573 424 1744 466 Graece
1788 417 2004 476 κατάγειν,

302 508 552 555 καθέλκειν,
599 505 850 554 κατασπᾶν,
898 509 1128 563 καθαιρεῖν
1157 503 1238 563 τήν
1269 502 1448 562 σελήνην
1490 510 1580 558 est,
1629 506 1786 549 Latine
1814 504 2003 558 trahere,

303 588 554 641 detrahere,
584 587 825 640 devocare,
857 586 1082 643 deripere,
1125 587 1340 630 deducere
1370 587 1497 630 coelo
1525 592 1600 628 aut
1630 600 1656 630 e
1685 599 1816 630 curru
1842 588 2003 640 lunam,

282 674 356 716 ·cf.
386 673 590 714 Limum.
631 670 687 713 ad
718 669 873 713 Horat.
904 670 934 711 1.
966 671 1044 713 cit.
1089 670 1343 712 Ams'romr.
1384 668 1502 711 Nub.
1543 671 1647 711 746.
1691 668 1838 722 ibique
1866 669 2002 712 inter-

299 758 428 810 prett.
461 753 594 796 Sum.
626 765 661 795 8.
689 765 729 794 v.
762 753 834 793 ἐπὶ
860 751 1008 806 σαυτῷ
1038 747 1117 807 τήν
1148 745 1325 807 σελήνην
1356 750 1596 796 καθέλκεις.
1655 750 1766 793 Add.
1793 751 1921 795 voss.
1946 749 2003 792 ad

296 838 419 890 Virg.
462 835 619 890 Eclog.
663 835 783 889 vm,
812 839 889 878 69.
930 835 1014 878 vid.
1056 835 1218 878 Tibun.
1249 835 1285 888 I,
1315 838 1359 888 8,
1392 837 1468 877 21.
1518 836 1757 877 Pnorssu.
1787 832 1824 887 I,
1856 837 1897 887 l,
1926 835 2005 877 21.

296 918 467 962 Hssms,
506 919 562 962 ad
606 919 733 966 ovid.
775 919 957 962 Heroid.
989 919 1066 972 VI,
1097 922 1173 962 88.
1204 942 1262 952 —-
1319 919 1623 963 ducentem
1660 917 1756 961 scil.
1799 918 2006 972 carmine,

296 1003 372 1046 sed
416 1002 500 1046 hoc
540 1003 693 1047 melius
723 1004 766 1046 in
797 1007 1111 1059 pentametrum
1150 1003 1326 1057 reiecit,
1369 1008 1419 1045 ut
1450 1014 1582 1059 saepe
1613 1013 1796 1054 moneo,
1835 1013 1892 1044 ne
1923 999 2004 1043 de-

297 1091 465 1130 crescat
493 1087 619 1141 vigor
648 1086 870 1138 orationis,
913 1087 958 1127 in
991 1084 1208 1137 secundis,
1240 1085 1381 1127 tertiis
1411 1084 1615 1127 membris
1644 1082 1743 1126 addi
1774 1081 1892 1137 quod
1921 1095 2002 1125 no-

295 1184 392 1214 vam
431 1172 517 1213 vim
558 1169 726 1212 afferat.
788 1169 916 1211 Nunc
956 1168 1014 1212 cf.
1047 1169 1186 1210 ΟΠ».
1218 1167 1388 1210 Amorr-
1419 1168 1455 1220 Ι,
1498 1171 1543 1219 8,
1588 1170 1660 1210 18.
1697 1187 1754 1199 ·-
1800 1166 2006 1210 ducen-

293 1258 403 1296 tem
435 1252 567 1294 vidi.
628 1250 792 1297 Quidni
836 1251 949 1292 enim
994 1249 1152 1292 viderit
1196 1247 1382 1291 caducas
1422 1249 1596 1301 stellas,
1636 1243 1850 1304 ἀστέρας,
1895 1259 2004 1302 quas

292 1347 399 1389 saga
430 1334 647 1377 deducere
677 1347 725 1377 se
756 1333 965 1377 dicebat?
1027 1334 1185 1376 Cetera
1216 1345 1350 1386 vero,
1382 1345 1495 1388 quae
1523 1337 1788 1387 sequuntur,
1816 1343 1901 1375 non
1932 1331 2000 1374 vi-

293 1420 370 1474 dit,
402 1419 479 1462 sed
509 1420 649 1463 credit
678 1421 869 1462 narranti
899 1433 1119 1474 sagae.—
1153 1420 1208 1462 V.
1240 1421 1314 1461 46.
1345 1418 1633 1461 Fluminis
1665 1416 1845 1460 vertit
1873 1417 2004 1469 iter,

293 1501 334 1545 h.
378 1515 419 1545 e·
463 1502 567 1546 facit
606 1507 656 1545 ut
701 1514 852 1545 versus
894 1508 1025 1558 caput
1067 1506 1312 1544 revertatur
1355 1502 1526 1544 flumen.
1603 1501 1846 1544 Probamus
1886 1500 2000 1543 enim

290 1587 522 1630 lectionem
540 1585 777 1643 flaminis,
807 1594 856 1629 ut
885 1601 1017 1642 saepe
1047 1587 1223 1628 flumina
1250 1587 1293 1628 in
1324 1585 1403 1628 hac
1434 1599 1482 1629 re
1513 1590 1819 1629 memorantur.
1862 1587 2000 1629 Ovio.

292 1671 462 1714 Amorr.
489 1670 526 1722 I,
555 1672 601 1722 8,
631 1672 684 1712 6:
736 1667 829 1710 Illa
861 1683 1022 1727 umgas
1051 1677 1176 1711 artes
1206 1669 1450 1727 Aeaeaque
1482 1668 1682 1710 carmina
1712 1668 1838 1712 novit
1868 1669 2003 1728 inque

290 1761 430 1810 caput
462 1751 648 1809 rapidas
679 1759 779 1793 arte
810 1758 1024 1793 recurvat
1055 1766 1217 1810 aquas.
1250 1751 1363 1794 Add.
1394 1751 1576 1794 Luem.
1603 1751 1678 1804 Vl,
1712 1754 1817 1794 473.
1847 1752 2003 1795 CLAU-

291 1848 423 1878 mAN.
453 1835 498 1878 in
529 1835 673 1879 Rufin.
697 1835 731 1888 I,
758 1839 856 1879 159.
887 1837 1100 1880 Panos.
1132 1836 1263 1878 Satir.
1296 1849 1334 1878 c.
1363 1837 1464 1877 134.
1527 1835 1593 1877 Ad
1625 1835 1866 1878 orationem
1894 1849 2000 1880 vero

290 1920 402 1962 bene
445 1919 667 1962 confertur
714 1920 850 1963 Ovm.
886 1918 1002 1976 Epp.
1034 1933 1090 1962 ex
1122 1921 1265 1963 Ponto
1307 1920 1386 1972 lv,
1416 1923 1459 1973 6,
1491 1921 1575 1961 45:
1627 1921 1749 1961 Ister
1777 1918 1827 1961 in
1857 1927 2000 1976 capue

286 2003 470 2044 Euxino
511 2002 564 2043 de
606 2017 728 2044 mare
771 2010 917 2044 vertet
957 2002 1060 2043 iter.
1134 2002 1333 2056 Denique
1373 2001 1519 2044 sidera
1564 2006 1610 2044 et
1652 2001 1826 2045 flumina
1868 2002 1998 2046 etiam

286 2087 585 2129 Paorssn'rnrs
615 2086 651 2140 I,
685 2090 726 2139 1,
755 2089 829 2129 23.
864 2087 908 2130 in
939 2086 1091 2129 eadem
1123 2099 1172 2128 re
1203 2086 1454 2140 coniungit:
1488 2093 1599 2127 tunc
1627 2099 1710 2144 ego
1738 2085 1999 2129 crediderim

285 2169 410 2211 vobis
437 2177 482 2211 et
519 2169 669 2212 sidera
701 2178 748 2211 et
778 2184 929 2212 amnes
956 2185 1087 2226 posse
1120 2169 1359 2228 Cytaeaeis
1390 2170 1546 2211 ducere
1583 2168 1871 2214 carminibus.
1931 2171 1998 2214 lbi

285 2250 444 2293 ducere
485 2252 748 2306 generaliter
790 2257 858 2296 est
899 2252 1063 2295 dictum
1104 2266 1170 2308 pr.
1202 2252 1259 2294 ad
1304 2253 1531 2295 arbitrium
1559 2265 1686 2295 suum
1703 2252 1880 2296 ‘ducere
1909 2265 1997 2308 quo

285 2341 382 2394 quis
408 2340 525 2394 velit,
556 2352 608 2383 ac
633 2339 777 2383 sidera
801 2339 857 2382 de
885 2341 1010 2383 coelo
1036 2339 1311 2383 deducuntur
1334 2345 1410 2384 aut
1434 2346 1550 2384 retro
1575 2345 1802 2384 vertuntur
1832 2340 1999 2394 (Vno.

284 2425 390 2466 Aen.
424 2424 500 2477 lv,
536 2423 675 2478 489),
718 2424 892 2467 flumina
923 2425 977 2467 ad
1008 2429 1140 2481 caput
1170 2430 1455 2479 revocantur,
1485 2430 1535 2468 nt
1565 2423 1766 2468 vidimus.
1827 2425 1995 2472 Quam-

282 2517 410 2559 quam
441 2505 559 2560 quod
590 2506 732 2548 obiter
761 2518 940 2559 moneo,
983 2507 1080 2550 aliis
1111 2507 1218 2550 iocis
1262 2508 1393 2550 etiam
1425 2506 1657 2550 sistantur
1686 2507 1856 2562 magica
1887 2513 1996 2561 arte,

280 2593 330 2629 ut
362 2590 535 2631 APOLL.
565 2589 723 2632 Rnon·
755 2589 834 2641 Ill,
863 2592 970 2633 552.
1013 2589 1069 2632 de
1097 2588 1282 2632 Medea=
1314 2593 1388 2630 καὶ
1418 2585 1642 2638 ποταμούς
1677 2587 1844 2646 ἵστησιν
1875 2585 1993 2646 ἄφαρ

282 2667 505 2712 κελαδεινιὶ
545 2670 745 2728 ῥέοντας,
799 2667 944 2729 ἄστρα
982 2687 1029 2713 τε
1075 2675 1149 2713 καὶ
1181 2668 1320 2728 μήνης
1361 2669 1500 2726 ἱερούς
1541 2672 1719 2727 ἐπέδησε
1762 2669 1993 2719 κελευθοιῖς

283 2753 382 2807 (nbi
414 2754 558 2796 obiter
588 2755 719 2797 etiam
760 2755 938 2797 flumina
979 2758 1025 2797 et
1066 2753 1210 2796 sidera
1240 2755 1470 2796 coniuncta
1500 2753 1734 2809 observa),
1778 2760 1824 2798 et
1854 2756 1991 2800 Ovm.

282 2836 390 2879 Met.
422 2837 518 2890 Vll,
553 2839 656 2881 154.
689 2842 734 2880 et
762 2836 946 2879 Heroidi
967 2836 1043 2889 VI,
1065 2839 1150 2882 az:
1181 2835 1267 2877 illa
1297 2836 1505 2895 refrenat
1535 2851 1685 2895 aquas
1717 2835 1992 2897 obliquaque

269 2918 472 2973 flumina
513 2918 667 2965 sistit,
717 2918 793 2960 ubi
835 2931 891 2961 ne
910 2917 1122 2975 fulmina
1151 2931 1338 2975 reponas
1373 2932 1430 2963 ex
1462 2921 1628 2975 aliquot
1658 2921 1805 2975 libris,
1850 2926 1918 2965 est
1946 2923 1990 2966 in

280 3005 375 3042 toto
417 2999 600 3044 disticho
637 3000 809 3043 nonnisi
850 2999 907 3043 de
947 3001 1226 3044 terrestribus
1267 3002 1398 3046 rebus
1439 3015 1600 3046 sermo·
1674 3005 1821 3058 Atque
1858 3005 1990 3049 etiam

281 3081 363 3125 hoc
396 3085 493 3126 loco
524 3083 567 3127 in
598 3068 687 3126 uno
717 3087 785 3125 est
815 3081 968 3129 sistit,
1001 3083 1119 3139 quod
1147 3089 1293 3128 tamen
1322 3085 1483 3134 falstra
1513 3087 1807 3142 reponendum
1836 3089 1990 3132 credas

282 3171 460 3221 propter
505 3165 765 3209 adiectivum
800 3168 1015 3224 rapidi.
1091 3169 1304 3213 Convenit
1337 3159 1451 3214 enirn
1483 3171 1612 3214 etiam
1644 3171 1821 3214 verbum
1851 3172 1990 3214 vertit

278 3249 455 3305 rapido,
507 3250 657 3305 rapide
690 3253 959 3305 procurrenti
1003 3253 1160 3305 fluvio,
1211 3253 1283 3306 qui
1318 3265 1401 3294 non
1435 3252 1630 3295 videatur
1662 3253 1809 3296 reduci
1841 3259 1886 3296 et
1917 3266 1986 3298 re-

278 3331 388 3374 trahi
413 3346 554 3388 posse,
586 3346 637 3376 ac
668 3333 779 3376 dixit
809 3335 922 3378 idem
951 3336 1148 3378 Ovmws
1171 3337 1354 3379 Amorr.
1385 3335 1420 3387 1,
1452 3338 1495 3387 8,
1529 3340 1571 3378 7.
1606 3337 1702 3379 ioco
1733 3337 1862 3380 modo
1891 3339 1985 3381 lau-
2055 3385 2060 3390 ‚

277 3417 395 3461 dato.
459 3418 571 3462 Nam
603 3419 708 3464 illud
744 3419 916 3474 quidem
949 3433 1002 3462 ne
1034 3420 1197 3474 dubita,
1229 3420 1489 3464 adiectivum
1528 3421 1613 3464 vim
1645 3420 1801 3467 babere
1830 3423 1874 3466 in
1906 3421 1983 3466 hac

2124 1244 2158 2326 ξ
