2158 3750
737 276 919 329 LIBR.
964 278 1026 330 11.
1103 277 1303 331 ELEG.
1341 279 1388 330 ἶ.
1820 291 1920 338 211

212 422 379 479 Nempe
424 419 589 465 alludit
631 417 686 464 ad
727 420 883 477 copiae
920 432 1055 464 cornu
1093 418 1209 475 quod
1241 418 1426 474 dicitur,
1472 419 1528 463 de
1558 432 1644 477 quo
1677 407 1917 480 videsspssine,

213 507 400 550 Holwr.
434 507 520 551 Od.
552 506 589 561 Ι,
618 510 689 560 17,
713 509 784 550 16.
823 510 870 549 et
898 505 1040 562 Epist.
1063 505 1099 558 1,
1130 508 1202 559 12,
1233 505 1304 547 fin.
1367 505 1482 550 Hinc
1513 519 1625 552 nunc
1654 512 1762 553 uva'
1790 523 1919 567 pen-

208 589 307 632 det
335 603 361 633 e
392 589 600 633 cornibus
631 589 729 642 dei3
769 601 852 632 nec
881 588 1068 632 frontem
1098 602 1152 631 ea
1182 594 1379 633 ornatam
1409 588 1565 646 habet,
1593 597 1644 636 ut
1673 607 1743 650 ap.
1777 595 1916 640 Ovm.

213 674 321 716 Met.
354 673 435 728 ΙΙΙ,
463 676 578 716 666:
622 671 718 728 ipse
760 668 1039 727 racemiferis
1069 669 1277 727 frontem
1320 670 1626 716 circumdatus
1666 674 1792 730 uvis,
1838 684 1916 722 aut

206 757 368 801 crinem
380 772 403 811 ‚·
441 761 494 799 ut
533 757 676 799 Suu-1⁸.
716 751 858 796 Theb.
890 754 946 807 V,
974 756 1094 796 269:
1144 767 1224 795 nec
1266 753 1429 796 crinem
1461 757 1599 812 flava
1643 756 1915 802 distinxerat

209 853 318 882 uva.
349 862 410 871 —-
455 842 512 881 et
541 836 727 894 spicis
755 841 1014 892 tempora
1045 837 1235 892 cinge,
1265 842 1312 880 et
1340 839 1438 880 veni
1469 840 1612 883 cincta
1639 842 1771 898 spicis
1801 848 1914 889 tem*

204 933 326 976 pora.
400 921 565 963 Ornate
596 931 673 960 vos
703 917 900 972 frugibus
929 918 1110 971 vestriS,
1160 919 1249 972 ait,
1287 924 1419 975 atque
1460 921 1522 964 ita
1561 923 1717 979 pignus
1757 926 1913 971 afferte

203 1001 355 1056 largae
385 1000 559 1044 futurae
588 1001 757 1045 messis.
786 1024 845 1033 —
892 1001 947 1046 V.
979 1005 1009 1044 5
1040 1015 1135 1058 sqq.
1195 1005 1232 1046 A
1275 1002 1358 1046 diis
1397 1003 1452 1047 ad
1494 1003 1687 1051 homines
1728 1022 1912 1054 conver-

200 1097 300 1138 sus,
344 1085 530 1141 imperat
556 1089 608 1128 ut
637 1097 749 1141 opus
794 1098 922 1130 omne
956 1087 1144 1130 mittant.
1204 1086 1270 1130 Ae
1300 1088 1486 1144 primum
1516 1089 1572 1132 ad
1605 1091 1775 1135 tertiam
1806 1106 1911 1150 per-

202 1179 350 1210 sonam
395 1167 522 1213 redit.
599 1167 667 1212 Ad
711 1168 844 1212 verba
899 1171 1246 1226 requiescat
1299 1169 1519 1226 hnmuS,
1571 1175 1911 1229 requiescat

199 1255 422 1305 arator,
452 1253 590 1295 ΟΠ».
620 1252 742 1294 Fast-
772 1253 809 1308 I,
840 1256 954 1299 667:
1003 1255 1048 1298 V
1044 1253 1177 1303 illice,
1210 1254 1270 1296 da
1302 1254 1496 1314 requiem
1526 1262 1690 1305 terrae,
1718 1266 1910 1300 semente

192 1340 411 1389 peracta,
450 1332 511 1374 da
541 1333 760 1393 requiem,
790 1342 960 1378 terram
990 1334 1070 1395 qui
1099 1335 1301 1384 coluere,
1343 1336 1481 1386 viris,
1521 1338 1692 1382 confert
1721 1340 1906 1385 Huscn-

200 1428 322 1459 nus.
352 1439 412 1448 —
464 1417 687 1460 Solvite
728 1417 920 1460 vincla
962 1417 1148 1472 iugis,
1198 1415 1240 1461 h.
1270 1431 1311 1462 e.
1354 1419 1448 1461 lora
1490 1419 1689 1474 iugorum
1731 1421 1906 1476 demite,

200 1501 356 1557 quibus
386 1501 462 1544 illa
501 1501 625 1544 collis
657 1500 790 1544 boum
820 1501 1066 1557 alligantur.
1127 1500 1251 1560 iugis
1281 1516 1381 1546 cum
1412 1503 1792 1548 Wmvmsnmcmo
1824 1520 1907 1562 pro

196 1583 386 1626 ablativo
415 1581 648 1637 habemus,
676 1587 728 1626 ut
757 1582 913 1626 littore
937 1582 1126 1641 puppim
1156 1583 1328 1627 solvere
1357 1589 1425 1628 est
1454 1583 1636 1629 vinna.
1669 1587 1840 1631 chc.
1868 1589 1905 1641 I,

193 1667 301 1719 628,
330 1663 459 1706 corde
487 1671 653 1707 metum
680 1665 822 1711 Vme.
855 1668 962 1710 Aen.
991 1666 1029 1720 1,
1056 1669 1160 1709 562.
1191 1667 1290 1710 alia.
1353 1668 1570 1710 Solemnis
1598 1674 1743 1713 autem
1775 1669 1905 1714 boum

197 1750 303 1804 iugo
342 1751 583 1793 solutorum
623 1751 787 1794 mentio
826 1751 872 1794 in
913 1752 1173 1795 rusticorum
1217 1750 1364 1806 feriis,
1415 1757 1593 1795 notante
1627 1753 1907 1798 Mrrscmm—

198 1843 358 1874 memo
388 1831 445 1875 ad
475 1825 629 1879 Horat.
659 1832 741 1887 111,
769 1835 841 1887 18,
866 1836 939 1877 10.
999 1833 1205 1877 Ceterum
1236 1834 1405 1888 colligit
1436 1847 1492 1877 ex
1521 1833 1588 1878 his
1617 1836 1761 1879 verbis
1790 1837 1905 1882 Vos-

195 1925 292 1956 sms
324 1927 494 1958 sacrum
524 1927 651 1957 mane
691 1927 779 1958 non
810 1927 908 1958 esse
938 1914 1126 1969 sactum,
1168 1914 1247 1958 sed
1287 1917 1500 1959 matutino
1542 1921 1740 1974 tempore
1780 1918 1906 1962 fami»

195 1995 298 2039 liam
338 1995 504 2039 Tibulli
536 1996 744 2052 operibus
786 1997 927 2041 solitis
959 2001 1216 2054 occupatam
1247 1997 1408 2052 fuisse,
1452 2012 1565 2042 nunc
1595 2005 1740 2044 autem
1769 2001 1903 2045 adve-
1932 2054 1934 2056 ¹

191 2080 340 2123 niente
370 2079 484 2122 sacri
513 2083 710 2136 tempore
739 2078 933 2134 quietem
961 2079 1184 2136 imperari.
1264 2080 1330 2122 Ac
1371 2085 1544 2124 constat
1581 2081 1689 2124 alias
1728 2096 1903 2139 quoque

193 2173 280 2204 non
307 2174 480 2218 semper
509 2161 605 2209 dies
643 2165 762 2204 totos
802 2161 938 2204 fuisse
969 2161 1118 2205 festos.
1191 2161 1356 2205 Tibulli
1399 2163 1622 2219 praedium
1666 2178 1763 2208 cum
1799 2179 1902 2222 par-

194 2257 294 2290 vum
334 2250 478 2299 esset,
527 2245 840 2290 circumductio
886 2243 1054 2294 hostiae
1101 2258 1185 2289 non
1234 2247 1416 2290 multum
1459 2249 1666 2305 temporis
1705 2251 1903 2305 postula-

193 2328 284 2373 bat.
312 2351 373 2362 -
415 2334 696 2373 coronato
738 2330 960 2386 capite,
1003 2330 1142 2372 Ovn).
1174 2329 1296 2372 Fast.
1324 2330 1362 2383 I,
1393 2334 1497 2374 663.
1560 2330 1764 2375 Ceterum
1794 2345 1901 2375 con-

192 2418 281 2457 stat
320 2413 452 2457 etiam
491 2413 577 2456 alia
618 2413 818 2456 animalia
859 2419 1065 2457 coronata
1106 2414 1151 2457 in
1194 2413 1452 2469 quibusdam
1496 2412 1644 2467 festis,
1693 2419 1742 2456 ut
1783 2413 1899 2468 quod

192 2494 550 2538 Bnoucnwzms
581 2495 711 2539 affert
739 2496 972 2552 repetitum
1005 2497 1135 2538 etiam
1166 2508 1193 2537 a
1225 2496 1518 2549 Gonnssnro,
1557 2508 1686 2538 canes
1716 2495 1759 2538 in
1792 2495 1901 2538 Dia-

191 2590 274 2621 nae
314 2577 453 2632 sesto,
495 2577 551 2620 cf.
593 2578 738 2622 Sur.
773 2578 879 2621 Silv.
911 2577 992 2631 111,
1023 2581 1066 2631 1,
1096 2581 1200 2631 52,
1254 2578 1363 2620 asini
1403 2578 1585 2634 panibus
1627 2579 1671 2621 in
1712 2591 1899 2622 coronae

189 2658 374 2703 formam
411 2659 600 2704 curvatis
631 2660 676 2703 in
703 2660 869 2704 Vestae
898 2673 1052 2714 sacro,
1094 2660 1149 2704 cf.
1181 2660 1425 2707 Pnopnnr.
1454 2661 1533 2715 IV,
1563 2665 1605 2715 1,
1635 2664 1711 2705 21.
1763 2662 1900 2705 Ovm.

188 2742 309 2787 Fast.
338 2742 416 2798 vl,
445 2745 532 2786 311
564 2755 660 2798 sqq.
692 2766 750 2775 —-
812 2745 868 2789 V.
899 2747 928 2787 9
957 2758 1022 2800 sq.
1085 2744 1289 2788 Omnia
1331 2745 1448 2788 sint
1491 2749 1736 2801 operata
1777 2744 1899 2800 deo,

189 2825 348 2878 omnia,
375 2837 525 2870 omnes
549 2830 749 2881 agrestes
777 2827 966 2883 operari,
995 2826 1142 2871 feriari
1172 2826 1348 2871 debent.
1412 2827 1601 2884 operari
1629 2832 1696 2872 eet
1726 2829 1900 2873 omnino

189 2909 254 2952 rei
284 2908 456 2953 divinae
483 2922 664 2966 operam
693 2910 814 2966 dare,
856 2911 1091 2956 observare
1122 2912 1231 2954 ritus
1259 2912 1491 2967 religiosos
1521 2911 1633 2968 festi,
1665 2911 1899 2957 observare

186 2991 331 3047 ipsum
368 2991 483 3035 diem
522 3004 694 3036 sacrum
734 2993 1044 3048 sacrificando,
1091 2994 1336 3051 precando,
1383 2994 1676 3048 convivando,
1725 2994 1900 3039 omnino

189 3075 387 3120 feriando
426 3081 473 3120 et
512 3075 761 3121 intermisso
803 3078 971 3133 vulgari
1015 3092 1166 3135 opere.
1236 3080 1378 3123 Porro
1426 3077 1505 3119 deo
1549 3076 1592 3120 h.
1637 3090 1676 3121 e.
1721 3077 1896 3121 numini.

189 3159 394 3204 Vmaerus
436 3160 749 3216 interpretatur
793 3160 910 3211 diis,
967 3163 1083 3220 quod
1131 3163 1169 3208 si
1216 3163 1353 3208 voluit
1392 3162 1619 3216 Tibullus,
1679 3174 1759 3206 cur
1812 3174 1897 3205 non

188 3241 397 3298 scripsit?
458 3241 628 3300 Nempe
668 3242 859 3288 ieiunus
879 3243 1033 3290 suisset
1073 3245 1143 3291 hie
1183 3246 1363 3304 pluralis
1409 3245 1591 3303 positus.
1652 3244 1896 3300 Singularis

189 3336 287 3368 omn
317 3326 447 3370 etiam
483 3327 729 3381 generalem
761 3326 981 3372 notionem
1013 3341 1156 3373 rerum
1187 3329 1433 3385 exprimat,
1462 3339 1594 3383 saepe
1627 3327 1803 3383 gravior
1831 3329 1897 3366 est

192 3411 236 3445 et
264 3407 623 3461 magnificentior,
653 3414 702 3451 ut
731 3408 814 3451 hie.
877 3409 987 3453 Nam
1019 3411 1285 3455 sententiose
1316 3409 1445 3452 dicit:
1487 3409 1567 3451 Est
1597 3406 1895 3451 abstinendum

1320 3494 1423 3542 14*
