2158 3750
339 254 443 301 416
727 242 1195 297 COMMENTAR.
1233 242 1309 294 IN
1347 242 1638 294 TIBULLI

345 397 416 433 tur
443 389 498 432 de
529 390 611 431 isto
643 387 774 440 bello,
805 390 946 428 totum
977 385 1097 427 illum
1127 389 1338 427 terrarum
1374 389 1559 427 tractum
1590 388 1827 439 auguratur
1857 397 1883 426 a
1913 384 2036 428 Mes-

343 476 434 517 sala
465 472 704 515 subiectum
742 470 821 522 iri,
865 474 909 510 et
940 473 1176 511 extremam
1215 468 1380 509 Indiam
1423 481 1475 510 ac
1509 468 1689 510 Tanaim
1719 468 2037 523 septentriona-

343 558 427 598 lem
471 567 550 609 pro
590 553 746 595 finibus
788 557 1022 605 memorat,
1068 555 1177 606 quos
1222 553 1415 594 aditurus
1459 552 1516 593 sit
1558 551 1762 594 Messala.
1833 550 2038 592 Ceterum

343 638 608 680 constructio
640 636 868 679 verborum
912 635 980 678 hic
1019 640 1064 678 et
1101 637 1144 678 in
1177 636 1457 689 sequentibus
1500 639 1590 677 est:
1642 647 1720 676 nec
1753 633 2038 675 remorabitur

344 711 560 771 te‘tellus‚
591 730 675 772 qua
701 717 826 760 NiIus
855 718 925 759 vel
955 716 1177 773 Choaspes
1208 718 1396 772 profluit,
1427 715 1595 759 etc.‘-—
1622 717 1782 771 regia
1811 714 2036 771 lympha

344 798 663 855 Choaspes,
709 799 823 855 apud
851 797 1062 852 Parthos,
1110 798 1167 842 cf.
1197 799 1336 841 an.
1367 798 1446 852 111,
1478 801 1561 842 31:
1610 797 1888 840 Parthorum
1917 811 2042 854 reges

344 897 399 923 ex
433 883 629 939 Choaspe
661 889 843 923 tantum
875 880 1055 928 bibant,
1096 889 1143 922 et
1173 896 1251 922 eae
1293 895 1440 939 aquae
1472 881 1678 939 quamvis
1715 880 1764 921 in
1796 878 2044 937 longinqua

347 965 622 1007 comitantur
661 964 789 1011 illos,
836 969 883 1006 ut
921 969 1048 1006 antea
1084 963 1199 1019 apud
1240 965 1424 1017 Persas,
1471 964 1528 1007 cf.
1562 963 1746 1006 Hauon.
1778 963 1815 1016 1,
1846 965 1947 1005 188.
1983 984 2041 993 -

345 1047 610 1092 Profluit
657 1045 698 1089 h.
732 1060 772 1088 e.
815 1059 863 1089 se
906 1045 1114 1097 effundit,
1163 1048 1335 1102 προρέει
1375 1046 1545 1089 Ουῑεε.
1576 1046 1631 1099 V,
1662 1047 1766 1089 444.
1794 1068 1856 1078 —
1905 1045 2042 1098 Cyri

346 1131 634 1174 dementia
666 1129 924 1184 Gyndes,
967 1129 1122 1171 fluvius
1153 1128 1446 1182 Babyloniae,
1487 1131 1559 1184 qui
1589 1142 1714 1183 cum,
1744 1129 1861 1184 Cyro
1890 1130 2043 1183 Baby-

347 1214 491 1256 lonem
521 1218 852 1270 oppugnaturo,
884 1226 1015 1254 unum
1049 1225 1104 1255 ex
1135 1213 1258 1266 equis
1291 1213 1423 1267 regiis
1461 1213 1721 1269 abripuisset
1750 1213 1792 1255 vi
1823 1226 1927 1267 sua,
1954 1214 2043 1255 ira-

345 1302 417 1338 tus
452 1310 531 1339 rex
561 1298 741 1350 iuravit,
785 1310 838 1340 eo
871 1310 919 1339 se
949 1297 1225 1340 redacturum
1256 1296 1333 1339 has
1370 1296 1531 1350 undas,
1573 1301 1624 1339 ut
1661 1298 1791 1340 etiam
1820 1310 1846 1339 a
1877 1297 2045 1340 feminis

349 1380 522 1422 transiri
562 1384 753 1436 possent.
815 1380 1031 1434 Dispersit
1070 1378 1205 1433 igitur
1233 1380 1400 1421 alveum
1441 1380 1486 1421 in
1523 1383 1614 1422 360
1652 1379 1792 1431 rivos;
1828 1378 1913 1422 'sed
1945 1391 2043 1422 cum

350 1469 485 1506 totam
516 1469 726 1506 aestatem
759 1463 803 1505 in
835 1461 913 1505 hac
945 1475 992 1504 re
1025 1467 1325 1515 consumeret,
1373 1461 1536 1504 fractus
1581 1469 1647 1504 est
1693 1463 1871 1504 militum
1917 1461 2047 1503 ardor

349 1550 394 1587 et
424 1545 655 1599 Babylonii
690 1546 860 1587 interim
893 1549 1062 1599 tempus
1104 1545 1219 1587 nacti
1261 1548 1360 1586 sunt
1397 1543 1451 1585 ad
1488 1544 1600 1586 vires
1630 1557 1732 1587 suas
1763 1543 2044 1598 colligendas.

348 1628 450 1671 vid.
484 1628 670 1672 Hauon.
700 1628 737 1680 I,
771 1630 870 1669 189.
902 1629 1008 1669 202.
1055 1627 1110 1680 V,
1140 1629 1214 1670 52.
1272 1627 1444 1668 SssNssc.
1477 1626 1531 1669 de
1561 1626 1632 1669 lta
1662 1626 1740 1681 111,
1765 1629 1841 1670 21.
1901 1627 2048 1669 ΡΑυῃ.

352 1713 492 1754 Onos.
523 1712 638 1754 Hist.
669 1712 726 1765 ΙΙ,
758 1715 827 1764 6.,
874 1724 984 1765 quae
1014 1710 1100 1752 iam
1141 1710 1400 1765 interpretes
1432 1710 1672 1753 laudarunt.
1701 1732 1762 1741 —
1809 1710 1918 1754 Mox
1948 1710 2046 1753 cod.

353 1795 664 1838 CuncuNus:
709 1793 860 1836 Ardet
892 1793 1123 1839 Arecteis,
1155 1794 1270 1837 unde
1303 1795 1626 1838 LAchANNtxs
1654 1795 1769 1838 felici
1802 1795 2050 1837 coniectura

351 1881 491 1923 Aret
531 1879 802 1932 emendavit;
848 1879 1135 1922 comminutus
1168 1880 1280 1922 enim
1322 1879 1365 1922 in
1408 1884 1475 1922 tot
1517 1880 1663 1922 alveos
1693 1879 1848 1922 fluvius
1888 1876 2053 1935 prope-

353 1963 528 2006 modum
558 1963 800 2006 exsiccatus
833 1969 939 2005 erat.
1000 1963 1285 2007 Arecteos
1329 1977 1531 2020 campos,
1572 1976 1755 2019 quorum
1797 1975 1952 2006 nomen
1995 1961 2050 2004 ab

352 2047 475 2089 Areo
507 2048 548 2090 in
581 2049 757 2090 Genus.
791 2061 829 2090 c.
859 2047 916 2090 X.
952 2048 1194 2101 deducunt,
1225 2051 1375 2091 volunt
1411 2049 1675 2103 Babylonios
1708 2062 1829 2102 esse,
1871 2049 2052 2092 Vossius

354 2131 595 2171 Darnaeos
637 2130 848 2182 coniecit,
895 2142 990 2171 cum
1037 2130 1298 2173 Hssnonowo
1342 2135 1454 2173 teste
1494 2131 1530 2184 I,
1575 2135 1674 2174 189.
1716 2145 1795 2187 per
1837 2130 1914 2174 hos
1947 2132 2056 2174 flunt

354 2211 560 2264 Gyndes,
605 2211 680 2253 ubi
711 2216 852 2254 tamen
885 2212 1015 2254 lectio
1045 2213 1225 2256 incerta.
1287 2211 1388 2267 Ipse
1419 2213 1462 2255 in
1505 2217 1594 2256 tam
1636 2214 1819 2256 obscura
1860 2227 1908 2257 re
1951 2214 2052 2257 nihil

354 2294 483 2337 addo.
517 2317 574 2325 —-
626 2295 682 2337 V.
717 2296 801 2336 143
833 2308 927 2348 sqq.
990 2294 1107 2338 Nec
1150 2308 1256 2350 qua
1297 2309 1473 2351 regna
1514 2310 1657 2351 vago
1701 2301 1784 2340 etc.
1816 2295 1856 2340 h.
1889 2310 1928 2340 e.
1972 2311 2055 2342 nec

354 2389 442 2430 qua
472 2376 677 2430 Tomyris
718 2377 841 2430 regni
883 2378 1011 2419 tinem
1043 2376 1147 2419 fecit
1178 2378 1366 2421 Araxen.
1427 2379 1531 2420 Fuit
1569 2378 1676 2422 haec
1708 2379 2054 2434 Massagetarum

354 2461 531 2515 regina,
568 2474 679 2515 quae
711 2461 873 2515 Cyrum
906 2466 1070 2504 temere
1101 2463 1213 2505 ultra
1247 2464 1418 2506 Araxen
1452 2477 1728 2520 progressum
1758 2465 1863 2507 vicit
1896 2468 1942 2506 et
1971 2476 2050 2506 oc-

355 2546 474 2600 cidit,
509 2546 785 2600 restituitque
815 2547 923 2588 fines
952 2547 1076 2601 regni
1106 2548 1186 2591 sui.
1249 2548 1316 2591 Cf.
1346 2548 1530 2591 Hauon.
1561 2549 1596 2602 I,
1625 2552 1713 2592 205
1737 2562 1831 2604 sqq.
1877 2548 2055 2592 Iuswm.

356 2630 393 2684 I,
426 2634 470 2674 8.
531 2631 581 2673 In
612 2632 784 2673 nomine
815 2631 1000 2674 feminae
1031 2632 1195 2675 variant
1226 2632 1348 2685 libri,
1401 2631 1603 2689 Tomyris
1633 2634 1764 2676 etiam
1795 2633 2056 2676 Hssnono‘ro

356 2712 514 2755 dicitur
562 2718 608 2756 et
652 2714 796 2756 Pmn.
840 2713 1013 2756 Onosm
1055 2714 1090 2766 I,
1136 2717 1179 2756 7.
1214 2735 1271 2744 -
1331 2726 1473 2767 vago
1525 2714 1736 2767 Araxe,
1792 2714 1976 2758 Honu'.
2019 2715 2056 2769 Ι,

308 2827 318 2844 ,
355 2797 430 2848 34,
462 2799 516 2838 92
565 2809 688 2854 vaga
717 2794 934 2851 flumina.
992 2794 1075 2837 Est
1113 2794 1247 2848 igitur
1285 2800 1542 2851 perpetuum
1585 2794 1807 2852 epitheton
1835 2796 2058 2841 fluminum

355 2881 493 2924 multa
531 2881 629 2924 loca
671 2881 935 2924 adeuntium.
966 2902 1026 2911 -
1075 2879 1347 2923 Padaeus.
1407 2881 1551 2924 Recte
1596 2880 1680 2923 dici
1722 2885 1917 2936 poterat:
1962 2880 2059 2924 Nec

356 2975 443 3017 qua
473 2984 533 2994 -
562 2962 724 3014 finivit,
767 2963 898 3017 impia
927 2961 997 3004 vel
1027 2984 1085 2993 —
1116 2965 1261 3014 tenet,
1299 2966 1398 3005 aut:
1445 2963 1664 3018 impiaque
1694 2965 1739 3007 in
1770 2965 1914 3007 saevis
1945 2969 2058 3017 etc.;

356 3057 468 3100 nunc
499 3049 644 3087 autem
675 3044 851 3099 impia
888 3057 992 3086 nec
1023 3044 1208 3098 legitur,
1249 3043 1325 3086 ubi
1356 3058 1449 3101 qua
1486 3045 1629 3087 omitti
1660 3045 1734 3088 vix
1763 3046 1906 3101 potuit
1937 3050 2058 3088 recte

357 3140 437 3182 per
466 3127 814 3181 grammaticam,
859 3126 916 3170 cf.
947 3128 1153 3170 Vossnm
1198 3127 1254 3171 ad
1296 3127 1338 3171 h.
1370 3129 1400 3172 l.
1462 3129 1610 3174 Quare
1649 3128 1971 3171 Lacnnfflrws
2014 3142 2056 3174 v.

357 3208 556 3251 ultima
584 3233 646 3242 —
672 3222 803 3252 arva
843 3209 1089 3266 parenthesi
1128 3212 1326 3266 inclusit,
1368 3215 1418 3254 ut
1448 3211 1512 3254 'ad
1551 3210 1766 3253 Padaeus
1805 3213 2058 3268 suppleatur

358 3274 669 3336 remorabitur.
731 3294 1004 3348 Quamquam
1044 3295 1215 3340 dubites
1256 3295 1338 3340 hoc
1375 3296 1562 3339 voluisse
1590 3298 1789 3351 poetam,
1830 3295 1868 3336 si
1897 3293 1953 3337 ad
1983 3307 2057 3337 se-

359 3377 535 3430 queutia
580 3376 791 3422 attendas.
869 3376 1077 3424 Ceterum
1128 3379 1182 3425 de
1230 3379 1393 3439 populo
1441 3383 1622 3425 annotat
1671 3379 2055 3423 Bnoucxnuswsz
