2158 3750
652 315 834 367 LlBR.
873 316 965 367 111.
1037 313 1239 366 ELEG.
1275 316 1319 366 I.
1752 322 1851 367 321

274 464 330 507 V.
368 462 525 506 15-ad
556 463 627 507 fin.
700 462 906 507 Altera
952 474 1087 519 pars
1132 472 1320 505 rerum
1365 464 1498 516 post
1544 459 1858 506 exordium.

156 548 293 589 Orat
331 547 520 590 Musas
562 551 620 591 ut
661 545 929 590 deserant
974 546 1210 599 librum,
1252 549 1309 588 et
1347 542 1609 587 mandata
1649 542 1723 586 iis
1764 542 1860 586 dat

152 628 218 671 ad
262 629 526 685 puellam.

272 713 328 754 V.
361 715 419 754 15
449 725 544 766 sqq.
604 710 671 753 De
712 708 1033 767 praepositione
1076 711 1184 752 Per
1231 710 1274 752 in
1307 710 1503 752 formulis
1546 708 1790 752 obtestandi
1832 722 1860 752 a

154 806 258 834 casu
288 805 368 834 suo
399 796 565 834 remota
599 791 656 834 cf.
686 790 742 833 ad
776 790 813 843 1,
845 792 890 842 5,
919 794 962 831 7.
996 812 1053 820 --
1102 789 1421 833 Castaliam
1467 792 1714 835 umbram
1756 795 1860 847 puta

154 875 309 917 laureti
339 875 529 917 Castalii.
592 873 952 915 Bnoncnmsms
983 877 1207 927 comparat
1237 874 1410 917 Sanno.
1437 875 1548 917 Oed.
1570 879 1684 918 276:
1715 877 1863 918 Fron·-

154 957 305 1014 dij'era
344 964 532 999 sanctae
571 969 750 998 nemora
794 955 1025 996 Castaliae
1064 963 1222 1011 petens
1263 955 1466 998 calcavit
1499 957 1640 998 arctis
1670 955 1862 998 obsitum

154 1038 300 1079 dumis
336 1038 437 1080 iter.
499 1038 623 1080 Adde
662 1038 908 1080 PROPERT.
939 1035 1019 1089 Ill,
1048 1039 1093 1089 3,
1137 1039 1220 1078 13:
1272 1036 1479 1078 Castalia
1522 1037 1760 1092 speculans
1802 1051 1858 1078 ex

155 1120 312 1163 arbore
336 1119 560 1163 Phoebus,
621 1119 756 1164 Vides
788 1123 934 1161 autem
963 1118 1238 1172 Lygdamum
1270 1120 1431 1161 rarIora
1461 1131 1698 1173 quaerere3
1729 1132 1865 1173 quae-

153 1206 236 1247 sita
273 1209 340 1246 est
371 1205 485 1246 enim
514 1203 621 1246 haec
652 1202 897 1245 obtestandi
930 1202 1115 1244 formula
1148 1216 1226 1258 per
1258 1202 1491 1244 Castaliam
1526 1203 1720 1245 umbram
1756 1203 1862 1244 Pie-

153 1288 328 1341 riosque
370 1287 490 1328 lacus
531 1291 577 1328 et
615 1285 790 1328 minime
833 1284 1038 1339 vulgaris.
1101 1286 1166 1327 Ac
1208 1285 1311 1339 quid
1356 1285 1484 1327 affert
1525 1285 1703 1340 dignum
1743 1289 1865 1328 tanto

153 1370 307 1413 hiatu?
369 1371 480 1413 Orat
525 1374 574 1411 ut
613 1369 670 1411 ad
711 1368 927 1411 Neaeram
971 1373 1099 1421 eant,
1146 1373 1191 1411 et
1234 1369 1391 1410 librum
1436 1370 1476 1410 ei
1508 1368 1698 1410 donent!
1759 1367 1862 1410 Iure

155 1460 279 1497 notat
309 1458 483 1509 poetam
514 1451 844 1495 Emusmmus.
906 1451 1078 1507 Nempe
1108 1452 1268 1493 auditis
1300 1452 1523 1494 Musarum
1557 1452 1725 1506 verbis,
1766 1465 1865 1495 cum

157 1537 346 1578 maxime
377 1536 548 1591 placeat
577 1534 726 1576 datum
766 1533 1018 1585 consilium,
1059 1532 1143 1574 iam
1188 1531 1334 1574 vivide
1373 1539 1469 1575 orat
1499 1539 1548 1576 ut
1581 1535 1710 1576 etiam
1742 1533 1866 1576 defe-

156 1627 255 1664 rant
299 1621 455 1663 librum
499 1624 545 1662 et
587 1620 650 1662 sic
690 1619 919 1661 absolvant
957 1631 1133 1674 operam
1166 1619 1431 1674 praeclaram
1464 1632 1584 1661 suam
1618 1620 1660 1662 in
1693 1618 1773 1662 hac
1803 1632 1865 1662 re.

158 1703 283 1746 Haec
315 1703 487 1746 videtur
526 1715 623 1745 esse
666 1701 760 1744 eius
791 1712 943 1752 mens-3
989 1700 1137 1755 inepte
1161 1708 1271 1742 'vero
1303 1705 1390 1742 tam
1424 1702 1650 1755 magnifica
1682 1701 1866 1744 formula

163 1789 316 1830 utitur.
349 1810 410 1818 —
441 1786 530 1829 Ite
561 1786 805 1838 domum,
835 1785 928 1827 scil.
962 1784 1146 1839 puellae.
1208 1784 1362 1826 Paullo
1394 1784 1582 1827 brevius.
1611 1807 1670 1815 —
1701 1785 1868 1828 Sicut

161 1873 306 1924 erit,
339 1870 380 1915 b.
407 1884 446 1914 e.
480 1871 621 1926 qualis
652 1870 759 1922 erit,
788 1869 862 1912 ubi
893 1869 1092 1912 absoluta
1124 1869 1283 1911 fuerint
1312 1867 1417 1911 haec
1450 1875 1726 1924 ornamenta,
1757 1884 1869 1925 quae

160 1957 293 2000 modo
335 1956 638 2012 praecepistis.
700 1953 927 2009 Explicuit
969 1952 1158 1995 futurum
1200 1951 1482 1996 Huscnst.
1544 1955 1723 1995 Frustra
1755 1954 1869 1996 Vos--

156 2053 252 2083 slus
295 2044 340 2082 et
380 2040 587 2082 Bacnms
627 2038 921 2093 scripserunt=
972 2037 1103 2077 Sicut
1146 2045 1263 2078 erat.
1293 2061 1353 2069 —-
1404 2039 1601 2080 nullus
1647 2037 1870 2079 defluat

158 2123 286 2166 inde
330 2123 508 2165 color.
570 2120 714 2164 Anxie
759 2123 878 2162 vetat
921 2119 1102 2160 multum
1147 2119 1345 2161 manibus
1374 2119 1550 2162 tractari
1583 2123 1627 2161 et
1657 2119 1782 2160 atteri
1813 2119 1870 2160 li-

156 2206 306 2260 brum,
355 2205 399 2247 in
440 2217 527 2260 quo
567 2208 693 2247 notat
734 2203 1052 2246 Elcns'mmus
1094 2202 1247 2246 Musas
1288 2217 1386 2246 cum
1416 2205 1582 2246 ancillis
1625 2204 1870 2260 proletariis

162 2288 391 2340 confusas,
441 2300 469 2328 a
514 2287 677 2341 quibus
713 2287 808 2328 iure
853 2287 942 2328 tale
981 2285 1084 2341 quid
1125 2287 1294 2329 timeas.
1355 2287 1589 2329 Praeterea
1621 2287 1871 2330 observabis

159 2375 364 2425 quantum
410 2369 574 2412 Tibulli
616 2368 844 2411 sublimior
890 2369 1036 2423 poesis
1083 2381 1109 2409 a
1161 2368 1321 2410 talibus
1368 2369 1560 2411 minutiis
1607 2369 1733 2412 absit.
1811 2370 1871 2412 At

161 2455 378 2510 Lygdami
410 2453 588 2508 ingenio
619 2452 896 2495 conveniunt.
926 2473 986 2482 -—
1020 2451 1071 2494 V.
1108 2455 1178 2493 19.
1212 2454 1286 2494 20.
1333 2452 1441 2494 Illa
1473 2452 1605 2495 mihi
1637 2454 1870 2498 referet.

166 2538 324 2590 Longe
370 2534 440 2578 bic
484 2539 712 2590 praestare
753 2533 1031 2576 coniunctivo
1071 2533 1262 2578 futurum
1293 2535 1349 2577 ob
1379 2536 1599 2579 lenitatem
1629 2538 1874 2581 observavit

163 2622 368 2666 Vossms.
446 2618 557 2661 Mox
603 2617 792 2660 nostri
837 2620 1027 2658 mutua
1074 2630 1231 2670 cura,
1277 2622 1324 2659 ut
1371 2623 1649 2673 comparante
1692 2622 1871 2664 Vumuo

162 2703 355 2746 Martini,
386 2701 446 2755 X,
477 2704 564 2743 20:
615 2700 667 2742 Si
705 2698 791 2741 tibi
831 2715 952 2741 mens
995 2700 1174 2753 eadem,
1212 2700 1251 2742 si
1282 2701 1428 2742 nostri
1458 2710 1620 2743 mutua
1649 2719 1760 2745 cura
1789 2712 1872 2751 est,

158 2787 221 2829 In
263 2797 528 2843 quocunque
576 2782 672 2825 loco
717 2784 862 2823 Roma
914 2781 1086 2823 duobus
1127 2782 1231 2826 ezit.
1288 2785 1422 2828 Ovm.
1468 2786 1576 2828 Met.
1620 2786 1718 2839 Vll,
1758 2790 1873 2829 800:

161 2869 336 2912 Mutua
369 2880 481 2908 cura
512 2865 616 2907 deos
645 2872 691 2906 et
727 2878 853 2906 amor
882 2863 1063 2907 socialis
1094 2863 1306 2909 habebat.
1368 2867 1435 2909 Ad
1464 2868 1687 2922 sequentia
1718 2869 1872 2912 verba:

162 2954 290 2992 toto
320 2954 563 3005 pectore
592 2948 906 2992 deciderim
938 2949 1297 2994 Bnoucxnusms
1329 2951 1496 2993 confert
1528 2953 1663 2995 Ovm.
1692 2953 1872 2997 Heroid.

162 3034 220 3086 ll,
270 3036 377 3075 105:
424 3034 595 3092 vthue
641 3030 725 3073 tihi
769 3031 1039 3086 excidimus,
1089 3033 1262 3075 nullum
1304 3043 1422 3090 pulo
1466 3034 1686 3090 Phyllida
1734 3035 1870 3078 nosti.

164 3118 324 3160 Clean.
368 3117 510 3172 Epist.
550 3116 605 3159 ad
650 3116 802 3160 Famu.
836 3116 933 3168 Vll,
966 3120 1047 3160 142
1099 3117 1179 3159 Sin
1229 3119 1376 3160 nostri
1419 3118 1586 3161 oblitus
1630 3136 1700 3166 es,
1757 3119 1872 3162 (labo

163 3215 341 3259 operam
385 3207 437 3241 ut
475 3199 596 3241 istuc
637 3197 813 3240 veniam
854 3205 962 3239 ante
1005 3213 1140 3256 quam
1179 3199 1315 3256 plane
1347 3216 1402 3241 ex
1433 3202 1580 3243 animo
1611 3210 1691 3244 tuo
1723 3201 1874 3258 effluo.

163 3284 284 3328 Idem
317 3285 422 3327 alias
452 3283 608 3326 multas
650 3282 814 3325 similes
856 3283 1098 3327 locutiones
1137 3286 1289 3340 affert,
1331 3291 1378 3328 ut
1412 3288 1616 3329 memoria
1649 3286 1872 3328 descendit

165 3383 220 3409 ex
251 3368 411 3414 animo,
444 3366 602 3423 defluit
635 3372 710 3409 aut
743 3365 915 3408 labitur
943 3376 1118 3424 pectore
1152 3383 1251 3412 cura
1285 3371 1467 3412 alicuius
1500 3371 1565 3412 vel
1596 3370 1785 3425 emigrat
1819 3368 1871 3407 de

167 3451 387 3495 medullis.
447 3451 497 3495 ln
527 3452 713 3494 Graecis
745 3457 888 3493 autem
915 3453 1098 3507 praeivit
1130 3453 1240 3495 bene
1273 3454 1533 3495 observante
1563 3454 1742 3495 vimmo
1777 3452 1869 3493 Ho-

1332 3541 1393 3584 21.
