2158 3750
610 307 796 358 LIBR.
829 307 895 357 ΙΙ.
969 305 1172 357 ELEG.
1206 305 1247 357 Ι.
1316 305 1384 356 ΙΙ.
1748 316 1848 359 227

153 457 207 498 de
243 456 384 508 laeto,
429 454 534 509 agili
576 459 695 496 motu
734 452 978 494 saltantium
1025 451 1156 494 veluti
1209 451 1347 496 Ovm.
1379 450 1486 494 Met.
1518 450 1596 504 111,
1626 454 1728 494 685.
1773 465 1854 495 no-

153 543 270 581 tante
301 538 506 579 Hunno.
542 557 602 569 —
646 536 786 578 Porro
815 535 1060 576 Somnus
1098 535 1238 576 alatus
1265 533 1534 588 fingebatur,
1582 538 1631 578 ut
1658 536 1756 579 Su..
1782 536 1851 581 lv.

153 622 211 675 X,
244 625 347 664 345.
391 624 496 664 356.
556 619 669 663 Vide
708 619 830 676 plura
873 618 990 675 apud
1035 619 1332 663 Bnotrcxnus.
1375 619 1415 662 h.
1447 621 1478 663 l.
1520 625 1565 664 et
1596 621 1852 665 Passum-r.

153 705 209 748 ad
251 706 451 760 Propert.
491 702 527 756 Ι,
565 706 608 756 3,
650 705 724 745 45.
772 706 819 744 et
860 700 1019 743 Ham.
1063 700 1103 742 h.
1148 701 1178 743 1.
1224 725 1283 732 —
1343 702 1523 745 fulvis
1565 703 1690 747 alis.
1763 705 1852 747 Aut

150 788 311 847 fun-is
342 792 418 830 aut
447 785 593 841 potins
616 782 774 841 fuscis
804 782 1034 837 legendum
1066 787 1200 838 patet.
1225 805 1286 815 —
1323 784 1557 828 Somnia
1587 787 1776 841 nigra,
1805 790 1855 829 ul:

154 871 292 912 ΟΠ».
333 869 453 910 Fast.
493 866 551 919 11,
595 867 696 907 662.
749 863 916 906 Emup.
965 862 1132 906 Hecub.
1176 866 1259 906 722
1309 862 1438 917 χθών
1477 865 1856 926 μελανοπτερύγων

153 954 290 1009 μᾶτερ
322 948 542 1007 Ὀνείρων,
575 947 846 990 laudantibus
874 948 984 990 aliis.
1018 971 1080 980 —
1120 948 1349 990 incerto
1382 949 1552 1004 pede,
1580 956 1759 1007 propter
1789 952 1857 994 in·-

154 1040 434 1087 constantem,
464 1035 618 1085 levem,
649 1031 875 1084 lubricum,
911 1030 1222 1087 lapsabundum
1253 1038 1417 1075 motum
1449 1035 1681 1089 imaginum
1715 1037 1856 1079 animo

154 1117 473 1160 obversantium
523 1115 568 1157 in
614 1114 791 1170 somniis
835 1112 891 1155 ad
946 1113 1056 1155 deos
1102 1111 1235 1157 hosce
1287 1117 1556 1159 translatum.
1647 1119 1713 1160 Ac
1759 1132 1858 1162 cum

153 1201 316 1243 Somno
347 1201 438 1241 alas
467 1197 681 1250 tribuerit,
710 1195 828 1251 quod
859 1195 997 1237 noluit
1026 1194 1141 1238 idem
1177 1195 1246 1238 hic
1276 1197 1467 1241 tribuere
1499 1199 1628 1241 etiam
1656 1197 1859 1252 somniis,

155 1283 199 1326 in
242 1296 296 1324 eo
337 1281 620 1324 variationem
662 1292 838 1322 suavem
883 1290 1109 1342 agnosces.
1185 1279 1414 1323 Postremo
1459 1281 1677 1326 Hermus
1722 1287 1860 1328 totum

155 1366 298 1408 locum
329 1378 384 1408 eo
415 1364 587 1407 nomine
617 1361 918 1419 reprehendit,
963 1363 1080 1417 quod
1112 1365 1356 1408 cumulatae
1387 1367 1472 1408 sint
1502 1380 1713 1423 personae
1742 1382 1862 1423 sym-

156 1448 340 1490 bolicae.
402 1445 494 1490 Sed
537 1447 760 1498 consulto,
802 1445 963 1498 crede,
1006 1445 1128 1488 dedit
1162 1452 1293 1502 poeta
1323 1454 1523 1493 ornatum
1555 1451 1718 1494 exitum
1752 1453 1864 1495 sesto

159 1531 257 1575 diei.
334 1533 480 1578 Quare
511 1529 628 1584 quod
661 1530 780 1572 lusus
811 1529 1063 1571 feriatorum
1097 1532 1320 1586 excipiunt
1349 1532 1538 1575 siderum
1579 1533 1732 1577 Noctis
1763 1549 1863 1578 cur-

157 1626 252 1656 rum
293 1613 584 1656 comitantium
630 1611 842 1665 choreae,
888 1614 1295 1670 appropinquatque
1339 1617 1527 1658 Somnus
1566 1619 1725 1660 tacitus
1765 1632 1862 1662 cum

157 1698 370 1751 Somniis‚
426 1697 574 1740 orbem
610 1698 834 1752 ipsamque
877 1703 1151 1752 praesentem
1197 1699 1366 1741 turbam
1412 1702 1716 1755 amplexurus,
1766 1702 1869 1755 quid

158 1784 264 1838 fingi
294 1787 440 1840 potest
475 1780 693 1839 pulchrius
725 1781 929 1825 dictum?
991 1782 1208 1825 Nimirum
1239 1784 1479 1826 cumulatio
1511 1787 1663 1840 inepta
1695 1792 1761 1829 est
1791 1784 1871 1832 ubi‘

159 1869 322 1920 aliena,
367 1872 412 1908 at
447 1865 626 1922 pulchra
661 1866 735 1908 ubi
761 1871 887 1922 aptus
919 1870 986 1908 est
1017 1872 1195 1908 ornatus
1226 1869 1375 1909 maior.
1439 1869 1502 1911 Ac
1532 1870 1862 1912 cumulationem

157 1957 303 2006 aptam
334 1950 431 1992 vide
474 1950 602 1991 etiam
645 1949 687 1992 in
729 1947 931 2005 epithetis
963 1951 1152 2003 ultimis,
1203 1949 1400 1995 tacitas,
1446 1950 1602 2006 furvis
1634 1965 1670 1993 s.
1695 1951 1866 2008 fascis,

157 2032 320 2090 nigra5
370 2045 467 2075 nam
497 2030 716 2074 silentium
749 2029 1053 2084 tenebrarum,
1085 2031 1170 2084 ait,
1206 2032 1424 2086 opprimet
1455 2032 1698 2075 mox‘lucis
1731 2032 1867 2075 festae

159 2117 401 2174 strepitum.

624 2610 1201 2669 ELEGIA
1325 2612 1404 2673 ΙΙ,

1361 2974 1389 2995 l

772 2995 1292 3053 INTRODUCTIO.

169 3180 465 3259 Cerintbus‚
507 3203 669 3248 amicus
700 3203 890 3260 Tibulli,
932 3207 1056 3251 cuius
1096 3221 1244 3268 verum
1286 3221 1440 3252 nomen
1474 3209 1724 3264 ignoratur,
1767 3209 1882 3254 idem

170 3287 303 3331 fuisse
330 3288 525 3341 videtur,
556 3300 684 3343 quem
716 3288 758 3331 in
790 3292 944 3343 quarto
976 3289 1087 3334 libro
1122 3303 1148 3332 a
1179 3291 1314 3334 nobili
1344 3293 1489 3349 puella
1523 3293 1718 3350 Sulpicia
1749 3294 1882 3336 amari

172 3370 363 3423 videbis,
403 3371 478 3414 ubi
520 3371 563 3413 in
594 3370 916 3414 Introductione
947 3371 1000 3415 ad
1042 3372 1115 3415 illa
1158 3373 1346 3416 carmina
1380 3375 1535 3417 iterum
1581 3374 1636 3417 de
1683 3388 1735 3417 eo
1767 3374 1881 3416 dixi-

173 3463 283 3498 mus.
342 3452 403 3497 Et
433 3466 544 3498 nunc
575 3454 745 3511 quidem
777 3454 922 3498 iuncto
954 3466 1051 3498 cum
1086 3455 1305 3512 Sulpicia,
1350 3461 1396 3498 ut
1428 3456 1621 3509 videtur,
1660 3456 1881 3498 matrimo-

1300 3543 1361 3589 15
1383 3541 1406 3569 ²²²
