2158 3750
354 295 450 340 162
735 287 1198 341 COMMENTAR.
1241 288 1314 339 IN
1356 291 1641 343 TIBULLI

473 438 525 481 V.
557 437 614 477 49
635 447 696 486 sq.
764 430 876 472 Huc
907 428 1056 473 ades.
1119 429 1246 473 Adsis
1278 442 1389 473 nunc
1421 432 1609 474 laetitiae
1639 431 1763 475 dator
1791 432 1888 476 huic
1920 433 2041 476 sesto,

354 519 464 562 Nam
493 517 658 558 Genius
688 511 861 555 illustris
891 511 971 554 viri
1001 515 1068 553 est
1097 511 1275 569 illustris
1306 510 1427 565 deus,
1460 514 1580 555 cuius
1611 515 1744 556 sacris
1774 514 2042 558 celebrandis

353 598 620 656 provincialis
653 596 759 638 deus
790 599 909 638 recte
939 593 1139 637 advocari
1174 596 1328 650 potuit.
1361 615 1422 626 —
1475 601 1701 638 centum
1741 596 1892 639 ludis
1936 599 2040 641 Ge-

349 686 612 735 niumque
656 678 884 722 choreis
924 679 1292 732 concelebra,
1340 676 1381 719 h.
1413 691 1456 736 e.
1496 677 1821 721 centum-ludis
1853 677 2042 722 choreis-

348 777 432 819 que
476 765 587 807 Gen.
618 761 896 816 concelebra,
950 763 1013 804 uti
1059 763 1143 804 iam
1186 763 1543 805 Bnoucxmnsms
1583 761 1714 815 vidit,
1762 762 2047 807 collocatione

348 847 574 890 verborum
603 843 905 896 usitatissima,
938 843 1070 886 veluti
1098 844 1135 885 si
1166 843 1304 886 dicas:
1342 842 1474 899 pacis
1512 857 1614 885 eras
1645 843 1900 902 mediusque
1932 841 2047 890 belli,

348 929 432 973 vid.
466 928 520 971 ad
552 928 588 981 I,
617 930 661 981 2,
692 930 765 971 42.
808 931 852 969 et
880 926 916 979 Ι,
949 929 991 979 1,
1022 929 1096 970 51.
1169 928 1315 973 Quare
1355 926 1466 984 bene
1508 926 1781 970 emendatum
1818 929 1887 968 est
1927 923 2047 966 ludis

347 1025 372 1054 a
403 1011 577 1054 Sawrto
618 1013 663 1052 et
700 1009 744 1052 in
786 1007 910 1051 codd.
941 1009 1106 1062 aliquot
1137 1021 1202 1063 pr.
1231 1007 1384 1056 ludos,
1429 1022 1540 1063 quae
1581 1010 1711 1052 lectio
1753 1009 1808 1051 ab
1852 1009 1905 1051 iis
1946 1007 2047 1050 oriri

348 1093 514 1148 potuit,
557 1091 630 1145 qui
659 1089 783 1133 ludos
814 1089 1088 1143 Geniumque
1119 1088 1383 1142 iungendum
1412 1095 1641 1134 censerent
1669 1091 1940 1146 ignoratione
1969 1101 2044 1132 ve-

343 1188 419 1219 rae
450 1172 792 1217 constructionis.
854 1172 963 1214 Aliis
999 1169 1067 1213 hic
1109 1172 1418 1214 mutationibus
1457 1185 1544 1215 non
1585 1186 1708 1229 opus.
1770 1172 1899 1219 Quod
1931 1173 2041 1216 enim

343 1261 609 1303 Huscnxxus
640 1257 868 1312 proponit:
915 1262 960 1296 et
993 1254 1180 1296 Genium
1223 1255 1344 1296 ludis
1375 1263 1637 1314 centumque
1673 1257 1865 1305 choreis,
1908 1259 2042 1300 mani-
2102 1284 2107 1287 ,

342 1344 454 1387 festo
488 1342 677 1385 deterius
707 1345 799 1393 est,
844 1352 924 1382 nec
956 1347 1131 1381 centum
1160 1341 1253 1382 iure
1297 1339 1526 1395 displicere
1566 1344 1711 1395 potest
1748 1345 1798 1382 ut
1837 1346 2044 1381 sanctum

343 1426 544 1469 emendes
589 1437 686 1467 cum
727 1424 897 1465 Grss'ro
943 1427 988 1464 et
1030 1423 1218 1475 Voss10,
1269 1435 1366 1464 cum
1410 1422 1607 1464 Ovmms
1649 1421 1767 1464 dicat
1804 1420 1944 1477 Epist.
1989 1433 2044 1464 ex

341 1510 482 1552 Ponto
513 1507 590 1560 IV,
614 1510 658 1561 9,
691 1509 790 1550 115.
821 1506 920 1547 loco
949 1503 1003 1545 ab
1033 1503 1128 1559 ipso
1158 1504 1323 1547 Vossm
1353 1507 1525 1547 notato:
1572 1502 1768 1545 Pontica
1797 1517 1862 1544 me
1893 1501 2043 1549 tellus.

342 1591 527 1649 quantis
576 1590 661 1631 hac
702 1603 941 1644 possumus
983 1601 1088 1635 ora,
1135 1586 1334 1629 natalem
1377 1586 1499 1629 ludis
1544 1586 1632 1628 scit
1680 1585 1898 1629 celebrare
1942 1587 2041 1630 Dei.

340 1671 573 1715 illustravit
621 1656 796 1712 centum
851 1669 905 1712 de
958 1681 1116 1723 magno
1168 1681 1347 1712 numero
1394 1668 1557 1712 dictum
1605 1670 1716 1713 bene
1764 1669 2042 1714 Husonst.

339 1754 611 1798 Multimodis
643 1754 752 1796 enim
784 1753 897 1795 ludis
929 1753 1118 1807 iocisque
1152 1753 1446 1796 exhilarabant
1477 1753 1552 1795 tali
1581 1753 1652 1796 die
1681 1754 1895 1807 Genium,
1933 1765 2042 1808 quos

338 1855 450 1884 nunc
476 1841 614 1884 Osiris
644 1840 802 1882 docere
832 1838 974 1881 debet.
1014 1861 1062 1869 -
1113 1843 1369 1894 tempora
1409 1837 1580 1880 funde
1621 1851 1796 1892 mero,
1834 1835 1888 1881 cf.
1921 1836 1976 1881 ad
2007 1837 2041 1890 1,

338 1928 383 1977 2,
414 1930 458 1970 3.
521 1925 685 1967 Ducem
727 1923 818 1963 vult
860 1922 989 1964 etiam
1031 1922 1074 1963 in
1116 1919 1198 1963 hoc
1238 1920 1367 1963 deum
1411 1933 1507 1963 esse
1547 1921 1704 1963 ceteris
1746 1921 1950 1964 convivis.
1981 1940 2043 1955 -

343 2010 394 2053 V.
426 2011 499 2050 51.
532 2011 604 2049 52.
666 2005 810 2047 Etiam
842 2005 1009 2046 Genius
1040 2004 1134 2059 ipse
1176 2005 1290 2046 laete
1332 2009 1510 2046 ornatus
1549 2003 1674 2046 adsit.
1737 2004 1914 2047 Stillent
1950 2005 2042 2047 eius

338 2093 503 2148 capillis
533 2093 778 2143 unguenta,
820 2091 869 2129 ut
905 2099 1000 2129 mos
1039 2091 1133 2129 erat
1173 2086 1247 2128 ubi
1291 2086 1386 2141 quis
1429 2087 1567 2142 epulis
1606 2087 1849 2130 interesset.
1910 2086 2042 2133 Quod

336 2178 448 2220 enim
477 2175 831 2217 Baoucmmsms
862 2169 1170 2212 amoenitatum
1201 2167 1424 2224 praesides
1455 2167 1574 2221 deos,
1605 2167 1920 2223 Hymenaeum,
1950 2169 2040 2213 Ve-

334 2270 506 2309 nerem,
537 2254 770 2310 Cupidines
799 2265 970 2296 amomo
997 2257 1149 2295 unctos
1179 2256 1427 2308 comparat,
1458 2264 1511 2294 eo
1545 2265 1630 2294 non
1661 2266 1796 2308 opus3
1838 2253 2039 2296 solemnis

334 2341 496 2384 mentio
526 2338 748 2381 nitentium
791 2338 1020 2390 unguentis
1062 2337 1315 2392 capillorum
1347 2336 1391 2377 in
1424 2336 1677 2379 lautioribus
1709 2337 1936 2391 conviviis,
1981 2335 2036 2380 ef.

334 2437 371 2465 v.
404 2436 443 2465 c.
479 2422 660 2464 Hom-r.
694 2420 751 2473 ΙΙ,
782 2426 828 2472 7,
857 2425 900 2464 7.
952 2421 1031 2473 111,
1073 2426 1116 2474 7,
1163 2423 1237 2465 22.
1311 2421 1419 2464 Erat
1457 2434 1529 2464 res
1573 2421 1744 2464 omnino
1789 2426 1836 2464 et
1876 2421 2037 2467 delica-

332 2507 489 2548 tiorum
536 2510 581 2546 et
624 2516 772 2547 eorum
817 2502 890 2556 qui
935 2502 1077 2544 Genio
1113 2501 1402 2557 indulgerent.
1477 2503 1683 2546 Ceterum
1728 2502 1918 2546 nitido
1959 2515 2038 2558 per

328 2589 550 2646 prolepsin
583 2587 745 2630 dictum
777 2586 896 2629 vides
931 2590 980 2628 ut
1014 2586 1048 2639 I,
1081 2590 1124 2638 8,
1163 2589 1238 2640 163
1285 2587 1394 2630 nitet
1435 2587 1548 2630 enim
1589 2589 1836 2642 unguentis.
1898 2587 2028 2633 Quod

328 2685 412 2714 non
443 2672 630 2714 ieiunum
660 2669 728 2712 hic
761 2674 852 2722 est,
898 2668 974 2711 sed
1017 2668 1161 2723 placet
1194 2681 1377 2711 nervosa
1408 2669 1647 2712 cumulatio
1675 2669 1875 2712 similium
1899 2702 1913 2725 ,
1959 2670 2035 2714 ubi

325 2769 410 2798 una
450 2756 568 2798 notio
600 2755 712 2797 laeta
740 2757 922 2807 regnat3
967 2765 1065 2795 nam
1098 2752 1238 2794 laetus
1269 2750 1440 2794 habitus
1483 2752 1554 2794 dei
1589 2757 1682 2805 est,
1727 2762 1859 2808 quem
1889 2753 2029 2796 omnia

326 2839 570 2894 significare
602 2838 778 2880 debent.
839 2836 1065 2890 Cogitabis
1096 2841 1242 2878 autem
1274 2836 1405 2878 etiam
1437 2836 1709 2878 simulacrum
1741 2835 1811 2878 dei
1842 2835 2032 2890 ligneum

327 2933 439 2964 nune
485 2920 567 2964 hoc
609 2919 740 2962 modo
782 2922 1006 2970 ornatum,
1053 2922 1102 2959 ut
1142 2922 1347 2960 notarunt
1388 2918 1661 2974 interpretes.
1722 2916 1878 2961 Stabat
1917 2917 2032 2963 enim

327 3003 455 3045 Genii
487 2999 760 3045 simulacrum
791 3000 1078 3043 adolescentis
1106 3002 1298 3057 speciem
1330 3001 1522 3044 referens
1552 3002 1665 3044 inter
1688 3001 1827 3044 Lares
1857 3002 1898 3044 in
1930 3001 2029 3046 foco

325 3084 434 3127 atrii.
496 3084 596 3126 Hoc
627 3082 836 3126 ornabant
867 3081 938 3124 die
969 3083 1100 3125 natali
1130 3083 1313 3137 aliisque
1348 3083 1470 3126 festis
1503 3084 1703 3138 corollis,
1744 3082 1879 3127 nardo
1908 3084 2029 3128 aliis-

324 3178 409 3220 que
439 3164 683 3220 unguentis‚
716 3169 762 3206 et
789 3164 1066 3220 apponebant
1100 3165 1186 3207 liba
1217 3170 1262 3208 et
1292 3165 1402 3209 vina.
1466 3165 1536 3209 Cf.
1566 3166 1726 3210 Hem.
1754 3166 1810 3208 ad
1836 3167 1892 3221 ll,
1917 3169 1960 3220 2,
1982 3170 2026 3211 7.

326 3249 451 3292 Voss.
494 3247 549 3291 ad
592 3247 714 3302 Virg.
764 3248 932 3302 Georg.
963 3247 1000 3302 I,
1043 3264 1086 3305 p.
1122 3251 1223 3292 145.
1284 3249 1428 3304 Atque
1458 3247 1566 3292 haec
1601 3247 1815 3292 haetenus.
1877 3247 2027 3292 Adda-

323 3345 418 3375 mus
449 3336 608 3375 cetera.
639 3352 698 3361 -—
729 3330 818 3373 Pro
848 3331 1038 3374 lectione
1068 3330 1194 3373 illius
1225 3338 1294 3376 et,
1327 3343 1453 3385 quam
1482 3330 1656 3374 reduxit
1685 3330 2021 3384 Lmnumnm,

325 3428 408 3468 ego
454 3427 551 3469 cum
595 3414 689 3457 aliis
733 3413 897 3470 probo:
945 3415 1107 3457 illius
1154 3428 1190 3457 e.
1263 3413 1360 3458 Etsi
1401 3415 1513 3460 enim
1556 3427 1634 3471 per
1671 3427 1720 3458 se
1751 3415 1905 3470 copula
1937 3426 2023 3459 non

2135 3320 2158 3345 e.

2132 3347 2158 3393 '2⁶

2126 3394 2151 3459 ξι
