2158 3750
706 238 1013 298 TlBULLI
1073 237 1213 297 LlB.
1246 237 1286 298 1.
1318 251 1362 295 7.
1786 241 1870 298 27

245 392 315 450 Et
359 391 566 476 Tyriae
604 408 781 455 vestes
825 409 898 454 et·
923 392 1105 455 dulcis
1142 392 1283 478 tibia
1328 405 1498 452 cantu

323 499 394 558 Et
430 499 565 560 levis
604 499 838 562 occultis
879 501 1107 561 conscia
1153 479 1291 561 cista
1316 491 1517 560 sacris.

243 608 366 666 Huc
412 606 548 669 ades
583 622 640 668 et
656 649 664 666 ,-
678 622 905 669 centum
939 606 1092 668 ludis
1135 608 1505 688 Geniumque·
1541 601 1764 666 choreis

173 730 235 773 50
333 713 679 777 Concelebra
722 729 776 784 et
803 714 997 776 multo
1038 730 1294 798 tempora
1329 709 1736 775 fundevm'ero:

240 821 397 882 lilius
429 837 499 883 -et
536 821 721 884 nitido
760 822 972 883 stillent
1014 837 1306 903 unguenta
1345 821 1584 905 capillo,

329 930 402 990 Et
442 931 626 1012 capite
671 945 725 992 et
768 929 915 992 collo
949 928 1145 991 mollia
1191 944 1341 990 serta
1378 943 1560 1010 gerat.

245 1038 340 1098 Sic
386 1037 575 1099 venias
619 1038 924 1101 hodierne:
981 1039 1086 1100 tibi
1131 1039 1260 1098 dem
1305 1037 1448 1098 turis
1491 1036 1776 1106 hon01·eS‚

328 1145 475 1206 Liba
519 1160 573 1207 et
613 1146 925 1231 Mopsopio
970 1147 1160 1209 dulcia
1204 1145 1368 1208 melle
1410 1139 1606 1206 feram.

178 1268 236 1312 55
254 1252 328 1312 At
370 1253 476 1313 tibi
519 1270 840 1316 succrescat
878 1255 1100 1339 proles,
1159 1277 1304 1338 quae
1346 1254 1497 1315 facta
1536 1252 1789 1336 parentis

336 1362 560 1444 Augeat
603 1378 657 1424 et
701 1364 859 1446 circa·
895 1379 1002 1425 stet
1038 1363 1364 1424 veneranda
1407 1386 1615 1423 senem.
1701 1395 1704 1399 ·

243 1473 360 1532 Nec
403 1486 584 1536 taceat
619 1487 989 1533 monumenta
1031 1473 1184 1546 viae,
1226 1495 1395 1555 quem
1432 1468 1682 1530 Tuscula
1723 1466 1886 1527 tellus

336 1581 709 1665 Candidaque
752 1581 988 1664 antiquo
1033 1580 1246 1642 detinet
1286 1579 1438 1639 Alba
1477 1579 1639 1639 Lare.

240 1692 499 1773 Namque
542 1689 753 1774 opibus
794 1701 1064 1771 congesta
1102 1688 1214 1749 tuis
1257 1687 1352 1749 hic
1397 1685 1590 1768 glarea
1630 1685 1776 1744 dura

183 1817 243 1860 60
341 1799 655 1873 Sternitur,
712 1798 807 1860 hic
856 1813 987 1882 apta
1027 1797 1284 1878 iungitur
1328 1810 1445 1856 arte
1483 1793 1636 1855 silex.

253 1909 336 1968 Te
375 1907 528 1968 canit
570 1906 851 1989 aglicola‚
904 1930 933 1966 e
974 1930 1186 1987 magna
1233 1929 1360 1966 cum
1407 1902 1622 1963 venerit
1656 1901 1803 1961 ¹urbe

332 2017 507 2077 Serus
549 2015 899 2077 inoffensum
944 2013 1332 2096 rettuleritque
1375 2011 1597 2095 pedem.

252 2130 328 2185 At
372 2141 461 2198 tu,
518 2123 735 2186 Natalis
773 2123 984 2185 multos
1027 2122 1368 2185 celebrande
1411 2144 1517 2204 per
1561 2143 1772 2190 an1103‚

340 2233 657 2296 Candidior
699 2256 924 2315 semper
968 2232 1384 2313 candidiorque
1427 2229 1569 2289 veni.

314 2546 366 2589 V.
386 2548 458 2590 4¹1.
499 2545 690 2589 dulcis
727 2545 921 2588 defendit
949 2546 1241 2587 Gemmanus
1280 2542 1411 2585 allato
1443 2539 1624 2585 Honu.
1650 2538 1694 2592 1,
1729 2542 1798 2590 17,
1829 2540 1899 2579 10.

195 2635 238 2670 et
270 2629 504 2670 Pacem-r.
523 2627 600 2681 lv,
619 2630 660 2680 4,
682 2630 727 2672 5.
746 2650 805 2657 —
869 2627 920 2670 V.
937 2628 1009 2670 49.
1044 2625 1197 2668 ludis
1228 2624 1430 2666 Enomc.
1457 2637 1542 2664 rec,
1570 2621 1728 2674 aliique
1760 2618 1901 2674 pauci.

195 2711 253 2753 Et
278 2712 342 2754 sic
372 2711 483 2753 bene
513 2710 785 2753 emendatum
813 2714 880 2752 est
909 2722 935 2751 a
965 2709 1142 2752 Sammo
1174 2721 1236 2764 pr.
1264 2706 1418 2760 ludos,
1456 2719 1567 2761 quae
1598 2709 1666 2749 est
1696 2704 1903 2746 librorum

195 2793 286 2835 fere
325 2793 512 2836 omnium
546 2793 697 2845 lectio,
740 2791 925 2846 ideoque
967 2791 1157 2847 reposita
1198 2790 1252 2832 ab
1294 2789 1605 2831 Lacmurmo.
1635 2809 1694 2817 --
1755 2786 1808 2829 V.
1830 2788 1904 2827 51.

199 2876 371 2917 Illius
411 2880 480 2917 et.
542 2874 634 2919 Cur
672 2873 850 2932 probem
879 2872 1017 2914 Illius
1051 2886 1074 2913 e
1105 2873 1287 2915 aliorum
1323 2871 1519 2914 codicum
1559 2868 1812 2920 lectionem,
1860 2870 1907 2908 ut

197 2958 269 3000 alii
304 2957 524 3011 fecerunt,
567 2955 812 3012 expositum
841 2957 884 2998 iu
915 2954 1229 3012 Explicatione.

319 3062 371 3105 V.
389 3064 463 3104 58.
508 3059 761 3103 Candida
799 3074 928 3119 quem
964 3061 1096 3116 vulgo
1123 3059 1178 3103 de
1210 3060 1458 3111 coniectura
1483 3057 1799 3109 Bnouxuum,
1830 3055 1907 3098 sed

198 3144 338 3187 aliena
368 3142 437 3187 hic
466 3140 692 3200 emphasis.

325 3250 466 3292 tum.
510 3248 661 3291 canit
700 3252 833 3291 recte.
898 3248 1041 3302 Vulgo
1074 3255 1199 3289 canet
1236 3261 1291 3290 ex
1325 3247 1563 3290 VAncmo
1595 3246 1782 3297 Sanum,
1821 3255 1907 3298 quo

204 3344 284 3373 non
320 3343 441 3386 opus.
