2086 3756
221 249 401 282 cxxxn
892 226 989 276 DE
1025 222 1226 277 POESI

218 380 398 420 cantus
448 367 736 421 immobilia
798 381 1038 426 movere,
1116 362 1331 414 mobilia
1394 362 1634 413 inhibere
1698 348 1916 414 dicatur.

216 465 325 514 Iam
373 474 642 531 praeterea
691 463 913 510 observa
959 459 1195 524 ipsorum
1243 456 1582 507 distichorum
1629 457 1917 523 oppositio-

216 574 352 608 nem.
426 556 559 606 Cum
597 555 737 605 enim
773 571 909 621 quae
945 554 1117 619 primo
1158 550 1378 603 disticho
1419 551 1777 614 continentur,
1810 560 1918 600 ter-

212 649 402 701 restres
444 650 548 699 sint
582 666 693 710 res,
733 648 816 699 his
853 646 1082 699 secundo
1118 645 1337 699 disticho
1369 647 1607 699 caelestia
1640 645 1919 708 adduntur,

215 757 273 797 ut
319 746 389 795 sic
439 743 655 793 exsistat
712 741 855 794 aliud
906 743 1072 795 maius
1125 753 1311 795 totum.
1407 741 1562 794 Addo
1612 758 1753 793 nunc
1802 740 1919 791 alia.

215 840 358 891 Dicit
397 840 449 903 Ι,
488 843 547 903 6,
586 844 651 890 17
688 855 834 907 sqq.:

356 935 476 988 Neu
513 934 733 986 iuvenes
771 933 998 984 celebret
1037 933 1200 983 multo
1240 948 1508 997 sermone,
1557 941 1765 997 caveto,

424 1028 572 1082 Neve
610 1030 764 1079 cubet
798 1030 922 1079 laxo
957 1038 1139 1094 pectus
1177 1037 1358 1093 aperta
1390 1028 1539 1090 sinu,

286 1176 291 1182 ,
356 1122 479 1175 Neu
514 1133 566 1173 te
605 1122 826 1188 decipiat
859 1131 1022 1183 nutu,
1070 1119 1333 1188 digitoque
1366 1121 1630 1189 liquorem

429 1217 511 1268 Ne
547 1218 719 1266 trahat
759 1225 812 1265 et
847 1231 1058 1265 mensae
1094 1212 1251 1264 ducat
1289 1216 1348 1264 in
1384 1216 1522 1265 orbe.
1549 1224 1718 1265 notas-

216 1310 316 1360 Hic
344 1309 401 1360 in
429 1301 598 1377 primo
633 1308 854 1360 disticho
892 1318 1028 1361 artes
1062 1309 1269 1375 puellae
1306 1319 1510 1375 apertas
1537 1317 1924 1383 commemorat,

216 1407 434 1473 opinor,
476 1406 668 1473 quibus
705 1403 922 1454 omnino
959 1403 1114 1454 allicit
1146 1403 1393 1467 iuvenes,
1431 1404 1489 1453 in
1525 1402 1755 1454 secundo
1791 1413 1926 1454 tecta

217 1517 336 1550 cum
366 1509 570 1550 amante
607 1497 894 1566 colloquia,
933 1515 1053 1548 cum
1084 1507 1290 1564 tempus
1319 1499 1601 1567 locumque
1637 1508 1925 1550 conventus

215 1592 476 1659 designat3
524 1604 805 1660 utrumque
837 1602 1013 1642 autem
1041 1590 1300 1643 distichon
1332 1594 1525 1644 iterum
1560 1595 1810 1661 bipartito
1846 1592 1926 1644 di-

214 1689 402 1739 visum.
469 1685 607 1736 Vide
646 1703 811 1753 porro
852 1687 900 1750 Ι,
939 1691 999 1749 9,
1036 1691 1100 1737 31
1140 1702 1283 1754 sqq.:

358 1782 511 1832 Tunc
549 1780 679 1831 mihi
718 1780 928 1831 iurabas
969 1781 1116 1831 nullo
1152 1790 1204 1831 te
1243 1779 1416 1831 divitis
1455 1780 1572 1830 auri

426 1874 694 1939 Pondere,
731 1891 842 1924 non
878 1874 1090 1940 gemmis
1129 1873 1355 1926 vendere
1395 1875 1529 1925 velle
1566 1871 1750 1938 fidem,

359 1969 486 2021 Non
521 1969 617 2021 tibi
653 1969 698 2019 si
730 1970 958 2035 pretium
998 1967 1462 2045 Campaniapterra
1499 1967 1736 2032 daretur,

429 2062 558 2114 Non
593 2063 691 2113 tibi
728 2065 772 2113 si
806 2062 1000 2112 Bacchi
1037 2081 1162 2112 cura
1200 2063 1455 2114 Falernus
1495 2080 1632 2127 ager.

217 2157 583 2208 Memorantur
618 2158 704 2209 hic
742 2157 846 2208 duo
884 2157 1153 2208 notissima
1186 2174 1379 2221 genera
1415 2155 1742 2219 divitiarum,
1787 2165 1836 2206 et
1869 2156 1926 2204 in

217 2253 389 2319 primo
427 2251 639 2318 quidem
671 2247 890 2302 disticho
927 2269 1114 2301 aurum
1148 2260 1199 2300 et
1227 2268 1478 2315 gemmae,
1515 2250 1577 2300 in,
1607 2252 1769 2301 altero
1804 2251 1927 2315 agri,

221 2347 314 2415 qui
350 2357 401 2396 et
431 2345 532 2412 ipsi
568 2345 830 2411 bipartiti3
869 2363 991 2395 nam
1020 2344 1359 2411 Campaniam
1395 2355 1589 2395 terram
1622 2318 1927 2411 frugiferam

216 2441 476 2506 intellige,
514 2450 572 2490 ut
596 2438 854 2490 Falernus
890 2457 1011 2504 ager
1045 2438 1224 2490 vitifer
1259 2448 1354 2490 est.
1422 2438 1560 2490 Vide
1595 2456 1736 2490 nunc
1762 2439 1930 2490 maio-

222 2552 332 2586 rem
372 2532 803 2599 compositionem
839 2533 891 2595 Ι,
922 2538 984 2596 2,
1017 2535 1085 2584 45
1122 2549 1268 2600 sqq.:

359 2627 509 2676 Hanc
545 2643 640 2690 ego
678 2625 741 2676 de
782 2627 924 2676 caelo
960 2624 1236 2676 ducentem
1272 2623 1443 2676 sidera
1478 2623 1616 2686 vidi,

434 2719 692 2771 Fluminis
727 2722 856 2770 haec
892 2718 1067 2786 rapidi
1107 2719 1335 2770 carmine
1371 2717 1528 2771 vertit
1562 2717 1689 2780 iter,

359 2813 503 2863 Haec
539 2824 698 2864 cantu
733 2813 988 2882 finditque
1026 2815 1197 2864 solum
1231 2813 1522 2880 Manesque
1562 2811 1815 2879 sepulcris

434 2907 587 2958 Elicit
621 2917 669 2958 et
704 2906 882 2973 tepido
919 2906 1136 2960 devocat
1174 2923 1290 2960 ossa
1323 2923 1482 2971 rogo:

365 3003 476 3053 Iam
511 3013 654 3053 tenet
690 3002 925 3054 infernas
962 3003 1160 3068 magico
1199 3001 1419 3053 stridore
1457 3010 1715 3063 catervas,

436 3098 545 3148 Iam
586 3098 733 3149 iubet
772 3114 1007 3164 aspersas
1042 3099 1176 3148 lacte
1212 3098 1409 3147 referre
1449 3095 1672 3163 pedem.=

367 3187 501 3241 Cum
534 3193 686 3255 libet,
735 3193 864 3244 haec
898 3192 1034 3243 tristi
1070 3191 1280 3258 depellit
1316 3193 1498 3241 nubila
1535 3191 1706 3240 caelo:

441 3283 575 3336 Cum
609 3285 760 3351 libet,
810 3287 1006 3339 aestivo
1045 3296 1296 3340 convocat
1333 3287 1462 3337 orbe
1498 3285 1662 3338 nives,
