2086 3756
812 235 858 284 T
860 234 1118 287 IBULLI.
1147 275 1155 282 .
1691 252 1816 283 xun

120 380 347 428 carmina
396 382 551 445 plena
595 380 895 433 sublimium
931 392 1207 444 sensuum,
1260 397 1491 450 quorum
1525 391 1698 432 tamen
1735 383 1815 431 in-

117 475 378 525 tellectum
426 477 654 544 aliquem
698 484 908 527 necesse
948 487 1027 530 est
1067 477 1328 532 habuerit.
1415 474 1638 526 Callidas
1682 485 1816 526 artes
1870 460 1885 472 ³

119 572 338 623 aliarum
385 571 678 637 puellarum
726 569 935 622 credam
978 575 1045 626 ab
1084 589 1144 626 ea
1188 572 1407 635 alienas,
1448 587 1567 621 cum
1603 570 1817 621 Tibullo

116 667 485 730 innotesceret3
522 677 573 721 et
610 667 855 722 amabiles
890 684 1066 721 mores
1101 670 1331 733 fuerunt,
1366 670 1475 722 sive
1513 666 1817 722 educatione

116 764 223 815 sive
265 763 368 815 alio
403 761 562 815 modo
596 763 755 829 parti.
825 762 1095 828 Ingenium
1135 774 1246 818 erat
1278 765 1428 829 mite3
1482 762 1728 817 saevitiae
1769 772 1820 813 et

116 860 389 926 superbiae
426 860 630 913 nullum
663 859 954 925 vestigium.
975 869 1161 913 exstat.
1245 859 1356 911 Nec
1390 860 1657 912 luxuriam
1670 894 1684 921 ‚
1736 860 1821 908 cui

115 956 352 1011 Nemesis
386 965 658 1022 tantopere
697 955 870 1012 dedita
881 983 900 1020 5
943 957 1019 1009 in.
1041 955 1123 1010 his
1151 956 1334 1022 elegiis
1370 955 1609 1023 queritur
1647 961 1819 1018 poeta,

115 1049 206 1101 sed
240 1051 427 1118 potius.
441 1051 719 1117 probabile
757 1061 832 1103 est
868 1051 1245 1119 simplicitatem
1283 1049 1546 1119 quandam
1579 1050 1717 1101 vitae
1754 1064 1820 1096 ex

115 1145 312 1210 origine
340 1145 559 1211 plebeia,
596 1155 878 1213 antequam
904 1156 1331 1213 corrumperetur
1357 1145 1662 1198 muneribus
1693 1143 1821 1193 alio-

114 1257 249 1303 rum,
285 1241 351 1291 ab
389 1258 452 1292 ea
485 1250 759 1307 retentam,
793 1260 955 1311 qum
985 1253 1105 1310 post
1139 1241 1364 1295 reditum
1403 1259 1430 1293 e
1473 1240 1706 1309 Corcyra
1739 1240 1821 1290 in-

115 1334 294 1388 venire
319 1337 444 1389 velit
468 1354 687 1405 vespere
718 1338 859 1390 inter
889 1342 1099 1392 ancillas
1138 1339 1206 1391 ad
1239 1342 1511 1390 lucernam
1543 1348 1708 1390 matre
1743 1338 1823 1388 sa-

117 1434 280 1484 bellas
324 1438 568 1486 narrante
610 1436 843 1488 femineo
884 1447 1022 1488 caste
1060 1447 1368 1502 occupatam
1404 1437 1616 1498 labore,
1663 1451 1822 1502 quam

117 1531 358 1595 sperabat
403 1530 608 1596 negotia
643 1530 946 1583 domestica-
991 1531 1048 1582 in
1102 1531 1318 1599 praedio
1372 1548 1470 1583 suo
1524 1539 1821 1581 curaturam

115 1625 202 1684 sic,
242 1635 300 1674 ut
337 1623 587 1679 describit·
613 1625 668 1674 in
707 1627 923 1694 quintass⁴>
979 1624 1132 1679 Certe
1160 1645 1190 1676 a
1214 1626 1452 1677 Nemesis
1482 1627 1621 1676 fastu
1651 1626 1819 1676 aliena

117 1723 258 1771 haec.
327 1721 483 1771 Talis.
509 1721 621 1772 fere
654 1721 964 1773 cum.Delia
1003 1726 1156 1785 esset,
1194 1722 1437 1772 Tibullus
1473 1722 1702 1788 primum
1739 1721 1821 1768 in-

117 1832 300 1867 census
326 1817 712 1883 pulchritudine
744 1818 879 1882 'eiu8‚
914 1819 987 1870 sic
1012 1836 1126 1869 eam
1157 1835 1329 1869 amare
1355 1817 1541 1884 coepit,
1578 1827 1635 1866 ut
1664 1832 1822 1883 quam

115 1924 419 1979 perpetuam
454 1914 648 1965 sociam
683 1916 819 1966 vitae
856 1914 920 1965 ad
945 1925 1166 1965 mortem
1194 1916 1386 1966 habere
1416 1913 1610 1980 cupias.
1683 1908 1823 1972 Quid

118 2011 327 2062 mollius
365 2011 447 2061 his
483 2012 656 2064 verbis
694 2011 736 2074 Ι,
777 2017 822 2076 1’,
865 2017 960 2063 59:

258 2107 334 2158 Te
371 2118 626 2173 spectem,
670 2125 916 2174 suprema
951 2107 1080 2159 mihi
1119 2123 1238 2158 cum
1278 2106 1483 2158 venerit
1522 2105 1670 2166 hora,

329 2201 405 2251 Te
441 2211 651 2253 teneam
683 2203 915 2254 moriens
951 2201 1220 2254 deficiente
1241 2219 1434 2251 -manu.

117 2299 191 2348 Ac
227 2299 437 2349 volebat
471 2315 616 2362 eam,
665 2309 726 2349 ut
764 2315 925 2366 supra
968 2299 1108 2363 dixi,
1158 2315 1257 2365 pro
1307 2314 1476 2347 uxore
1515 2276 1689 2346 secum
1729 2297 1821 2345 ha-

118 2397 242 2445 bere
276 2411 422 2453 rure,
457 2405 508 2445 et
541 2394 746 2444 felicem
780 2394 941 2446 vitam
978 2395 1082 2444 sihi
1115 2392 1354 2459 fingebat,
1392 2394 1437 2442 si
1468 2401 1636 2441 amata
1672 2391 1825 2457 quasi

116 2489 719 2561 materfamiliasomnia
754 2499 976 2550 curaret,
1013 2486 1455 2558 quemadmodum
1484 2481 1702 2554 pulchre
1734 2486 1823 2536 de-

119 2585 295 2634 scribit
328 2584 369 2647 1,
405 2588 455 2646 5,
493 2587 560 2632 21
599 2599 747 2652 sqq.:

258 2679 404 2730 Rura
439 2679 606 2730 colam
642 2679 966 2748 frugumque
1001 2677 1168 2730 aderit
1203 2695 1319 2728 mea
1355 2677 1512 2728 Delia
1554 2685 1740 2736 cusum,

329 2777 468 2825 Area
503 2772 640 2824 dum'
665 2759 1004 2830 messessole
1043 2776 1243 2825 calente
1278 2783 1428 2837 teret,

258 2870 365 2919 Aut
402 2869 534 2920 mihi
567 2869 797 2922 servabit
832 2869 1000 2937 plenis
1034 2870 1089 2920 in
1125 2869 1373 2919 lintribus
1410 2885 1555 2931 uvas,

333 2967 623 3033 Pressaque
657 2966 826 3018 veloci
863 2965 1084 3015 candida
1118 2975 1288 3016 musta
1323 2962 1472 3032 pede,

266 3061 583 3114 Consuescet
619 3078 896 3115 numerare
932 3079 1117 3131 pecus,
1147 3070 1449 3114 consuescet
1486 3060 1702 3111 amantis

337 3160 592 3212 Garrulus
627 3161 683 3211 in
721 3160 963 3213 dominae
998 3160 1180 3213 ludere
1217 3178 1380 3213 verna
1416 3161 1549 3211 sinu.

268 3256 360 3304 Illa
397 3253 506 3306 deo.
535 3258 660 3307 sciet
695 3258 948 3322 agricolae
988 3274 1084 3323 pro
1123 3257 1314 3309 vitibus
1354 3272 1524 3317 uvam,

340 3349 443 3400 Pro
483 3362 649 3415 segete
687 3354 876 3419 spicas,
905 3368 1014 3418 ‘pro
1051 3369 1200 3417 grege
1245 3354 1375 3402 ferre
1415 3349 1617 3414 dapem.
