2086 3756
268 255 398 287 xxvx
971 236 1064 284 DE
1103 234 1274 284 VITA

269 379 540 431 ditioribus
579 379 780 446 copiam
820 378 901 428 sui
936 378 1157 439 faceret,
1193 384 1346 443 atque
1383 373 1535 425 etiam
1574 373 1841 425 Tibullum
1880 373 1970 424 de-

271 485 477 542 ceptum
515 470 901 542 pulchritudine
955 471 1067 522 eius
1115 480 1165 521 et
1209 468 1443 521 moribus
1481 469 1726 520 suavibus
1761 468 1973 520 nonnisi

266 586 543 619 munerum
579 583 886 633 magnorum
923 562 1159 617 mercede
1208 562 1526 627 admitteret,
1579 573 1630 614 et
1665 563 1808 614 hunc
1855 563 1973 631 qui-

270 665 386 717 dem
426 682 545 718 raro
584 674 643 714 ut
677 663 850 714 minus
891 661 1116 724 divitem,
1158 662 1362 729 saepius
1398 678 1526 713 vero
1566 659 1898 712 excluderet:

483 770 607 809 tunc
636 757 842 810 morior
877 756 1037 820 curis,
1076 753 1206 826 (ait,)
1246 765 1372 807 tunc
1418 771 1565 805 mens
1602 755 1731 805 mihi
1767 752 1973 821 perdita

1311 851 1471 917 fingit,

554 947 735 1017 quisve
771 964 941 998 meam
986 956 1157 998 teneat
1205 955 1334 1014 quot
1370 953 1609 997 teneatve
1646 942 1835 1008 modis2

266 1042 446 1092 Fuisse
495 1042 630 1092 hanc
672 1041 909 1092 ultimam
946 1050 1166 1092 amatam
1201 1049 1388 1106 poetae
1437 1037 1655 1093 Ovidius
1691 1041 1750 1090 in
1785 1039 1975 1106 Epice-

265 1137 351 1189 dio
388 1147 637 1200 testatur,
694 1147 744 1188 et
785 1155 903 1188 cum
952 1137 1164 1188 nonnisi
1197 1137 1300 1186 tria
1339 1135 1570 1186 carmina
1618 1135 1677 1186 in
1719 1151 1834 1187 eam
1880 1136 1975 1186 ha-

263 1234 510 1294 beamus,
561 1230 717 1281 etiam
762 1230 835 1280 sic
889 1229 1132 1281 coniicias
1182 1246 1293 1280 non
1341 1227 1434 1280 diu
1482 1239 1601 1280 ante
1632 1229 1795 1290 finem
1838 1227 1974 1279 vitae

265 1329 409 1379 hunc
449 1328 738 1377 infaustum
773 1341 1006 1377 amorem
1048 1335 1240 1377 ortum.
1330 1323 1487 1388 Quod
1535 1326 1732 1376 factum
1764 1322 1975 1376 videtur

266 1424 386 1474 circ.
422 1427 544 1474 733.
626 1423 690 1472 In
727 1421 954 1473 carmine
997 1419 1063 1471 ad
1097 1404 1439 1472 Messalinum
1481 1419 1604 1471 dicit
1639 1419 1883 1470 Tibullus
1919 1434 1973 1469 se

264 1519 369 1568 iam
418 1535 614 1568 annum
667 1517 902 1568 saucium
945 1518 1118 1569 *iacere
1167 1517 1269 1569 hoc
1315 1534 1521 1580 amore,
1584 1514 1729 1584 quod
1771 1532 1839 1568 ex
1875 1515 1974 1566 hoc

266 1616 462 1669 calculo
498 1632 621 1666 ann.
660 1615 782 1666 734.
819 1615 1068 1682 scriptum
1102 1615 1279 1666 fuerit.
1368 1607 1576 1680 Elegiae
1611 1630 1739 1665 vero
1773 1586 1831 1664 in
1867 1611 1976 1663 Ne·-

264 1710 460 1771 mesim,
492 1721 551 1761 ut
586 1711 726 1762 infra
762 1710 864 1763 alio
899 1712 1018 1762 loco
1055 1713 1286 1774 notabo„
1304 1728 1367 1762 eo
1399 1711 1509 1760 fere
1539 1707 1724 1761 ordine
1754 1712 1973 1777 scriptae

264 1801 511 1854 videntur
552 1822 658 1873 quo
700 1821 840 1854 nunc
887 1805 1150 1869 leguntur.
1239 1804 1480 1855 Tibullus
1532 1804 1590 1856 in
1642 1805 1743 1856 hoc
1796 1820 1973 1855 amore

265 1909 503 1951 mortuus
532 1910 622 1963 est,
657 1910 788 1950 teste
815 1897 1006 1952 ovidio
1039 1900 1096 1950 in
1127 1897 1392 1966 Epicedio,
1429 1899 1522 1951 ubi
1554 1898 1793 1950 Nemesis
1821 1897 1972 1950 dicit:

611 1996 701 2046 Me
737 1996 906 2047 tenuit
937 1998 1168 2049 moriens
1205 1996 1472 2051 deficiente
1507 2011 1684 2059 manu,

266 2090 357 2157 qui
394 2106 575 2142 versus
616 2088 955 2159 depromptus
1005 2109 1071 2143 ex
1121 2092 1281 2158 elegia
1321 2091 1491 2158 prima
1526 2090 1649 2143 libri
1685 2089 1843 2158 primi
1879 2089 1970 2140 Ti-

265 2187 500 2250 bulliani,
541 2187 739 2236 etiamsi
770 2204 877 2238 non
913 2187 981 2238 ad
1010 2192 1232 2240 verbum
1257 2198 1519 2254 urgeatur,
1556 2188 1658 2238 hoc
1689 2185 1970 2238 certissime

263 2286 478 2349 probat,
514 2282 751 2333 nondum
785 2284 992 2335 finitum
1031 2286 1190 2336 fuisse
1225 2287 1367 2336 hunc
1403 2300 1661 2347 amorem,
1702 2283 1973 2337 cumobi-

264 2390 346 2430 ret
379 2380 594 2438 Albius,
642 2378 733 2430 sed
777 2383 824 2430 in
872 2397 1080 2446 amore,
1137 2391 1198 2432 ut
1248 2379 1382 2444 dixi,
1434 2390 1701 2435 mortuum
1746 2388 1973 2448 poetam·

265 2477 405 2527 Haec
446 2479 712 2527 hactenus,

410 2572 614 2622 Tertium
658 2570 854 2621 librum
894 2587 1003 2622 non
1049 2587 1160 2622 esse
1207 2571 1406 2623 Tibulli
1437 2572 1640 2640 primus
1678 2574 1973 2626 observarit

263 2642 485 2717 Ioanites
512 2665 771 2718 Henricus
795 2668 1018 2718 Vossius
1054 2668 1111 2718 in
1139 2667 1451 2721 calendario
1485 2669 1693 2737 poetico
1731 2665 1971 2738 (Μυκη-

265 2758 557 2829 almanach)
602 2778 726 2812 ann.
765 2765 919 2815 1786.
931 2797 945 2824 ,
981 2761 1140 2831 idque
1175 2772 1357 2830 postea
1390 2765 1618 2831 amplius
1654 2761 1971 2814 confirmare-

238 2841 462 2909 'studuit
509 2858 567 2908 in
615 2859 964 2924 praefatione,
1012 2877 1177 2927 quam
1218 2860 1572 2912 Translationi
1609 2877 1734 2911 suae
1771 2858 1972 2910 Tibulli

264 2970 385 3004 ann.
423 2957 580 3003 1810.
631 2951 798 3003 editae
846 2954 1134 3020 praemisit.
1212 2956 1423 3006 Assensi
1471 2965 1594 3007 sunt
1641 2953 1968 3006 Eichstadius

261 3047 489 3112 primum
515 3047 694 3113 paucis
720 3048 892 3098 verbis
926 3048 983 3097 in
1008 3049 1396 3114 Programmate
1422 3051 1628 3103 lenensi
1664 3067 1786 3104 ann.
1813 3053 1970 3101 1806.

263 3143 346 3192 eui
383 3142 595 3193 titulus:
657 3143 968 3209 Disputantur
1000 3145 1218 3194 nonnulla
1255 3146 1315 3194 de
1362 3149 1417 3195 iis
1429 3183 1445 3207 ,
1494 3163 1620 3212 quas
1656 3162 1769 3195 novo
1809 3145 1975 3196 Tibulli

263 3241 432 3290 edz'tori
461 3243 530 3290 vel
562 3241 776 3290 cavenda
813 3242 881 3290 vel
907 3239 1150 3306 faciunda
1183 3245 1298 3302 sint,
1345 3250 1528 3307 postea
1568 3241 1780 3292 uberius
1825 3257 1967 3291 com-

263 3337 464 3387 munita
497 3337 674 3388 Vossii
711 3337 966 3388 sententia
1000 3338 1168 3388 tribus
1205 3337 1316 3388 aliis
1350 3337 1744 3403 programmatis
1785 3335 1964 3388 acade÷

2054 3014 2082 3331 ,ς

2051 3330 2072 3426 ἳ-
