2158 3750
233 218 317 277 44
700 217 1006 276 TIBULLI
1069 218 1208 276 LIB.
1243 219 1311 276 ΙΙ.
1343 231 1385 275 2.
1418 231 1460 276 3.

304 373 600 453 Auguror,
659 371 850 431 uxoris
890 369 1037 429 fidos
1083 370 1307 452 optabis
1355 393 1603 430 amores:

382 483 502 539 Iam
548 502 676 538 reor
716 478 823 537 hoc
869 478 1024 560 ipsos
1070 478 1369 538 edidicisse
1410 478 1562 538 deos.

294 589 410 647 Nec
454 586 556 645 tibi
602 584 897 657 malueris⁷
950 600 1127 644 totum
1175 593 1551 669 quaecunque
1591 607 1695 667 per
1743 585 1938 646 orbem

379 694 565 754 Fortis
601 707 724 753 arat
761 693 948 752 valido
992 693 1237 754 rusticus
1284 717 1416 752 arva
1456 692 1628 766 bove,

234 802 418 861 15Nec
464 800 597 873 tibi,
648 824 999 881 gemmarum
1042 800 1316 883 quicquid
1360 798 1621 859 felicibus
1663 797 1824 858 Indis

378 907 674 981 Nascitur,
729 908 835 967 Eoi
874 932 986 990 qua
1030 908 1202 968 maris
1247 906 1403 966 unda
1449 906 1628 966 rubet.

299 1019 444 1076 Vota
486 1015 710 1075 cadunt.
762 1015 979 1074 utinam
1024 1014 1451 1096 strepitantibus
1497 1012 1720 1073 advolet
1763 1012 1864 1072 alis

384 1122 669 1205 Flavaque
716 1122 983 1201 coniugio
1030 1121 1255 1180 vincula
1292 1136 1479 1203 portet
1520 1123 1728 1194 Amor,

297 1230 556 1302 Vincula,
593 1252 736 1311 quae
759 1243 1026 1288 maneant
1046 1251 1286 1310 semper,
1325 1228 1459 1285 dum
1491 1215 1650 1287 tarda
1679 1241 1937 1288 senectus

228 1353 289 1395 20
384 1337 627 1397 Inducat
671 1359 844 1417 rugas
882 1335 1207 1417 inficiatque
1254 1359 1458 1394 comas.

296 1448 418 1507 Hac
463 1445 649 1506 veniat
688 1444 905 1505 Natalis
954 1444 1039 1503 avi
1085 1442 1416 1526 prolemque
1461 1440 1768 1515 ministret,

386 1555 574 1615 Ludat
619 1569 672 1614 et
715 1567 843 1615 ante
887 1567 1014 1613 tuos
1059 1552 1226 1618 turba
1271 1532 1489 1613 novella
1527 1549 1715 1638 pedes.

772 1831 1216 1882 ELEGIA
1303 1831 1396 1882 111.

289 1924 490 2033 Rura
534 1993 748 2044 meam,
793 1971 1088 2043 Celinthe,
1126 1984 1319 2030 tenent
1356 1967 1630 2049 villaeque
1662 1961 1937 2048 puellam:

383 2081 625 2139 Ferreus
672 2093 771 2152 est,
814 2077 927 2138 heu
972 2079 1101 2151 heu,
1145 2077 1404 2161 quisquis
1439 2076 1500 2135 in
1545 2075 1687 2134 urbe
1731 2085 1935 2131 manet.

299 2189 431 2269 Ipsa
474 2189 667 2246 Venus
714 2185 857 2245 latos
898 2186 1012 2245 iam
1055 2209 1210 2245 nunc
1251 2183 1516 2264 migravit
1558 2183 1618 2241 in
1663 2203 1861 2261 agrOS,

381 2295 683 2377 Verbaque
728 2294 967 2354 aratoris
1012 2294 1222 2353 rustica
1269 2292 1437 2352 discit
1477 2294 1671 2351 Amor.

349 2447 403 2491 V.
429 2450 499 2490 17.
545 2447 759 2490 utinam
802 2448 913 2491 libri.
995 2447 1143 2502 Vulgo
1185 2444 1315 2487 viden
1357 2451 1411 2485 ut
1465 2443 1520 2486 de
1563 2442 1784 2499 praeclara
1828 2451 1934 2483 con-

228 2523 393 2567 iectura
435 2526 595 2567 Grss'rl
638 2529 684 2567 et
729 2525 931 2567 Hssmsn.
967 2548 1028 2556 —
1102 2521 1562 2578 strepitantibus
1605 2519 1716 2564 libri.
1791 2518 1937 2572 Vulgo

228 2600 558 2658 trepidantibus
599 2602 655 2644 de
695 2602 941 2644 coniectura
981 2602 1222 2644 Iunonum
1263 2602 1336 2642 vix
1377 2597 1635 2641 necessaria.

347 2683 493 2726 V.21.
531 2682 623 2723 Hic
658 2683 810 2724 veniat
843 2681 1030 2724 Natalis
1066 2682 1165 2723 avis
1198 2682 1517 2723 monuimus
1551 2692 1606 2721 ex
1638 2678 1772 2722 libris,
1832 2676 1933 2731 Ego

230 2773 327 2803 cum
356 2760 595 2802 Huscnmo
628 2760 790 2815 probo:
831 2759 948 2801 Hac
989 2758 1186 2801 veniat
1227 2757 1455 2800 Natalis
1498 2755 1611 2808 avi,
1653 2755 1696 2796 in
1728 2767 1814 2808 quo
1846 2752 1933 2794 hac

230 2837 308 2880 avi
349 2837 404 2880 de
441 2838 686 2880 coniectura
727 2836 916 2879 Hssmsn
953 2836 1175 2888 scribitur,
1226 2834 1299 2887 qui
1340 2838 1482 2875 tamen
1523 2833 1616 2874 sine
1656 2832 1769 2873 iusta
1803 2842 1935 2872 causa

230 2915 360 2957 etiam
399 2913 551 2955 veniat
589 2915 632 2955 in
676 2911 828 2955 venias
869 2913 1049 2956 mutavit
1090 2916 1133 2954 et
1176 2911 1398 2952 ministret
1439 2911 1482 2952 in
1524 2908 1770 2961 ministres,
1818 2907 1934 2962 quod

230 2993 362 3045 vulgo
395 2989 563 3032 habeut.
627 2991 835 3046 Suspicor
864 2991 968 3032 item
999 3003 1096 3032 cum
1127 2990 1367 3032 Huscumo
1401 2988 1442 3030 in
1482 2991 1750 3043 pentametro
1781 2993 1834 3026 ut
1866 2997 1932 3040 pr.

231 3073 287 3111 et
319 3082 344 3110 a
374 3067 550 3110 Tibullo
579 3067 798 3122 scriptum.

350 3151 404 3193 V.
423 3153 464 3192 3.
496 3149 617 3191 Libri
648 3149 738 3191 fere
771 3150 935 3191 latos.
957 3189 967 3199 ,
998 3149 1143 3203 Vulgo
1175 3147 1316 3189 laetos
1344 3161 1399 3190 ex
1427 3146 1546 3189 libris
1570 3146 1790 3198 Multum-1,
1823 3156 1931 3198 quos

232 3231 400 3268 veteres
437 3226 554 3268 dicit.
616 3225 819 3267 Ceterum
852 3225 1047 3267 confusio
1078 3225 1304 3278 solenniis,
1348 3224 1400 3267 cf.
1436 3224 1684 3266 Buumnffi.
1717 3222 1770 3264 ad
1804 3221 1929 3264 Ovid.

231 3304 371 3359 Epist.
405 3302 514 3354 XII,
544 3305 626 3355 ¹16,
670 3307 844 3344 notante
877 3302 1081 3345 Hunno.
