2158 3750
316 260 384 303 20
705 253 1171 307 COMMENTAR.
1211 258 1284 308 IN
1325 260 1613 315 'rfflULLI

324 409 418 451 Cic.
456 409 577 450 Verr.
612 408 685 460 IV,
719 409 791 448 21.
825 419 951 461 quem
981 407 1278 453 Bnoucxmss.
1311 411 1467 455 laudat.
1495 435 1553 444 —
1586 415 1638 458 V.
1659 418 1732 459 39.
1767 419 2017 474 primum,

323 490 347 531 li
395 504 432 532 e.
465 490 710 542 antiquitus.
773 489 839 530 De
867 488 1070 544 opinione
1101 488 1291 545 disputat
1322 491 1604 538 HuscnKmS.
1665 497 1804 541 Poeta
1831 502 2021 544 suaviter

323 575 452 615 etiam
505 585 581 627 per
620 575 870 625 sequentem
917 584 1088 615 versum
1136 573 1179 615 in
1221 575 1484 628 cogitatione
1529 577 1813 633 simplicitatis
1856 583 2022 636 priscae

320 656 595 707 immoratur,
637 655 710 696 ubi
742 655 804 696 de
836 654 1002 697 facili
1035 657 1158 698 luto
1193 662 1260 700 est
1292 660 1472 713 argilla,
1515 673 1627 714 quae
1655 663 1761 717 fingi
1792 666 2018 708 commode

319 742 476 792 potest.
507 760 566 768 —
613 737 665 780 V.
698 739 769 780 44.
802 744 856 780 et
886 739 1067 780 solito
1099 740 1340 782 membra
1371 732 1573 785 levare
1605 746 1761 799 toro,
1804 750 1853 787 ut
1883 746 2020 789 Ovn).

323 821 488 864 Amorr.
522 822 557 874 Ι,
589 825 632 874 5,
662 824 719 863 2:
764 820 953 877 imposui
994 822 1134 864 medio
1174 822 1364 865 membra
1394 822 1587 867 levanda
1617 834 1716 869 toro
1727 843 1744 876 ‚·
1793 824 1912 871 Fast'.
1946 830 2023 882 VI,

320 907 433 945 326:
480 905 599 945 Pars
642 903 758 944 iacet
797 911 843 944 et
884 903 1004 945 molli
1042 886 1244 962 grdmine
1276 905 1467 947 membra
1506 906 1800 967 leven-quae
1831 911 2020 955 Vossms

322 986 520 1027 contulit.
588 965 822 1040 Repetitur
853 999 955 1028 vero
986 988 1199 1029 sententia
1231 986 1468 1031 hexametri
1499 991 1690 1033 ornatius
1721 1006 1800 1048 per
1836 995 2020 1049 amplifi-

318 1070 557 1122 cationem,
589 1082 684 1111 cum
717 1069 955 1110 luculenter
985 1068 1220 1124 depingere
1250 1071 1353 1112 velit
1383 1072 1636 1114 suavitatem
1667 1075 1746 1119 rei.
1804 1075 2021 1118 Differunt

317 1153 430 1194 enim
464 1151 627 1192 lectum
659 1155 704 1193 et
734 1158 862 1192 torus
902 1156 950 1192 ut
994 1151 1114 1203 λέχος
1157 1158 1202 1194 et
1243 1148 1370 1208 εὐνή,
1413 1159 1457 1195 et
1498 1154 1616 1197 vides
1646 1156 1867 1200 Tibullum
1898 1164 2019 1214 post-

313 1247 441 1287 quam
475 1235 654 1289 primum
687 1233 938 1289 simpliciter
968 1226 1238 1292 requiescere
1269 1235 1383 1277 lecto
1413 1236 1546 1290 dixit,
1583 1237 1738 1281 deinde
1766 1240 1877 1284 bene
1906 1247 2021 1284 stra-

318 1323 410 1359 tum
442 1318 599 1359 lectum
629 1316 817 1370 laudare,
848 1330 934 1370 quo
964 1317 1095 1359 levari
1120 1318 1311 1360 membra
1343 1319 1521 1373 possint,
1551 1323 1596 1361 et
1627 1320 1802 1364 laudare
1823 1321 2018 1370 solitum,

316 1404 444 1457 quale
474 1415 558 1444 non
593 1408 658 1444 est
688 1402 729 1443 in
763 1402 890 1444 bello.
955 1401 1111 1456 Neque
1152 1416 1254 1446 vero
1297 1403 1488 1446 Homsslu
1528 1404 1650 1461 epica
1692 1407 1868 1450 ubertas
1897 1422 2018 1453 com-

315 1485 454 1539 parari
490 1484 620 1527 debet
649 1489 698 1526 ut
729 1483 999 1526 Huscmcms
1032 1483 1162 1537 fecit,
1209 1485 1295 1527 alia
1327 1490 1394 1527 est
1427 1486 1540 1528 enim
1571 1487 1719 1543 epica,
1765 1490 1851 1532 alia
1881 1490 2016 1545 lyrica

315 1570 485 1624 poesis;
528 1569 677 1623 epicus
716 1573 846 1624 poeta
883 1567 974 1611 fere
1005 1569 1164 1624 ubique
1196 1568 1358 1612 diutius
1388 1574 1581 1612 moratur
1610 1576 1742 1626 atque
1772 1573 1902 1616 etiam
1934 1575 2016 1617 mi-

313 1664 418 1692 nora
449 1651 641 1706 studiose
673 1651 950 1704 exsequitur,
993 1651 1153 1704 lyricus
1183 1651 1322 1694 sicubi
1351 1655 1570 1705 moratur,
1613 1665 1718 1709 prae
1747 1654 1842 1697 aliis
1871 1657 2015 1699 extol·

313 1734 402 1775 lere
434 1734 525 1775 vult
554 1709 716 1787 aliquid
747 1731 1061 1788 amplificando.
1134 1733 1210 1774 Sic
1248 1731 1375 1774 modo
1406 1731 1587 1776 vidimus
1618 1734 1660 1776 in
1693 1735 1820 1779 laude
1849 1738 2015 1793 simpli-

311 1817 457 1859 citatis
498 1818 688 1872 priscae:
732 1815 918 1857 Fictilia
952 1815 1170 1875 antiquus
1197 1815 1392 1873 primum
1434 1815 1519 1858 sibi
1550 1815 1672 1875 fecit
1702 1819 1896 1876 agrestis
1927 1834 2014 1877 po-

309 1898 440 1953 cula,
473 1899 524 1941 cle
546 1899 687 1958 facili
718 1899 1046 1959 composuitque
1074 1900 1188 1944 luto.
1251 1901 1359 1944 Mox
1391 1902 1586 1956 legemus
1615 1902 1758 1946 alludz
1799 1905 1877 1945 Me
1903 1905 2012 1946 reti-

309 1992 416 2025 nent
449 1984 646 2025 vinctam
668 1984 876 2042 formosa
909 1984 1057 2026 vincla
1084 1985 1279 2041 puellae,
1309 1994 1352 2027 et
1378 1985 1506 2027 sedeo
1537 1985 1677 2028 duras
1707 1985 1877 2028 ianitor
1907 1994 2013 2028 ante

298 2066 443 2123 fores.
507 2067 637 2108 Plura
669 2070 813 2108 autem
845 2066 900 2108 de
931 2064 1014 2108 hoc
1044 2079 1204 2121 genere
1234 2067 1579 2123 amplificationis
1611 2068 1799 2123 explicui
1833 2069 1876 2111 in
1906 2069 2010 2111 Dis-

307 2150 540 2191 sertatione
571 2148 624 2191 de
659 2149 902 2190 elocutione
937 2149 1112 2192 Tibulli.
1177 2150 1302 2194 Quae
1334 2164 1431 2193 cum
1458 2151 1519 2192 ita
1549 2151 1661 2204 sint,
1703 2151 1789 2194 iam
1818 2165 1902 2195 non
1933 2165 2010 2196 co-

309 2232 467 2286 gitabis
500 2245 594 2272 cum
628 2230 881 2284 quibusdam
912 2231 1219 2287 interpretibus
1262 2232 1317 2275 de
1355 2233 1636 2276 discubitorio
1665 2233 1805 2288 lec-to,
1848 2235 1892 2278 in
1923 2249 2010 2290 quo

307 2315 446 2368 epulis
476 2312 812 2363 accumbebant3
855 2314 959 2354 satis
1002 2318 1122 2368 patet
1159 2314 1205 2356 in
1249 2319 1341 2356 toto
1381 2315 1479 2358 loco
1521 2314 1576 2358 de
1606 2329 1756 2360 somno
1788 2322 1833 2360 et
1863 2319 2010 2372 quiete

305 2401 515 2439 nocturna
550 2396 665 2450 loqui
698 2401 884 2450 poetam,
918 2395 1142 2449 epularum
1173 2408 1278 2438 vero
1306 2397 1468 2439 mentio
1499 2398 1639 2440 aliena
1669 2403 1750 2442 est.
1768 2422 1832 2435 —.
1860 2400 1912 2444 V.
1933 2403 2006 2444 46.

304 2485 504 2521 tenero
536 2481 686 2532 sinu,
716 2484 764 2521 ut
788 2479 822 2530 l,
848 2482 890 2533 2,
917 2483 998 2521 73:
1030 2478 1195 2522 teneris
1219 2460 1410 2522 retinere
1434 2479 1630 2524 lacertis.
1691 2482 1742 2525 In
1767 2497 1854 2538 quo
1882 2491 2008 2525 tener

304 2569 395 2605 est:
442 2577 630 2605 amorem
675 2564 865 2618 spirans,
909 2565 1145 2607 amatorius
1187 2563 1462 2620 (zeirtliclz),
1508 2565 1701 2620 epitheto
1729 2567 1785 2610 ad
1814 2570 2007 2624 corporis

303 2653 469 2703 partem
513 2650 673 2701 relato,
718 2654 767 2690 ut
808 2661 963 2703 saepe,
1008 2662 1048 2691 v.
1080 2662 1118 2691 c.
1164 2648 1372 2690 miserum
1417 2656 1556 2704 caput
1597 2649 1633 2702 1,
1676 2652 1720 2702 2,
1751 2653 1825 2692 88.
1869 2649 2006 2692 noxia

304 2728 492 2771 membra
525 2731 559 2783 l,
591 2733 634 2783 3,
667 2732 738 2773 74.
772 2727 956 2770 brachia
987 2737 1124 2784 capta
1153 2729 1190 2782 J,
1221 2734 1265 2782 7,
1296 2733 1339 2771 6.
1371 2729 1510 2771 solers
1536 2745 1695 2772 manus
1725 2731 1826 2775 ibid.
1859 2745 1896 2774 v·
1929 2736 2001 2775 29.

299 2811 462 2852 inculti
498 2812 630 2868 pedes
669 2825 715 2860 v,
741 2817 815 2856 36.
860 2818 904 2856 et
946 2815 1063 2856 aliaS.
1126 2815 1193 2856 De
1225 2815 1536 2869 significatione
1577 2828 1706 2870 porro
1736 2816 1849 2858 conf.
1880 2823 2004 2859 tener

300 2893 443 2935 Amor
483 2895 517 2946 l,
550 2899 593 2948 3,
620 2899 693 2937 57.
734 2894 877 2936 teneri
921 2909 1077 2936 versus
1116 2897 1253 2939 Ovm.
1297 2898 1392 2941 Art.
1432 2897 1527 2939 Am.
1559 2897 1616 2950 ll,
1655 2900 1759 2942 273.
1803 2906 2002 2942 tenerum

298 2988 474 3016 carmen
505 2979 672 3018 Amorr.
705 2976 761 3029 lI,
785 2980 828 3026 8,
859 2980 903 3022 2.
923 3001 978 3008 —
1012 2977 1351 3023 detinuisse.
1388 2979 1526 3022 Vme..
1561 2979 1762 3034 Aemus,
1781 2984 1864 3025 84:
1897 2984 2001 3026 Aut

293 3059 459 3115 gremio
489 3059 738 3100 Ascanium
771 3084 828 3091 —-
861 3060 1042 3104 detinet.
1105 3063 1168 3105 Ac
1208 3066 1460 3118 compuraut
1488 3062 1651 3107 dietum
1682 3062 1846 3107 Comici
1878 3069 1999 3107 vete-

293 3146 376 3188 ris:
423 3143 510 3192 ἔξόν
553 3143 784 3188 καθεύδειν
825 3144 905 3204 τήν
947 3151 1156 3206 ἐρωμένην
1197 3150 1329 3204 ἔχων,
1381 3150 1498 3205 quod
1526 3151 1728 3194 Senonn
1758 3151 1813 3194 ad
1842 3152 1995 3209 Eurip-

293 3228 519 3272 Phoeniss.
562 3232 663 3273 481.
704 3230 902 3284 laudant,
947 3233 1019 3274 ubi
1062 3234 1160 3276 vide
1203 3235 1443 3277 VAchuN.
1514 3234 1743 3293 Postremo
1783 3235 1996 3280 notandus

291 3325 395 3354 usus
425 3313 618 3355 infinitivi
663 3314 841 3368 perfecti
876 3329 938 3371 pr.
984 3318 1171 3371 aoristo‚
1215 3331 1348 3376 saepe
1389 3319 1503 3374 apud
1546 3319 1764 3362 Tibullum
1790 3324 1858 3362 et·
1887 3321 1994 3362 alios

292 3395 444 3437 obvius
479 3402 658 3452 poetas,
700 3402 756 3440 ut'
790 3402 972 3442 constat.
1046 3399 1200 3454 Neque
1234 3415 1335 3445 vero
1367 3401 1507 3445 solum
1539 3403 1734 3458 poeticus
1776 3401 1842 3446 hic
1875 3415 1990 3454 usus,
