2158 3750
712 217 895 269 LIBR.
935 218 974 269 Ι.
1046 215 1247 271 ELEG.
1283 217 1375 269 ΠΙ.
1837 224 1903 270 85

198 371 353 416 Deliae
378 369 590 416 fortunam
617 384 696 415 nos
715 371 928 427 ignorare.
977 370 1119 428 Igitur
1144 383 1211 429 pu
1225 370 1339 414 ella
1371 382 1435 428 pr.
1465 369 1617 426 plurali
1643 374 1709 414 est
1727 374 1774 413 ut
1784 383 1902 428 puer

198 457 245 496 et
271 452 445 497 iuvenis
475 454 509 509 1,
541 457 586 509 2,
617 458 691 499 95.
722 454 851 514 virgo
883 456 980 498 &ru
1010 455 1140 500 Iun.
1175 455 1239 510 Π,
1268 458 1342 500 84.
1378 449 1607 502 λεύκασπις
1640 449 1729 504 φώς
1759 455 1899 499 Semi.

199 537 297 578 Ant.
330 538 433 581 106.
475 538 647 593 aliaque
685 538 820 581 multa
851 537 952 580 talia
995 537 1137 592 poetis
1168 537 1407 582 familiaria.
1468 535 1592 580 Adde
1621 535 1901 581 Lmnnmn.

197 617 251 660 ad
293 618 495 675 Propert.
539 633 642 676 pag.
670 622 775 662 237.
806 641 866 650 -
912 618 1190 673 gravibus
1232 619 1453 674 pensis,
1498 623 1678 675 propter
1718 616 1901 674 pondus,

197 699 255 743 cf.
279 701 517 744 Pnorssnr.
548 702 628 755 IV,
652 705 696 756 7,
721 702 794 744 41.
835 700 976 743 Ovm.
1010 699 1191 742 Heroid.
1215 699 1272 751 X,
1299 703 1372 743 90.
1435 699 1534 744 Non
1564 704 1706 744 tamen
1735 712 1902 756 poenae

197 797 339 828 causa.
369 808 429 816 —
473 784 688 839 affixa,
714 784 878 828 intenta
911 796 994 828 nec
1021 783 1337 839 interrumpens
1366 784 1573 827 laborem.
1618 784 1759 827 Ovm.
1789 783 1900 827 Met.

195 866 272 920 IV,
305 869 377 910 35.
426 865 616 909 haerent
657 864 788 910 telae.
859 865 1002 908 Intus
1032 865 1325 908 Gssmumms
1356 864 1524 908 confert
1554 866 1778 910 Qum'rn„
1809 864 1902 909 De-

194 947 361 990 clamat
387 947 495 991 V1.=
536 945 729 1006 Alioqui
753 960 922 1011 semRer
948 945 1058 989 estis
1085 945 1212 989 intra
1242 945 1429 993 domum,
1463 962 1552 988 uno
1576 946 1834 1004 plurimum.
1852 948 1902 990 in

192 1027 312 1076 loco,
356 1026 529 1071 levibus
557 1028 717 1086 officiis
746 1029 930 1086 affixae.
964 1053 1026 1063 —
1055 1029 1328 1087 paulati-m
1357 1029 1623 1072 remittat
1651 1043 1818 1086 opus,
1850 1036 1901 1074 ut

183 1125 291 1156 sera
320 1113 406 1156 iam
435 1117 592 1168 nocte3
637 1113 763 1169 fingit
791 1115 986 1158 suaviter
1011 1114 1101 1157 tale
1133 1118 1328 1170 tempus,
1359 1112 1438 1155 ubi'
1463 1112 1709 1168 inopinatus
1737 1112 1900 1155 adven-

191 1199 276 1240 tus.
349 1196 555 1240 Ceterum
597 1194 815 1245 remittit,
862 1196 934 1240 eui
974 1196 1116 1239 lassae
1145 1199 1302 1251 sponte
1346 1194 1509 1238 excidit
1538 1180 1742 1250 paulatim
1774 1206 1898 1250 opus.

192 1281 331 1325 Ovm.
363 1281 483 1324 Fast.
512 1279 571 1335 11,
598 1283 704 1325 ¹155.
734 1279 846 1325 Met.
876 1279 955 1335 IV,
984 1282 1091 1324 239.
1131 1279 1313 1323 Heroid.
1342 1279 1466 1334 XIX,
1500 1282 1601 1323 191.
1631 1302 1689 1312 -
1729 1281 1898 1324 eaelo

149 1364 151 1367 ’
190 1366 266 1409 mi
274 1379 404 1409 ssns
446 1369 515 1409 est
552 1365 627 1421 qui
666 1365 812 1409 subito
852 1364 1004 1420 adest,
1046 1365 1311 1422 insperatum
1339 1365 1544 1421 gaudium
1584 1370 1662 1408 aut
1689 1366 1900 1408 auxilium

191 1450 345 1505 affert,
391 1449 448 1495 cf.
488 1450 736 1505 Vunmn,
780 1450 1023 1507 interprett.
1063 1449 1121 1493 ad
1162 1450 1325 1495 Itrvnu.
1368 1450 1426 1503 Π,
1468 1452 1541 1493 40.
1583 1450 1810 1495 Donvun.
1842 1449 1899 1493 ad

191 1531 354 1578 charit.
381 1548 426 1591 p.
457 1535 561 1578 13³.
600 1533 1047 1587 Wmumnmcnnm,
1075 1533 1149 1588 qui
1180 1533 1311 1576 etiam
1341 1532 1627 1575 Foncssnmn.
1656 1545 1693 1576 s.
1723 1545 1766 1576 v.
1795 1545 1896 1574 cae-

191 1617 286 1661 lum
317 1617 478 1662 laudat.
538 1616 668 1662 Aliud
698 1621 768 1662 est
795 1632 821 1659 e
852 1616 975 1660 caelo
1003 1615 1150 1665 mitti,
1190 1616 1325 1660 veluti
1364 1615 1475 1658 infra
1516 1616 1595 1670 IV,
1627 1619 1701 1670 13,
1732 1618 1806 1659 13.
1835 1639 1895 1649 -—

190 1701 247 1746 V.
265 1703 319 1744 91
339 1714 407 1756 sq.
437 1700 630 1756 qualis
657 1699 788 1744 eris.
839 1698 1076 1755 Comparat
1096 1698 1501 1742 thnnnmcnrtrs
1525 1696 1654 1742 ovid.
1681 1697 1793 1741 Met.
1817 1697 1895 1753 IV,

190 1786 305 1827 473⁸
350 1780 591 1840 Tisiphone
621 1795 757 1825 canos
786 1787 842 1823 ut
870 1787 972 1823 etat
1003 1777 1194 1823 turbata
1228 1779 1428 1838 capillos,
1463 1785 1509 1824 et
1540 1781 1716 1825 Cmrm.
1747 1780 1894 1838 Epith.

187 1867 300 1911 Pau.
330 1871 387 1911 et
407 1867 549 1911 Celer.
574 1869 651 1912 28.
677 1865 733 1909 de
762 1866 936 1911 Venere
965 1877 1117 1908 somno
1149 1865 1316 1908 excita:
1362 1872 1504 1924 utque
1534 1872 1636 1907 erat
1663 1864 1895 1924 indige-sta

187 1963 362 1997 comas,
391 1946 583 1992 turbata
611 1945 814 2005 capillos.
864 1946 978 1991 Add.
1008 1947 1146 1990 Ovm.
1177 1947 1297 1992 Fast.
1327 1947 1364 2001 Ι,
1396 1949 1498 1992 424.
1537 1947 1650 1992 Met.
1686 1949 1762 2003 vl,
1790 1953 1892 1995 124.

186 2035 363 2077 657.-
385 2030 599 2076 nudato
622 2029 796 2089 pede,
815 2031 946 2074 soleis
968 2043 1074 2087 prae
1098 2031 1374 2076 festinatione
1400 2032 1576 2076 relictis.
1610 2031 1712 2078 vid.
1734 2032 1894 2078 Bnon-

185 2130 343 2162 mu.
383 2116 441 2161 ad
471 2115 630 2161 Aesch.
649 2111 881 2161 Prometh.
915 2118 1017 2158 138.
1050 2119 1097 2158 et
1126 2115 1277 2159 confer
1304 2128 1384 2159 nos
1422 2115 1479 2159 ad
1515 2116 1656 2161 in.
1689 2115 1818 2160 Nem.
1854 2117 1891 2160 ῐ.

184 2214 230 2257 p.
258 2202 364 2245 366.
393 2223 451 2232 -
499 2201 554 2246 V.
585 2203 645 2244 93
674 2214 742 2256 sq.
784 2198 933 2244 hunc
974 2200 1167 2254 illnm3
1211 2203 1336 2244 notat
1365 2198 1438 2241 hic
1467 2199 1583 2244 diem
1613 2201 1761 2258 paullo
1791 2206 1892 2246 ante

185 2284 477 2342 descriptum,
521 2282 599 2326 ille
627 2297 736 2329 vero
765 2284 1072 2341 praestantiam
1103 2285 1212 2328 eins.
1273 2284 1455 2328 Confert
1481 2285 1890 2330 Wuunnnmcnms

187 2365 311 2422 Virg.
334 2368 443 2410 Aen.
474 2365 573 2420 Vll,
596 2369 703 2412 255.
733 2371 780 2410 et
806 2369 927 2410 2722
970 2367 1108 2407 Hunc
1137 2364 1270 2407 illam
1301 2366 1541 2423 (Aeneam)
1569 2365 1748 2427 poecere
1769 2368 1891 2428 fata
1976 2405 1979 2408 .

186 2464 299 2494 reor.
329 2472 389 2481 —
433 2449 764 2494 Luciferum
811 2448 852 2494 h.
884 2463 924 2493 e.
965 2449 1096 2496 diem.
1126 2473 1187 2483 —-·
1234 2449 1504 2504 eandida,
1555 2449 1699 2493 fausto
1729 2451 1891 2496 lumine

184 2532 428 2590 splendens.
487 2532 529 2576 E
558 2534 744 2577 Graecis
780 2539 930 2577 notum
960 2529 1109 2576 λευκὰν
1139 2529 1274 2585 φάος,
1307 2528 1456 2576 λευκδν
1485 2519 1630 2590 ἦμαρ,
1669 2537 1718 2576 ut
1747 2534 1890 2579 Sopn.

183 2617 253 2660 Αἰ.
285 2619 391 2659 699.
437 2617 610 2660 Aeson.
638 2616 762 2660 Pete.
793 2618 899 2659 299.
960 2615 1051 2659 Sed
1083 2615 1258 2659 niveam
1289 2614 1432 2657 lacem
1461 2615 1593 2670 vulgo
1624 2628 1709 2658 non
1739 2615 1890 2659 dicunt

182 2698 356 2753 Latini,
400 2700 451 2741 ut
479 2697 744 2741 Lrenums
784 2696 890 2741 feeit
918 2696 1029 2740 infra
1059 2697 1139 2751 111,
1171 2700 1215 2751 3,
1246 2700 1322 2742 25.
1353 2722 1408 2729 —
1467 2699 1659 2742 roseis
1701 2699 1887 2754 equis,

182 2780 315 2824 veluti
347 2781 487 2825 VIRG·
518 2781 628 2824 Aen·
653 2781 753 2835 VII,
775 2784 859 2824 262
892 2782 1079 2824 Aurora
1110 2780 1158 2823 in
1189 2780 1325 2823 roseis
1347 2779 1568 2840 fulgebat
1599 2781 1727 2823 lutea
1757 2780 1887 2841 bigis.

185 2863 433 2906 Memiueris
474 2868 619 2906 tamen
661 2862 730 2906 hie
768 2863 893 2906 simul
938 2863 1099 2906 laetum
1144 2863 1259 2906 diem
1300 2877 1428 2907 roseo
1461 2864 1614 2907 colore
1637 2863 1884 2920 signi-ficari.

185 2946 448 2990 observabis
472 2946 584 2990 enim
616 2947 796 3003 egregie
824 2948 1040 2991 cumulata
1066 2949 1220 2991 similia
1247 2947 1393 3002 verba,
1426 2947 1654 2994 nitentem,
1679 2945 1887 2993 candida,
1948 2956 1955 2959 ·

183 3027 345 3083 roseis,
393 3035 441 3072 ut
484 3030 527 3072 in
570 3043 618 3073 re
659 3030 910 3085 laetissima,
955 3031 1199 3075 felicissima
1231 3033 1358 3076 decet
1389 3033 1604 3075 affectum.
1680 3030 1884 3073 Ceterum

184 3112 402 3156 confertur
434 3113 569 3157 ovm.
604 3113 771 3158 Amorr.
791 3115 861 3167 41,
895 3119 963 3168 11,
996 3116 1066 3159 fin.
1116 3116 1255 3174 Epist.
1291 3130 1346 3161 ex
1376 3118 1519 3162 Ponto
1546 3116 1581 3169 l,
1615 3118 1655 3167 4,
1685 3119 1795 3158 extr.
1827 3136 1885 3146 -—

754 3280 1317 3308 ---—---—--
