2158 3750
641 249 823 302 LIBR.
861 249 951 300 ΙΙΙ.
1024 247 1224 300 ELEG.
1262 249 1329 300 V.
1751 255 1848 302 367

152 397 203 439 V.
228 399 295 439 17.
331 399 399 440 18.
432 394 692 440 Natalem
724 396 902 450 primo
933 400 1189 438 nostrum
1220 393 1420 438 videre
1453 398 1724 450 parentes
1753 407 1847 450 sqq.

148 484 273 523 Anno
306 479 422 523 urbis
455 483 561 524 711.
602 479 771 523 Hirtius
813 484 858 522 et
901 479 1046 522 Pansa
1088 479 1288 521 consules
1330 478 1448 521 bello
1491 475 1727 521 Mutinensi
1768 489 1849 533 pe-

146 563 335 617 rierunt,
378 568 427 606 ut
457 567 653 617 constat3
693 567 786 606 tum
827 563 962 616 igitur
1001 562 1185 618 primum
1225 561 1343 604 visus
1383 565 1451 604 est
1490 561 1645 604 natalis
1674 556 1847 616 p‘oetae,

147 659 234 700 quo
277 650 474 701 tempore
516 645 649 690 etiam
687 645 887 688 Ovmm's
926 655 977 687 se
1015 648 1164 686 natum
1205 647 1391 686 testatur
1429 643 1564 688 Trist.
1593 643 1672 698 lv,
1702 646 1775 698 10,
1803 646 1847 687 6.

146 730 430 785 transscripto
458 727 543 773 hoc
573 730 671 786 ipso
697 731 986 785 pentametro.
1045 727 1149 769 Fuit
1171 726 1441 781 Lygdamus,
1472 731 1522 769 ut
1546 726 1681 780 vides,
1712 726 1849 769 multo

146 814 291 857 iunior
320 813 523 867 Tibullo,
563 813 642 857 sed
685 812 782 856 eius
824 811 988 855 amicus
1004 807 1207 865 ‘'opinor3
1259 823 1358 853 eum
1397 811 1465 854 vel
1497 814 1599 852 ante
1628 809 1850 853 Tibullum

145 901 361 939 mortuum
393 896 557 950 videri,
604 895 843 950 significavi
873 895 919 938 in
949 894 1263 937 Dissertatione
1293 892 1350 936 de
1382 893 1486 937 Vita
1516 893 1695 938 Tibulli.
1756 892 1848 937 Sed

142 977 249 1020 alias
278 976 348 1020 hic
377 978 500 1020 locus
533 975 851 1032 disputationes
879 975 1089 1019 excitavit
1120 987 1270 1018 eorum
1286 1007 1301 1030 ,
1349 975 1424 1030 qui
1454 973 1562 1019 haec
1599 975 1790 1019 carmina
1819 989 1849 1019 a

141 1061 320 1106 Tibullo
352 1063 514 1120 scripta
543 1061 786 1119 putabant3
816 1072 917 1104 nam
945 1061 1015 1103 vel
1045 1063 1215 1102 mutare
1247 1059 1319 1103 vel
1350 1059 1508 1102 eiicere
1538 1071 1638 1103 eum
1666 1058 1848 1103 studue-

142 1151 241 1190 runt
270 1147 495 1201 certatim,
535 1160 588 1190 ac
627 1146 865 1190 Sromrms
906 1144 1020 1188 adeo
1061 1145 1145 1188 tria
1185 1142 1293 1188 haec
1335 1142 1518 1188 diSticha
1560 1143 1626 1199 (v.
1658 1144 1848 1201 15-20)

142 1243 365 1275 removere
410 1230 636 1275 laboravit.
706 1229 799 1274 Sed
845 1229 1018 1272 frustra.
1096 1227 1238 1272 Affert
1283 1228 1470 1284 primum
1517 1231 1691 1284 poetam
1716 1226 1850 1270 ⁴infru

145 1327 183 1357 r.
213 1317 273 1356 23
304 1327 399 1369 sqq.
440 1313 600 1358 iterum
639 1314 883 1369 significare
924 1313 1195 1358 iuventutem
1235 1325 1383 1356 suam:
1433 1311 1478 1354 in
1509 1324 1595 1366 quo
1626 1323 1711 1355 non
1740 1310 1849 1354 vidit

143 1396 274 1440 etiam
315 1396 610 1452 precationem
650 1397 793 1452 repeti
831 1400 883 1438 ut
922 1400 1074 1452 parcat
1116 1396 1286 1450 Orcus,
1337 1399 1383 1439 et
1413 1395 1587 1438 omnino
1619 1408 1716 1438 eam
1747 1406 1846 1437 esse

140 1477 321 1522 sormam
351 1478 577 1531 carminis,
617 1482 670 1520 ut
698 1477 877 1520 alterius
907 1478 1044 1534 partis
1074 1477 1300 1521 consilium
1331 1478 1374 1520 in
1407 1477 1668 1534 repetitione
1698 1490 1847 1520 verse-

141 1565 227 1604 tur.
285 1562 427 1605 Affert
457 1559 614 1604 deinde
640 1559 700 1602 ad
730 1559 895 1603 amicos
923 1559 1082 1612 scribI,
1114 1558 1190 1613 qui
1222 1558 1420 1601 noverint
1450 1549 1639 1601 aetatem
1670 1562 1847 1614 poetae,

140 1660 220 1690 nec
250 1646 357 1702 diis,
400 1647 474 1702 qui
502 1645 810 1702 implorentur,
853 1657 950 1687 eam
981 1643 1190 1699 ignotam.
1251 1642 1345 1686 Sed
1376 1641 1446 1685 hic
1476 1655 1563 1685 non
1593 1641 1849 1685 recordatur

143 1743 273 1784 quam
301 1742 440 1785 saepe
467 1718 773 1784 usurpaverint
801 1732 974 1771 veteres
1000 1719 1054 1767 τδ
1083 1720 1198 1785 πρὸς
1221 1720 1394 1772 εἰδότας
1432 1725 1589 1778 λέγειν,
1633 1724 1750 1780 quod
1781 1724 1849 1767 di-

142 1815 268 1858 citur.
329 1813 421 1856 lam
454 1810 756 1856 Andromacha
785 1810 850 1854 sic
880 1811 1106 1867 peccavit,
1142 1810 1181 1852 si
1210 1807 1293 1853 hoc
1325 1813 1391 1852 est
1423 1821 1630 1866 peccare,
1671 1821 1850 1851 narrans

141 1898 264 1941 Hom.
295 1898 347 1940 11.
381 1897 458 1951 VI,
485 1898 575 1940 414
602 1909 698 1951 sqq.
730 1893 937 1949 Hectori,
979 1907 1092 1949 quae
1124 1892 1194 1936 hic
1221 1892 1401 1936 sciebat.
1476 1890 1590 1936 Vide
1621 1894 1850 1946 praeterea

142 1992 222 2023 nos
252 1979 308 2022 ad
338 1979 541 2022 Pmmu.
571 1977 703 2033 Pyth.
734 1977 812 2031 lv,
854 1991 901 2033 p.
931 1979 1038 2020 222.
1098 1975 1221 2030 Ergo
1252 1974 1410 2017 talibus
1441 1973 1709 2027 argumentis
1743 1969 1847 2015 nibil

141 2062 338 2105 efficitur.
412 2061 620 2103 Ceterum
659 2059 834 2102 minime
876 2056 1007 2101 laudo
1048 2056 1351 2111 Lygdamum,
1397 2055 1514 2111 quod
1554 2056 1695 2111 ipsum
1737 2053 1848 2097 adeo

140 2157 297 2189 annum
336 2145 525 2188 natalem
564 2143 728 2187 indicat
769 2143 899 2186 nimia
932 2141 1187 2198 diligentia,
1233 2139 1509 2184 sufficiebant
1536 2139 1582 2182 in
1612 2137 1735 2195 poesi
1766 2150 1846 2192 ge-

139 2228 303 2272 neralia
332 2227 475 2281 dicta3
522 2226 600 2270 sed
632 2224 714 2269 hoc
747 2225 945 2268 eiusdem
977 2227 1045 2267 est
1074 2222 1251 2277 iudicii,
1288 2223 1357 2265 cui
1401 2225 1468 2264 tot
1498 2221 1583 2263 alia
1613 2218 1848 2276 reprehen-

139 2312 259 2354 sione
300 2311 431 2365 digna
469 2310 515 2353 in
552 2309 620 2352 his
661 2309 816 2364 elegiis
856 2308 1079 2352 debemus.
1133 2307 1342 2357 ,Tertium
1375 2307 1574 2348 Spomm
1614 2316 1847 2359 argumen-

141 2399 231 2437 tum
261 2392 318 2436 ad
348 2391 574 2447 sequentia
603 2389 858 2436 videbimus.
921 2390 1108 2434 Meliora
1132 2393 1276 2432 autem
1304 2401 1433 2444 quam
1458 2389 1695 2431 sponmus
1719 2399 1848 2430 nemo

143 2482 294 2521 contra
336 2474 449 2518 hunc
480 2475 625 2517 locum
658 2473 856 2530 protulit.
887 2494 947 2506 —
995 2473 1049 2516 V.
1082 2474 1156 2514 19.
1187 2474 1264 2517 20.
1323 2469 1469 2513 Etiam
1509 2467 1592 2513 hoc
1634 2467 1846 2513 distichon

144 2560 331 2606 reddidit
361 2562 498 2602 Ovln.
531 2555 718 2612 Am.⁸n‚
751 2558 920 2612 lvezss.
950 2558 1026 2600 24.
1056 2554 1339 2598 fraudare
1369 2555 1539 2598 vitem
1581 2565 1847 2598 crescen-

142 2645 298 2688 tibus
328 2644 454 2686 uvis
484 2645 577 2686 est=
616 2640 852 2698 decerpere
884 2653 988 2683 uvas
1019 2640 1294 2693 immaturas,
1324 2639 1380 2682 de
1411 2651 1496 2694 qua
1526 2637 1848 2696 comparatione

143 2729 241 2772 vide
270 2727 722 2771 Masona-‚numum
754 2725 811 2767 ad
841 2724 997 2768 Horat
1026 2724 1085 2777 ll,
1116 2726 1160 2777 5,
1194 2727 1266 2769 10.
1327 2722 1452 2766 Adde
1483 2723 1718 2766 Auctorem
1750 2722 1848 2778 epi-

139 2811 389 2869 gramm-tis
417 2807 505 2855 90.
520 2803 768 2873 'Amnon-
797 2809 888 2852 Gn.
919 2807 1049 2852 Tom.
1079 2808 1136 2852 ΙΙ.
1164 2823 1207 2864 p.
1239 2810 1343 2852 791.
1375 2808 1571 2851 Iacobs..
1619 2806 1846 2864 δακρυχα-

141 2909 222 2954 ρης
252 2874 521 2946 Πλούτόἶτ
532 2885 594 2934 ὀὗ
619 2885 846 2942 πνεύματα
875 2886 1021 2934 πάντα
1050 2887 1227 2949 βρότεια
1257 2892 1340 2932 Σοὶ
1368 2892 1564 2943 crimme,-
1607 2891 1655 2931 τί
1683 2890 1847 2948 τρύγᾶς

144 2976 344 3030 &manae
365 2968 580 3035 ἦλῑκὸηςς
640 2975 846 3020 Ceterum
880 2974 1113 3034 fraudare
1157 2979 1224 3018 est
1265 2975 1438 3019 omnino
1481 2973 1674 3029 privare,
1733 2971 1847 3017 conf.

141 3062 306 3106 MUNK.
328 3059 386 3103 ad
407 3059 575 3115 Hygin.
598 3057 687 3104 sab.
709 3062 786 3103 89.
808 3081 864 3092 -
893 3060 1036 3103 mala
1067 3072 1252 3114 manu,
1285 3062 1483 3110 nocente,
1514 3056 1771 3113 perniciosa.
1788 3078 1847 3088 —-

141 3144 378 3187 sponmus
408 3142 539 3185 etiam
568 3139 655 3184 boc
674 3137 908 3184 'distichon
939 3140 1190 3197 impugnat,
1237 3145 1282 3184 et
1313 3141 1520 3184 insertum
1553 3143 1702 3195 putat3
1747 3151 1846 3183 nam

143 3232 390 3271 crescentes
419 3236 525 3270 uvas
556 3230 602 3270 et
632 3223 763 3270 modo
804 3228 908 3270 nata
950 3226 1062 3269 mala
1103 3226 1314 3282 puerilem
1357 3228 1544 3268 aetatem
1588 3222 1845 3277 significare,

144 3321 242 3352 cum
271 3314 415 3352 tamen
445 3321 485 3353 v.
518 3311 562 3352 6.
604 3311 734 3365 poeta
762 3305 963 3351 invenem
993 3319 1043 3350 se
1075 3306 1207 3351 dicat·
1269 3309 1330 3351 At
1368 3307 1481 3351 enim
1513 3307 1556 3350 in
1587 3305 1748 3349 affectu
1779 3305 1846 3346 lo-

145 3391 605 3447 qultur'b‘ygdamus,
649 3402 730 3437 nec
770 3390 831 3435 ita
871 3390 1018 3448 urgeri
1059 3390 1190 3435 verba
1223 3403 1300 3435 sua
1331 3390 1482 3435 voluit.
1557 3386 1844 3432 Concedimus
