2158 3750
687 308 867 360 LlBR.
905 309 943 359 1.
1016 306 1217 360 ELEG.
1253 307 1373 359 Vn.
1777 311 1871 360 147

177 456 304 496 latum
335 453 528 497 absentia
559 466 637 499 sua
679 466 759 510 per
798 459 887 497 tres
928 466 1086 507 annos,
1136 454 1176 497 d.
1207 452 1369 498 XXIV.
1403 436 1513 509 Sept
1545 485 1556 505 ‚
1602 451 1655 496 cf.
1690 450 1870 496 Nomsu

175 534 414 591 Cenotaph.
445 536 590 579 Pisan.
621 535 803 578 Dissert.
836 534 894 588 11,
929 548 967 578 c.
1007 538 1076 579 16.
1106 537 1148 588 S.
1180 540 1221 578 7.
1285 535 1382 578 Non
1426 533 1499 577 diu
1545 539 1644 591 post
1673 534 1765 579 dies
1795 549 1872 578 na-

175 617 272 659 talis
303 618 396 660 eius
436 617 613 668 incidit,
653 622 702 660 ut
730 615 924 668 videtur,
966 617 1090 659 cuius
1119 616 1367 660 solennibus
1395 616 1662 662 celebrandis
1709 618 1875 675 scripta

175 706 240 743 est
272 703 491 757 proposita
530 701 684 756 elegia.
745 700 888 754 Atque
929 697 1037 742 haec
1076 712 1133 742 ex
1177 698 1354 743 historia
1394 702 1630 758 repetenda
1673 701 1873 754 fueruut3

176 785 396 828 videamus
423 797 536 827 nuuc
564 795 737 827 carmen
765 783 922 839 ipsum.
983 782 1094 826 Cum
1125 783 1318 826 natalitia
1349 785 1565 829 Messalae
1596 793 1795 842 agantur,
1830 794 1877 830 ut

176 866 290 919 dixi,
322 867 414 908 iure
442 865 610 908 orditur
637 869 768 921 poeta
795 865 839 907 in
870 865 1169 920 principio
1203 865 1260 906 ab
1291 865 1382 921 ipsa
1413 869 1606 923 proxima
1640 875 1683 912 ct
1713 882 1879 914 summa

178 947 304 990 laude
333 947 446 1001 diei,
489 961 518 990 a
556 949 737 991 victoria
767 948 1023 1002 Aquitanica
1064 953 1166 991 ante
1210 954 1299 991 tres
1338 962 1474 994 annos
1505 950 1587 995 hoc
1628 953 1697 996 die
1729 968 1878 1012 repor-

176 1036 291 1084 tata3
321 1044 417 1075 nam
446 1032 488 1074 in
517 1031 592 1074 tali
621 1032 820 1075 natalitio
851 1033 1043 1076 carmine
1078 1033 1172 1075 iure
1203 1033 1388 1089 primum
1419 1034 1561 1077 locum
1593 1042 1776 1092 occupat
1807 1050 1882 1080 sa·-

178 1114 332 1157 lntatio
363 1113 451 1156 diei
484 1114 606 1171 ipsa,
651 1115 744 1158 sive
774 1114 1052 1170 generalibus
1082 1113 1226 1157 verbis
1256 1115 1421 1169 utaris,
1461 1116 1553 1160 sive
1586 1130 1666 1174 pro
1697 1130 1881 1173 genera-

175 1197 271 1239 liori
300 1196 427 1239 laude
456 1197 663 1253 specialia
691 1196 955 1251 substituas,
983 1197 1020 1240 si
1051 1196 1233 1251 adsunt,
1276 1203 1325 1241 ut
1356 1196 1425 1242 hic
1456 1199 1630 1244 factum.
1693 1201 1743 1244 In
1776 1215 1882 1244 me-

175 1277 271 1321 dia
313 1284 480 1335 parte
518 1292 624 1323 vero
664 1280 836 1335 elegiae
874 1284 1032 1323 tractat
1075 1285 1242 1324 ceteras
1273 1293 1342 1324 res
1384 1286 1533 1338 postea
1564 1295 1591 1326 a
1619 1282 1808 1327 Messala
1839 1287 1883 1327 in

179 1362 280 1404 Asia
310 1366 356 1405 et
390 1363 593 1418 Aegypto
623 1367 799 1418 gestas,
845 1368 892 1406 et
933 1361 1010 1406 has
1043 1362 1217 1418 quidem
1259 1364 1347 1407 alio
1379 1365 1509 1407 modo
1539 1378 1667 1420 quam
1701 1367 1885 1421 Aquita-

177 1447 299 1497 nica3
344 1458 485 1501 neque
514 1446 628 1490 enim
657 1447 828 1502 singula
858 1446 975 1490 facta
1005 1447 1225 1491 Messalae
1258 1446 1326 1490 hic
1359 1453 1529 1502 narrat,
1571 1448 1648 1490 sed
1680 1449 1884 1504 regiones

179 1531 384 1586 celebrat,
414 1544 521 1587 quas
549 1532 818 1588 composuit3
848 1533 892 1575 in
922 1545 1010 1587 quo
1042 1532 1225 1575 observa
1256 1530 1477 1588 pulchram
1511 1532 1690 1576 formam
1719 1537 1884 1577 tracta-

179 1616 320 1660 tionis.
390 1615 579 1659 Bellicus
606 1624 679 1658 res
708 1619 811 1658 ante
842 1615 1001 1658 cecinit
1030 1619 1236 1669 quantum
1269 1627 1407 1671 opus,
1453 1619 1500 1657 at
1531 1627 1608 1671 per
1643 1619 1780 1658 totum
1800 1598 1886 1658 *re-

182 1702 345 1756 liquum
392 1713 570 1744 carmen
609 1699 726 1744 mitis
765 1699 930 1743 Tibulli
967 1699 1097 1742 Musa
1139 1699 1389 1742 continuare
1434 1699 1536 1742 talia
1576 1712 1660 1742 non
1702 1705 1887 1756 poterat.

183 1782 337 1829 Quare
367 1782 571 1839 sepositis
598 1781 860 1826 militaribus
898 1781 1029 1825 rebus
1058 1794 1172 1824 nunc
1203 1786 1403 1838 pacatum
1444 1787 1603 1826 statum
1636 1782 1785 1826 harum
1816 1796 1887 1826 re-

179 1867 358 1920 gionum
397 1864 628 1911 adumbrat
661 1871 707 1910 et
737 1866 858 1923 pacis
890 1867 1026 1910 laetas
1059 1867 1270 1921 imagines
1302 1865 1482 1910 exhibet
1514 1872 1559 1910 et
1587 1869 1770 1910 rusticas
1801 1881 1887 1918 res,

181 1949 240 1991 ita
271 1949 482 1993 adornato
518 1950 644 1993 simul
685 1954 780 1993 toto
821 1955 1103 2005 argumento,
1147 1954 1197 1992 ut
1235 1949 1448 2005 gradatim
1481 1955 1650 1994 crescat
1680 1953 1794 1994 laeta
1824 1953 1888 1993 vis

180 2036 250 2085 et,
291 2037 341 2074 ut
382 2032 443 2074 ita
485 2031 656 2087 dicam,
701 2033 1022 2090 magnificentia
1054 2032 1371 2089 descriptionis.
1443 2034 1585 2089 Igitur
1616 2034 1812 2078 Ciliciam
1844 2041 1889 2078 et

179 2115 351 2170 Syriam
382 2115 553 2159 brevius
583 2117 739 2171 tangit,
771 2119 1020 2174 Aegyptum
1049 2130 1155 2161 vero
1187 2118 1596 2174 praestantissimam
1627 2119 1891 2175 provinciam

180 2201 326 2242 multis
356 2199 498 2243 verbis
528 2199 766 2256 praedicat.
826 2193 956 2249 Haec
989 2203 1082 2253 est,
1112 2199 1198 2254 ait,
1227 2199 1303 2242 illa
1332 2205 1474 2255 terra,
1506 2201 1580 2244 ubi
1612 2201 1738 2245 Nilus
1769 2202 1892 2244 miri-

182 2284 264 2325 fiee
296 2281 498 2325 fecundat
529 2295 685 2338 agros,
711 2283 790 2325 -ubi
821 2283 962 2326 Osiris
991 2288 1182 2327 aratrum
1213 2285 1375 2327 invenit
1406 2290 1449 2327 et
1480 2285 1681 2328 arborum
1715 2286 1893 2328 vitium-

184 2378 270 2419 que
303 2367 529 2411 culturam.
602 2367 823 2412 Quorsum
868 2365 1013 2411 haec?
1074 2369 1189 2414 Quia
1232 2367 1456 2422 fertilitas,
1504 2367 1657 2413 horrea
1701 2371 1891 2426 Aegypti

184 2449 410 2492 utilissima
441 2455 563 2493 eraut
595 2449 833 2504 Romanis,
876 2454 926 2493 ut
964 2455 1162 2505 constat,
1207 2456 1251 2495 et
1291 2452 1468 2495 maximi
1506 2453 1658 2507 pretii:
1707 2458 1756 2495 ut
1785 2451 1890 2495 nihil

186 2534 357 2576 suavius
388 2533 444 2576 sit
475 2532 540 2577 his
570 2533 701 2576 rebus
729 2533 773 2575 in
800 2532 1021 2576 Messalae
1052 2533 1206 2587 laude,
1238 2534 1310 2589 qui
1343 2534 1558 2577 ordinavit
1586 2535 1891 2578 fertilissimam

186 2618 460 2673 provinciam.
521 2617 613 2661 Sed
638 2617 840 2661 ·uondum
883 2611 1024 2660 habes
1069 2619 1225 2661 omnia.
1291 2619 1528 2673 Postquam
1561 2618 1672 2661 enim
1704 2616 1759 2661 de
1789 2616 1892 2659 Nilo

186 2698 444 2743 fecundante
487 2705 533 2743 et
561 2701 784 2744 inventore
815 2702 1108 2756 agriculturae
1139 2702 1314 2746 Osiride
1356 2702 1490 2755 dixit,
1540 2702 1722 2758 amplIus
1753 2702 1892 2745 conti-

187 2783 291 2824 nuat
318 2780 503 2825 Osiridis
532 2782 728 2838 laudem,
774 2787 904 2838 atque
948 2784 1079 2827 etiam
1125 2789 1296 2828 ceteros
1328 2797 1472 2827 mores
1511 2786 1604 2827 eius
1647 2785 1893 2840 praeclaros

191 2865 489 2922 persequitur3
535 2868 774 2911 simillimus
806 2867 980 2912 Baccho
1012 2868 1119 2913 deus
1150 2870 1295 2913 vinum
1328 2871 1514 2924 invenit,
1548 2869 1728 2924 choros,
1760 2870 1895 2925 iocos,

193 2949 401 3005 ludosque
439 2956 555 2993 amat
598 2956 646 2995 et
686 2952 815 2995 flores
859 2957 905 2995 et
937 2951 1082 2995 tibiam
1119 2957 1164 2995 et
1209 2957 1430 2996 crocotam
1463 2952 1705 3008 Tyriasque
1738 2957 1894 2998 vestes.

192 3034 413 3081 Quorsum
441 3044 554 3075 nunc
590 3029 695 3075 haec
726 3033 968 3077 dicunmr‘?
1026 3034 1196 3092 Nempe
1229 3034 1296 3078 hic
1330 3036 1424 3092 ipse
1460 3036 1716 3090 laetissimus
1747 3035 1897 3078 dator-

192 3129 278 3171 que
315 3117 507 3160 laetitiae
547 3115 656 3159 deus
698 3117 979 3172 praeclarus,
1030 3119 1237 3177 Aegypto
1269 3122 1312 3166 in
1354 3122 1615 3177 provinciam
1654 3121 1897 3164 Romanam

193 3201 391 3255 redacta,
432 3201 619 3244 Romani
651 3200 830 3256 imperii
864 3205 933 3244 est
952 3201 1119 3247 'faetus
1148 3204 1195 3248 et
1224 3216 1337 3249 nunc
1369 3206 1579 3249 Romanis
1609 3204 1737 3247 rebus
1768 3203 1898 3257 favet,

195 3290 242 3328 et
269 3283 565 3327 Romanorum
598 3283 709 3326 festa
740 3282 938 3338 ornabit,
979 3276 1169 3342 ideoque
1206 3285 1350 3331 itatim
1392 3287 1449 3331 ad
1490 3286 1595 3331 haec
1636 3286 1729 3343 ipsa
1771 3299 1899 3343 prae-

195 3369 333 3411 sentia
362 3381 483 3413 sacra
514 3373 720 3422 vocatur,
766 3372 817 3411 ut
861 3373 962 3426 post
1003 3349 1244 3414 ordinatam
1287 3371 1473 3415 feliciter
1511 3372 1775 3428 provinciam
1809 3369 1898 3423 pri-

197 3465 311 3496 mmu
343 3452 619 3498 concelebret
649 3453 838 3497 Genium
870 3452 964 3507 viri,
994 3455 1067 3510 qui
1099 3454 1311 3498 ordinavit
1345 3469 1452 3509 eam,
1484 3461 1528 3498 et
1562 3455 1674 3499 ludis
1707 3453 1897 3497 choreis-

1322 3539 1426 3586 10*
