2086 3756
275 208 399 240 muv
957 190 1052 241 DE
1092 187 1291 243 POESI

275 346 426 395 lectio
466 340 615 391 docet
662 341 907 392 varietate
958 341 1237 391 affectuum
1286 349 1426 391 tanta
1472 339 1809 409 conspicuum
1846 360 1971 403 esse,

275 439 440 507 qualis
479 435 616 503 apud
659 437 862 504 nullum
905 437 1063 485 alium
1102 436 1509 505 deprehenditur
1544 449 1752 504 poetam
1789 439 1972 504 elegia-

266 551 408 606 cum.
479 532 604 581 Erat
640 527 922 578 admodum
955 528 1213 595 vividum,
1248 529 1510 583 fervidum
1547 533 1656 583 eius
1691 531 1972 597 ingenium,

276 639 334 680 ut
366 630 470 679 iam
506 643 666 692 supra
699 623 940 688 vidimus,
977 635 1026 676 et
1063 644 1181 676 cum
1217 636 1328 678 toto
1365 637 1576 694 pectore
1613 629 1842 690 sentiret,
1880 625 1974 677 do-

271 725 429 785 leret,
480 728 717 787 cuperet,
767 730 987 783 amaret,
1041 729 1092 770 et
1127 721 1171 771 si
1207 720 1351 789 quod
1396 732 1607 787 urgeret
1642 720 1974 784 desiderium,

272 833 452 870 omnes
488 814 545 866 id
581 832 764 866 sensus
800 832 923 866 suos
964 827 1013 867 et
1048 818 1382 882 cogitationes
1418 818 1688 883 impleret,
1738 827 1853 866 orta
1899 826 1976 866 est

270 919 341 967 sic
377 917 467 966 illa
501 913 716 979 insignis
762 913 1046 964 fluctuatio
1078 914 1268 978 animi,
1313 915 1400 964 ille
1443 915 1620 966 varius
1665 923 1837 963 motus
1871 912 1975 961 huc

266 1013 390 1063 illuc
427 1027 480 1061 se
516 1019 753 1073 vertenS,
791 1018 842 1057 et
878 1009 1055 1058 omnia
1093 1009 1314 1073 agitanS,
1352 1024 1697 1074 percurrens,
1737 1023 1871 1074 quae
1910 1003 1976 1055 ad

268 1106 427 1156 finem
475 1103 804 1170 propositum
856 1100 1047 1151 ducere
1096 1099 1420 1152 viderentur.
1515 1101 1672 1152 Nunc
1722 1102 1977 1168 queritur,

268 1217 410 1249 nunc
457 1196 726 1259 irascitur,
774 1204 1101 1258 exsecratur,
1150 1196 1274 1245 alias
1323 1206 1593 1261 precatur,
1643 1213 1771 1247 mox
1815 1205 1978 1246 terret

265 1295 418 1344 minis
459 1306 754 1358 poenarum
779 1316 782 1320 ·
804 1290 1130 1353 coelestium,
1187 1298 1237 1339 et
1285 1306 1427 1340 nunc
1474 1290 1688 1340 ianuam
1737 1292 1977 1356 appellat,

266 1405 407 1437 nunc
443 1385 673 1451 puellam
707 1383 975 1447 hortatur,
1014 1399 1155 1432 nunc
1193 1399 1247 1433 se
1286 1384 1599 1452 alloquitur,
1648 1402 1791 1435 nunc
1829 1383 1976 1435 deni-

268 1473 370 1548 que
407 1487 802 1546 praetereuntes
839 1475 1100 1540 admonet,
1137 1487 1185 1527 et
1218 1494 1351 1546 quae
1379 1489 1503 1529 sunt
1527 1479 1628 1528 alia
1660 1478 1978 1531 huiusmodi.

268 1576 371 1629 Sed
410 1576 472 1626 de
508 1573 758 1627 varietate
804 1590 983 1623 rerum
1027 1583 1078 1623 et
1115 1575 1397 1625 affectuum
1436 1573 1578 1641 apud
1613 1575 1883 1625 Tibullum
1919 1574 1976 1624 in

266 1676 572 1727 universum
608 1680 809 1722 constat
844 1670 983 1720 inter
1019 1684 1214 1734 omnes,
1253 1689 1371 1721 cum
1402 1688 1531 1722 vero
1567 1669 1701 1721 illud
1736 1687 1846 1719 non
1883 1688 1976 1720 ex-

263 1772 517 1838 plicarent
541 1768 866 1834 interpretes,
905 1765 1170 1834 quomodo
1209 1777 1318 1817 tota
1349 1769 1478 1818 haec
1510 1768 1733 1818 varietas
1763 1764 1829 1816 ad
1855 1767 1975 1817 uni-

263 1875 423 1916 tatem
468 1863 726 1930 poeticam
775 1863 1060 1928 composita
1108 1862 1201 1927 sit,
1251 1864 1406 1928 vulgo
1462 1863 1584 1913 artis
1633 1863 1874 1927 ignarum
1925 1873 1977 1914 et

266 1979 421 2014 coeco
458 1963 659 2027 impetu
693 1959 871 2024 vagari
896 1958 1113 2010 credunt
1138 1958 1292 2008 multi
1325 1960 1582 2025 optimum
1606 1970 1844 2026 poetam,
1883 1959 1976 2026 qui

264 2059 411 2107 nullo
449 2074 560 2107 non
594 2055 654 2105 in
690 2055 916 2108 carmine
953 2055 1233 2120 pulchrum
1273 2053 1513 2105 ordinem
1564 2065 1616 2104 et
1662 2065 1975 2106 concentum

264 2172 441 2205 rerum
490 2154 670 2218 finxit,
733 2149 1176 2220 quemadmodum
1223 2150 1536 2204 videbimus.
1621 2149 1974 2202 Procedamus

264 2248 467 2300 ordine.

409 2342 502 2393 Est
548 2342 706 2408 vulgo
757 2341 974 2393 omnino
1024 2341 1185 2408 elegia
1230 2341 1330 2392 alia
1376 2341 1575 2407 lenior,
1623 2341 1974 2410 tranquillior,

260 2437 556 2502 remissior,
606 2439 705 2487 alia
750 2426 1052 2503 nervosior',
1105 2439 1396 2501 incitatior,
1445 2439 1835 2502 vehementior,
1883 2437 1974 2488 sed

261 2535 408 2583 nulla
447 2533 558 2583 sine
594 2531 855 2583 vividiore
897 2533 1127 2600 quodam
1165 2551 1339 2584 sensu.
1421 2533 1618 2584 Earum
1667 2544 1842 2586 autem
1887 2552 1973 2584 re-

261 2645 408 2692 rum,
451 2643 634 2676 eorum
672 2644 922 2677 sensuum
959 2638 1008 2678 et
1045 2628 1357 2691 affectuum,
1400 2645 1533 2695 quos
1570 2646 1779 2678 carmen
1814 2630 1974 2680 habet

261 2721 405 2773 aliud
447 2722 602 2785 alios,
655 2719 1094 2789 quemadmodum
1141 2722 1198 2770 in
1248 2722 1455 2772 musicis
1507 2722 1972 2789 compositionibus

259 2818 570 2886 primarium
619 2817 834 2869 modum
878 2827 928 2867 et
975 2816 1304 2867 harmoniam
1353 2816 1560 2881 dicunt,
1616 2819 1688 2869 sic
1733 2824 1781 2869 in
1825 2821 1974 2883 elegia

260 2913 461 2980 affectus
498 2914 693 2982 quidam
729 2924 796 2963 est
828 2917 1086 2981 primarius
1116 2923 1201 2963 aut
1232 2918 1454 2964 sententia
1484 2932 1688 2966 summa.
1755 2916 1832 2966 Ac
1857 2916 1970 2982 ple-

258 3027 484 3078 rumque
533 3010 743 3078 quidem
790 3011 1033 3061 affectum
1084 3011 1312 3077 aliquem
1360 3029 1579 3076 regnare
1628 3011 1835 3077 videas,
1885 3013 1970 3062 cui

259 3115 430 3154 cetera
482 3106 659 3155 omnia
709 3107 939 3156 subiecta
989 3105 1121 3172 sint3
1176 3105 1291 3156 dico
1331 3117 1505 3156 autem
1543 3106 1786 3157 affectum
1823 3125 1964 3159 nunc

256 3200 538 3266 generatim
582 3199 839 3267 quidquid
874 3203 1125 3265 laetitiae,
1163 3200 1386 3265 doloris,
1423 3212 1618 3265 metus,
1657 3200 1967 3267 cupiditatis,

258 3296 526 3359 desiderii,
565 3315 807 3363 precum,
853 3300 990 3362 irae,
1041 3299 1302 3349 minarum
1341 3298 1499 3364 elegia
1536 3299 1720 3361 habet,
1773 3307 1822 3347 et
1859 3297 1967 3363 pri-
