2158 3750
290 255 393 302 412
687 246 1161 302 COMMENTAR.
1197 247 1275 298 IN
1310 244 1603 299 TIBULLI

287 397 493 439 Bicmus
529 400 608 439 est.
635 417 691 425 —
753 394 1146 437 Renovaverit
1178 405 1353 435 annos
1381 392 1602 448 -Ipse
1641 396 1851 444 tamen,
1895 388 1994 435 lue.

290 480 413 532 qnasi
443 479 646 521 dixisset:
687 478 879 533 quamvis
910 479 1181 521 renovaverit
1210 500 1270 508 —
1300 482 1469 529 tamen3
1510 487 1650 530 neque
1677 479 1820 516 tamen
1846 486 1997 516 revera

291 560 449 601 omissa
481 564 547 601 est
578 560 675 602 talis
709 560 945 615 particula,
986 558 1064 602 sed
1097 559 1236 601 dictus
1267 559 1566 602 coniunctivus
1600 571 1665 614 pr.
1696 557 1903 600 faciamus
1933 559 1995 598 ut.

287 642 376 683 Sed
402 642 515 697 apud
540 642 719 686 Horum.
738 643 879 699 Epist.
898 643 932 697 Ι,
959 647 999 696 1,
1021 646 1097 686 28.
1123 658 1210 684 non
1226 642 1374 698 possis
1400 646 1466 684 est
1486 655 1551 698 pr.
1578 654 1662 683 non
1690 645 1817 696 potes
1842 639 1886 681 in
1906 634 1994 680 his:

288 723 390 764 Non
413 725 559 780 possis
585 725 711 767 oculo
739 735 960 785 quantum
988 726 1248 770 contendere
1275 729 1507 783 Lynceus,
1540 725 1642 766 Non
1662 731 1813 764 tamen
1833 718 1997 762 ideireo

290 813 545 849 contemnas
575 807 724 865 lippus
751 807 925 868 inungi.
955 833 1014 841 —
1052 809 1258 853 Ceterum
1290 821 1468 866 operam
1499 806 1686 863 perdunt
1713 805 1921 847 Bncmns
1952 804 1999 845 et

288 887 559 932 Huscmcms
588 895 637 933 ut
664 892 812 935 vitium
839 893 1078 948 scripturae
1105 890 1394 937 revocaverit,
1423 901 1676 945 comparens
1701 888 1746 930 in
1769 885 1998 937 nonnulli&

289 971 538 1017 defendant.
600 975 794 1018 Verbum
826 982 974 1032 aptum
1005 978 1101 1020 aliis
1138 977 1247 1020 locis
1277 975 1332 1019 ab
1363 975 1415 1018 iis
1444 974 1586 1017 allatis
1625 972 1722 1028 quis
1754 983 1840 1013 non
1870 969 2002 1012 sentit

288 1052 358 1095 hie
381 1067 466 1096 non
492 1055 601 1098 bene
625 1059 813 1112 positum
834 1059 923 1101 iri?
939 1083 997 1092 —
1027 1058 1162 1114 Ipse
1193 1063 1395 1102 tamen·
1443 1057 1584 1100 Nemo
1607 1055 1806 1112 profecto
1831 1053 2001 1097 dubitat

289 1138 346 1181 de
378 1141 572 1196 Arupino
603 1155 843 1186 sermonem
876 1156 996 1197 esse,
1029 1144 1111 1186 etsi
1141 1144 1256 1186 absit
1285 1155 1435 1186 versus
1463 1155 1489 1185 a
1521 1143 1684 1186 Vossio
1711 1154 1843 1197 supra
1869 1153 2001 1182 revo-

287 1227 424 1266 catus.
449 1247 506 1255 —
550 1225 723 1269 edere
753 1238 961 1282 corpus
991 1238 1164 1281 super
1193 1238 1393 1281 equum
1423 1228 1491 1268 est
1521 1224 1722 1267 attollere
1749 1223 1793 1265 in
1827 1234 1999 1277 equum,

287 1306 451 1350 insilire
481 1309 524 1351 in
556 1321 730 1364 equum.
759 1333 819 1342 —
869 1311 1087 1355 validis
1116 1309 1372 1355 habenis.
1433 1308 1535 1353 Nou
1563 1311 1663 1351 sunt
1693 1305 1826 1350 dativi
1855 1303 1923 1358 hi,
1952 1308 2004 1346 nt

288 1388 668 1434 messnmcmo
704 1397 750 1436 et
782 1393 961 1436 BAcmo
987 1394 1151 1447 visum,
1192 1392 1271 1436 sed
1302 1392 1477 1435 ablativi
1509 1390 1748 1448 pendentes
1777 1401 1804 1431 a
1832 1400 1875 1432 v.
1908 1401 2003 1429 mo-

290 1471 486 1516 derator.
547 1476 636 1518 Pro
668 1476 850 1531 egregia
883 1482 1028 1520 autem
1059 1476 1243 1520 lectione
1274 1475 1440 1519 sedet
1481 1473 1812 1518 moderator
1843 1469 2004 1514 miran-

291 1556 392 1599 dum
422 1565 489 1600 est
520 1558 801 1602 Huscnxnm
826 1573 924 1603 cum
955 1562 1115 1604 Voss1o
1147 1560 1330 1617 probare
1366 1559 1556 1603 deterius
1590 1557 1776 1613 „sedens
1802 1554 2006 1625 modera-

291 1643 414 1696 tur“‚
449 1643 523 1686 ubi
553 1645 650 1699 quis
681 1658 767 1687 non
801 1646 919 1689 videt
949 1646 1137 1690 ieiunum
1168 1659 1267 1690 esse
1293 1643 1483 1688 sedens?
1511 1668 1571 1677 —
1615 1644 1880 1688 domator
1909 1641 2003 1686 scil.

292 1737 515 1779 equorum,
546 1725 673 1769 facile
702 1726 817 1782 quod
847 1729 989 1784 repeti
1018 1733 1164 1785 potest
1191 1742 1248 1772 ex
1275 1727 1644 1771 antecedentibus.
1705 1726 1773 1770 De
1803 1725 1998 1781 Arupino

293 1809 495 1861 loquitur.
530 1809 799 1852 Huscmcws
827 1809 1018 1867 Neptuni
1041 1825 1280 1866 cognomen
1307 1809 1508 1861 Δαματος
1530 1812 1671 1855 an·
1690 1809 1762 1854 01.
1780 1807 1906 1862 XIII,
1930 1809 2003 1851 69.

294 1897 529 1947 comparat,
561 1893 634 1936 ubi
663 1895 791 1937 etiam
823 1891 957 1938 ἵππου
987 1896 1191 1939 omissum
1221 1897 1293 1950 sit,
1323 1895 1401 1939 sed
1432 1896 1535 1939 talia
1555 1893 1814 1950 cognomina
1834 1891 2004 1936 diversa

292 1981 405 2030 sunt,
435 1978 509 2020 ubi
532 1979 734 2022 solemnis
758 1985 825 2022 est
851 1979 1129 2023 brevitas.-
1158 1993 1266 2023 non
1297 1981 1449 2023 alias
1476 1990 1796 2024 conversus
1824 1981 2006 2033 terga,

292 2062 410 2104 nullo
435 2064 519 2105 alio
543 2067 741 2118 tempore
769 2063 842 2117 qui
867 2068 991 2117 terga
1021 2063 1155 2107 dedit.
1218 2063 1347 2109 Quod
1380 2063 1510 2106 etiam
1541 2063 1774 2107 Animus
1802 2060 2001 2105 affimat.

411 2147 468 2189 V.
502 2150 738 2189 lis-176.
801 2147 878 2190 De
922 2147 1136 2190 futuris
1179 2148 1365 2191 rebus.
1437 2147 1812 2191 Vaticinatur
1858 2145 2006 2190 Mes-

294 2232 468 2273 salam
513 2235 636 2273 toto
682 2236 968 2274 terrarum
1001 2232 1138 2275 orbe
1171 2230 1484 2275 habitabili
1526 2231 1725 2276 famam
1764 2232 2005 2276 nominis

295 2316 379 2357 sui
428 2320 888 2371 propagaturum.

413 2399 468 2441 V.
504 2401 592 2439 118
627 2410 720 2452 sqq.
763 2397 1065 2440 veracibus
1104 2398 1305 2452 signis.
1380 2399 1572 2442 Messala
1612 2413 1711 2445 ann.
1758 2400 1856 2446 urb.
1899 2403 2006 2446 723.

294 2479 335 2522 h.
371 2493 409 2522 e.
455 2484 553 2535 post
593 2493 662 2522 res
702 2480 745 2520 in
785 2479 934 2533 lllyria
980 2484 1025 2522 et
1069 2485 1219 2522 contra
1265 2482 1464 2524 Salassos
1509 2487 1680 2537 gestas,
1729 2485 1878 2527 consul
1923 2484 2005 2529 fuit

294 2577 393 2606 cum
426 2563 615 2605 Caesare
647 2564 899 2606 Octaviano.
971 2563 1143 2606 Inibant
1175 2570 1318 2607 autem
1351 2567 1550 2608 consules
1580 2571 1670 2609 tum
1703 2568 2002 2622 magistratum

294 2647 503 2689 Kalendis
535 2648 758 2701 Ianuariis,
789 2653 836 2690 ut
868 2653 1050 2691 constat.
1115 2650 1217 2693 Quo
1250 2648 1321 2691 die
1353 2663 1451 2691 cum
1483 2651 1548 2691 sol
1581 2650 1847 2705 splendidius
1881 2652 2003 2694 luce-

295 2735 363 2773 ret
396 2745 522 2786 quam
556 2731 934 2786 antecedentibus,
968 2737 1013 2775 et
1041 2745 1207 2775 summa
1239 2733 1377 2786 aeds,
1420 2737 1675 2787 ventorum,
1722 2735 1850 2776 maris
1883 2739 2004 2776 tran·-

294 2816 484 2870 quillitas
526 2815 637 2858 forte
673 2821 768 2858 orta
817 2820 932 2858 esset
976 2815 1201 2868 omnisque
1242 2828 1386 2856 rerum
1429 2819 1580 2857 natura
1621 2816 1800 2859 mirifice
1839 2816 2004 2870 sileret,

295 2899 433 2940 utitur
464 2897 544 2941 hac
574 2912 622 2940 re
655 2903 784 2954 poeta
817 2903 860 2941 et
891 2903 1127 2952 auguratur
1157 2898 1271 2951 inde,
1304 2904 1505 2952 tanquam
1539 2913 1594 2942 ex
1629 2900 1846 2943 luculento
1878 2901 2004 2955 signo

298 2982 455 3024 favoris
501 2983 706 3036 deorum,
757 2995 892 3024 novos
938 2981 1176 3037 triumphos
1222 2989 1266 3024 et
1310 2983 1515 3025 maiorem
1561 2984 1741 3037 gloriam
1789 2984 2006 3028 Messalae

297 3067 565 3109 destinatam.
600 3090 656 3097 -
705 3064 1137 3119 Amythaonium
1179 3066 1596 3121 Melampodem
1631 3071 1675 3109 et
1713 3066 2005 3123 Melampodi-

297 3147 375 3189 das
406 3154 524 3190 vates
558 3149 691 3191 fnisse
723 3151 835 3191 inter
855 3151 1049 3192 Graecos
1073 3151 1173 3192 olim
1207 3152 1337 3204 longe
1368 3151 1675 3193 celeberrimos
1703 3152 1797 3205 quis
1829 3152 2003 3195 nescit?

297 3231 409 3274 Vide
447 3232 602 3274 HEYN.
644 3233 698 3274 ad
742 3233 941 3288 Apollod.
975 3234 1009 3287 Ι,
1041 3238 1087 3288 9,
1117 3238 1188 3277 11.
1234 3241 1278 3277 et
1322 3235 1541 3277 Miinnen.
1585 3234 1700 3277 Hist.
1733 3234 1835 3278 Dor.
1879 3233 1932 3276 T.
1965 3234 2000 3275 l.

298 3328 338 3367 p.
357 3317 461 3357 253.
484 3338 538 3345 —
573 3316 711 3359 Quis
746 3322 975 3360 certare
1006 3324 1285 3372 nequeat,
1318 3318 1357 3362 h.
1390 3332 1427 3361 e.
1462 3318 1616 3372 quibus
1647 3317 1813 3359 veriora
1845 3318 2002 3360 afferre

300 3401 496 3451 nequeat.
572 3397 654 3439 Est
696 3398 873 3440 verbum
921 3412 1042 3442 more
1079 3401 1252 3442 Graeco
1293 3413 1389 3442 cum
1426 3400 1568 3442 dativo
1611 3400 1825 3451 iunctum,
1873 3399 2003 3441 veluti
