2158 3750
658 239 841 292 LIBR.
876 241 971 293 1v.
1044 240 1260 294 CARM.
1293 242 1337 294 ι.
1475 314 1480 318 ¹
1743 248 1846 298 409

150 381 360 436 quadrato
389 384 582 439 agmine,
621 385 781 431 ducere
810 387 1047 432 exercitum
1075 386 1285 444 quadrato
1311 387 1507 444 agmine3
1557 390 1706 431 contra
1747 386 1846 429 lon-

147 480 258 521 gum
316 482 474 524 agmen
530 469 574 511 in
633 471 947 526 longitudinem
998 477 1246 528 porrectum
1303 476 1372 515 est
1436 468 1550 526 (der
1608 467 1850 511 Golonnen-

152 547 368 602 marsa-lc).
429 551 554 595 Quae
592 551 680 594 duo
721 565 884 606 genera
923 554 1106 607 agminis
1144 554 1379 596 Poumns
1420 553 1610 608 explicat
1650 551 1746 594 libr.
1772 551 1849 604 Vl,

150 628 224 669 40.
286 629 414 671 Vide·
438 631 568 674 etiam
609 631 667 675 de
706 633 880 687 agmine
920 633 1130 688 quadrato
1169 634 1280 677 bene
1320 639 1521 689 agentem
1552 634 1767 677 Nxsmum
1804 634 1849 675 in

153 710 488 763 Antiquitatibus
529 715 651 758 milit.
693 715 918 758 Romanae
958 731 1000 772 p.
1030 719 1118 758 233
1149 730 1243 771 sqq.
1334 717 1462 760 Nunc
1504 722 1648 760 autem
1692 730 1852 774 agmen

142 791 428 847 quadratum
456 793 512 837 de
541 800 683 838 stante
710 797 787 838 tali
815 797 910 839 acie
940 802 1020 850 est,
1051 802 1101 839 ut
1125 811 1258 853 saepe
1285 811 1440 853 agmen
1467 798 1522 842 de
1552 805 1693 843 stante
1724 811 1853 842 exer-

151 871 255 924 citu,
283 878 329 916 et
357 875 650 918 consistat
677 876 731 918 in
764 889 965 931 agmen
991 877 1300 933 interpretatur
1328 879 1698 923 Foncssnmmusz
1728 881 1854 923 sistat

152 969 201 998 se
241 958 411 1011 agmine
452 958 663 1013 quadrato
706 958 779 1014 (in
818 959 1268 1020 Schlaclztordnung)
1314 963 1535 1019 disposita.
1611 965 1853 1007 thmm-

151 1052 335 1083 memus
365 1040 421 1083 de
448 1042 770 1085 constructione
801 1048 1025 1100 comparat
1053 1043 1219 1089 TAct‘r.
1251 1045 1403 1089 Annal.
1431 1045 1488 1098 11,
1518 1049 1599 1089 16:
1638 1047 1852 1088 Intentus

145 1129 431 1181 paratusque
461 1123 608 1172 miles,
649 1133 703 1166 ut
732 1125 838 1168 ordo
869 1126 1061 1185 agminis
1088 1126 1137 1169 in
1166 1127 1305 1168 aciem
1335 1127 1590 1171 adsisteret.
1622 1151 1681 1160 —
1740 1129 1853 1172 Per-

151 1205 241 1259 git:
282 1210 341 1248 ut
370 1211 567 1251 rectus
597 1207 733 1251 ordo
765 1208 1039 1253 decurrat
1075 1210 1348 1264 aequatis
1386 1209 1704 1264 frontibus,
1746 1209 1788 1254 h.
1813 1223 1852 1254 e.

153 1295 340 1343 aequata
378 1289 549 1345 fronte,
599 1292 736 1334 veluti
777 1293 966 1336 SssnsscA
1007 1293 1063 1336 de
1092 1293 1233 1336 Beata
1262 1295 1366 1338 Vita
1405 1308 1444 1337 c.
1467 1296 1511 1338 4.
1551 1294 1682 1337 dicit:
1730 1291 1855 1334 Idem

85 1419 88 1421 ,
150 1371 375 1414 exercitus
407 1371 534 1414 modo
573 1371 719 1415 latius
753 1372 1000 1430 panditur,
1044 1373 1171 1416 modo
1205 1374 1253 1415 in
1293 1363 1539 1433 angustum
1581 1382 1857 1427 coarctatur,

150 1461 198 1495 et
227 1462 314 1496 aut
343 1453 393 1496 in
421 1469 590 1498 cornua
619 1455 810 1498 sinuata
840 1456 986 1498 media
1009 1464 1147 1513 parte
1177 1465 1398 1501 curvatur
1428 1465 1514 1500 aut
1546 1465 1672 1500 recta
1693 1455 1856 1515 fronte

150 1536 422 1593 explicatur.
495 1540 587 1582 Aut
623 1539 727 1584 LIV.
760 1540 1002 1593 XXXVII,
1044 1544 1131 1585 39:
1193 1542 1358 1584 Consul
1396 1543 1490 1584 tria
1531 1541 1675 1583 millia
1706 1541 1857 1600 ferme

150 1621 351 1677 peditum
380 1630 583 1682 aequata
607 1623 770 1682 fronte
797 1624 1035 1670 instruxit·
1095 1628 1183 1669 Aut
1211 1625 1315 1670 ibid.
1346 1625 1502 1680 XXII,
1533 1628 1618 1669 47:
1662 1623 1857 1667 Tandem

153 1704 345 1746 Romani
386 1705 464 1747 diu
505 1721 561 1748 ac
601 1721 734 1765 saepe
772 1709 943 1752 connisi
980 1724 1127 1769 aequa
1161 1709 1325 1768 fronte
1370 1710 1552 1768 acieque
1581 1708 1733 1761 ,densa
1772 1707 1859 1750 im-

146 1788 306 1846 pulere
345 1790 542 1833 hostium
582 1807 784 1839 cuneum.
872 1796 999 1841 Quae
1040 1796 1126 1838 iam
1166 1795 1372 1840 Vum’ms
1416 1795 1693 1851 comparavit.
1778 1793 1862 1836 Est

154 1871 289 1927 igitur
318 1872 559 1931 frontibus
594 1880 646 1918 ut
682 1871 894 1933 πρόσωπα
924 1878 1095 1921 Graece
1136 1891 1202 1934 pr.
1234 1876 1377 1920 fronte
1413 1877 1590 1921 dictum.
1653 1876 1860 1920 Ceterum

155 1955 278 1998 vides
314 1960 455 1999 totum
493 1969 665 2000 versum
702 1957 977 2001 antecedenti
1016 1959 1274 2014 explicando
1310 1964 1357 2002 et
1387 1958 1687 2015 amplificando
1722 1960 1861 2003 inser-

156 2041 272 2092 vire,
314 2052 370 2082 ne
401 2040 528 2082 nimis
557 2040 672 2083 nuda
699 2041 758 2083 sit
785 2039 1020 2096 descriptio
1050 2039 1200 2083 harum
1231 2054 1372 2084 rerum
1389 2073 1402 2094 ,
1448 2055 1500 2084 ac
1529 2042 1642 2084 male
1671 2042 1862 2085 Vossms

155 2137 181 2166 e
212 2125 428 2167 nonnullis
459 2132 648 2179 „rectus
677 2125 778 2166 an“
810 2112 1029 2182 reposuit,
1066 2131 1116 2168 ut
1146 2126 1313 2169 scilicet
1342 2125 1458 2168 aliud
1485 2138 1624 2180 genus
1654 2125 1764 2167 aciei
1794 2125 1862 2167 in-

157 2210 293 2252 ferret
337 2214 489 2252 contra
532 2211 873 2265 grammaticam.
909 2233 964 2243 --
1042 2211 1334 2268 duplicem
1379 2211 1693 2254 seiunctim
1743 2222 1861 2253 cer-

158 2306 295 2335 nere
330 2293 585 2337 Mattem.
652 2293 798 2336 Proba
828 2282 959 2335 lectio
992 2298 1072 2337 est.
1134 2295 1225 2336 Seu
1256 2294 1450 2348 placeat,
1492 2294 1579 2346 nit,
1619 2297 1668 2334 ut
1699 2292 1869 2348 duplex

158 2377 386 2419 seiunctim
424 2377 545 2420 Mars
585 2382 774 2433 pugnet,
821 2379 1030 2434 separatis
1071 2377 1240 2420 duobus
1282 2378 1486 2419 cornibus
1526 2377 1742 2420 exercitus
1785 2389 1864 2419 nec

160 2461 302 2503 media
333 2461 587 2516 interposita
618 2461 726 2504 acie.
790 2462 970 2502 Cernere
999 2466 1049 2503 ut
1078 2461 1217 2504 Vme.
1245 2461 1353 2503 Aen.
1379 2459 1491 2513 ΧΠ,
1514 2462 1629 2501 709:
1664 2460 1791 2499 Inter
1821 2472 1866 2498 se

161 2542 296 2584 coisse
340 2542 458 2585 viros
499 2550 544 2583 et
585 2557 759 2585 cernere
790 2542 938 2601 ferro.
1011 2543 1146 2587 Vides
1187 2548 1332 2586 autem
1372 2544 1466 2598 ipse
1503 2541 1720 2598 quomodo
1760 2540 1867 2584 haee

160 2624 361 2680 bipartita
402 2625 519 2668 acies
561 2632 806 2682 opponatur
846 2625 1120 2669 antecedenti
1162 2626 1289 2668 faciei
1334 2639 1519 2681 pugnae.
1596 2625 1707 2667 Cum
1751 2624 1867 2667 enim

158 2710 392 2763 separatim
434 2714 628 2764 pugnent
670 2707 776 2751 haec
818 2722 1006 2762 cornua,
1062 2722 1146 2751 non
1194 2714 1309 2752 stant
1355 2709 1505 2752 eodem
1549 2714 1671 2751 recto
1715 2708 1866 2750 ordine

159 2791 312 2844 ambo,
353 2791 430 2853 sed
461 2798 590 2847 prout
617 2793 790 2848 utrique
821 2794 1108 2838 commodum.
1134 2818 1196 2829 --
1256 2795 1477 2836 Dexter
1519 2794 1604 2835 uti
1648 2794 1868 2835 laevum

162 2879 388 2927 teneat,
432 2880 516 2918 etc.
562 2874 604 2919 h.
630 2889 671 2920 e.
702 2882 750 2919 ut
787 2879 910 2920 miles
948 2880 991 2920 in
1027 2878 1183 2922 dextro
1225 2892 1359 2921 cornu
1385 2883 1519 2924 ‘stans
1561 2877 1754 2920 sinistras
1787 2876 1868 2918 ad-

163 2961 447 3002 versariorum
485 2961 634 3016 copias
666 2961 858 3005 detineat
899 2964 1157 3020 pugnando,
1202 2965 1274 3018 qui
1308 2970 1452 3006 autem
1487 2964 1527 3004 in
1559 2963 1732 3004 sinistro
1770 2974 1866 3004 culn

162 3040 355 3085 dexteris
386 3043 604 3098 confligat.
679 3046 847 3091 Quibus
878 3047 1021 3090 verbis
1051 3049 1208 3090 clarius
1246 3048 1331 3089 dno
1365 3060 1524 3089 cornua
1557 3046 1780 3100 designat,
1824 3045 1867 3086 in

162 3138 275 3179 quae
306 3138 417 3168 nunc
446 3126 608 3169 divisus
639 3129 881 3181 exercitus,
918 3143 1015 3172 cum
1046 3130 1212 3173 medius
1244 3131 1366 3172 miles
1400 3143 1483 3171 non
1515 3133 1865 3171 memoretur.--

162 3210 357 3263 sitque
389 3210 600 3266 duplex
633 3213 842 3266 gemini
876 3214 1131 3256 victoria
1163 3227 1356 3267 casus,
1400 3212 1439 3254 h.
1462 3225 1498 3254 e.
1532 3213 1674 3265 sitque
1706 3210 1866 3265 duplex

164 3294 479 3348 quodammodo
530 3297 710 3339 victoria
767 3300 940 3351 gemino
998 3299 1243 3342 discrimine
1301 3298 1580 3354 periculoque
1634 3299 1868 3350 reportata.

164 3380 293 3422 l'mm
326 3381 599 3425 coniecerant
629 3384 840 3439 „geminis
873 3384 1066 3427 castris-‘⁶
1098 3384 1212 3438 quod
1245 3384 1375 3436 vulgo
1407 3382 1634 3436 probatum
1668 3383 1758 3430 est3
1790 3377 1866 3421 sed
