2158 3750
646 246 830 300 LlBR.
867 248 959 299 lv.
1031 246 1246 300 CARM.
1281 247 1323 299 Ι.
1729 250 1832 298 417

132 392 328 445 „Auctor
357 396 426 434 est
450 390 738 436 Hunonows
770 391 948 450 111599.
1006 391 1225 446 Padauos,
1255 391 1405 436 Indiae
1439 391 1644 448 populum
1680 404 1829 434 versus

132 474 371 527 Auroram,
402 475 439 517 si
472 476 569 529 quis
599 482 875 530 aegrotaret,
909 489 1007 520 eum
1047 482 1238 520 mactare
1267 477 1422 520 solitos
1450 481 1581 530 atque
1610 475 1705 518 eius
1735 487 1833 517 car-

132 558 259 600 nibus
299 560 443 614 vesci,
490 561 572 603 viri
613 561 786 616 quidem
827 562 967 616 viros,
1013 562 1206 604 mulieris
1248 566 1393 604 autem
1425 561 1643 603 mulieres.
1702 557 1764 601 Et
1794 558 1830 601 si

134 640 230 693 quis
259 653 388 683 sanus
419 641 474 684 ad
505 643 670 685 senium
702 644 994 698 pervenisset,
1039 656 1094 686 eo
1125 643 1272 686 itidem
1303 657 1431 686 caeso
1468 642 1659 699 epulari,
1701 645 1834 696 atque

134 723 191 765 ob
222 737 316 767 eam
354 739 525 769 causam
560 740 802 782 perpaucos
842 727 944 769 istic
982 739 1109 769 senes
1152 727 1378 783 reperiri.“
1438 726 1570 769 Addit
1610 725 1839 769 Hmrmus⁴

133 806 316 848 eundem
358 820 522 850 morem
569 808 798 851 barbarum
836 807 1135 850 Essedouibus
1175 809 1303 850 tribui
1335 823 1360 851 a
1391 811 1568 853 Somno
1599 823 1637 852 c.
1668 811 1743 853 26.
1773 831 1828 842 -

133 888 376 932 Hebrus.
435 891 790 934 Bnouonmsms
825 890 981 931 Istrus
1020 889 1303 933 substituerat
1343 903 1553 946 quaerens
1595 890 1699 946 quid
1738 889 1836 934 He-

134 972 215 1014 bro
245 972 458 1016 Thraciae
487 973 618 1016 fluvio
649 986 747 1016 cum
777 972 940 1016 Getis?
999 972 1091 1016 Sed
1123 978 1173 1016 ut
1201 974 1392 1017 Vossms
1424 975 1653 1029 observat,
1701 974 1837 1018 refert

134 1056 222 1098 D1o
254 1057 382 1100 Cass.
411 1057 465 1100 L.
494 1057 531 1101 Ι.
562 1070 600 1100 c.
629 1060 703 1100 22.
743 1058 890 1102 Reim.
921 1072 966 1114 p.
996 1061 1100 1100 656.
1163 1059 1302 1100 Getas
1341 1071 1376 1101 s.
1419 1059 1563 1102 Dacos
1606 1061 1734 1102 etiam
1772 1058 1836 1101 cis

133 1137 292 1181 Istrum
322 1151 460 1193 usque
493 1138 548 1181 ad
580 1139 794 1182 Haemum
826 1140 1113 1195 pertinuisse,
1143 1140 1258 1183 uude
1289 1146 1460 1184 constat
1491 1143 1592 1185 oriri
1623 1142 1835 1187 Hebrum.

136 1220 286 1264 Quare
317 1221 446 1263 etiam
477 1234 545 1277 ap.
576 1222 749 1264 Serme.
786 1221 919 1264 Herc.
951 1222 1051 1265 Oet.
1078 1225 1210 1266 1044.
1259 1221 1463 1265 Hebrum
1487 1226 1628 1266 Geren
1659 1225 1837 1280 dictum,

135 1307 265 1356 atque
295 1303 410 1359 apud
440 1305 583 1347 Sur.
614 1303 755 1347 Theb.
778 1304 838 1359 11,
859 1308 965 1350 595.
1009 1305 1210 1348 Geticam
1233 1306 1475 1366 Phlegram
1505 1314 1666 1354 monet.
1711 1309 1838 1354 Adde

138 1387 254 1441 quod
298 1389 471 1432 omnino
505 1389 677 1445 saepius
715 1390 831 1446 apud
874 1391 1090 1434 Sunt-rum
1132 1390 1314 1434 Geticus
1355 1405 1420 1449 pr.
1459 1391 1672 1436 Thracius
1710 1392 1839 1449 poni-

138 1474 223 1510 tur·
257 1492 314 1500 —
362 1470 452 1513 Sed
496 1471 729 1526 Magyni
771 1476 847 1515 aut
885 1473 1070 1529 Mosyni
1111 1473 1154 1515 iu
1187 1474 1401 1516 Sarmatia
1431 1475 1487 1518 ad
1518 1475 1684 1518 Tanain
1716 1473 1840 1517 habi-

138 1555 280 1594 tantes
322 1555 396 1608 qui
435 1555 521 1596 sint
563 1556 798 1609 ignoratur.
872 1556 1047 1610 Mosyni
1092 1557 1205 1599 enim
1248 1559 1422 1614 saepius
1463 1559 1692 1601 memorati
1732 1558 1840 1601 alias

139 1639 343 1691 regiones
371 1639 575 1681 tenebant
601 1640 760 1696 quippe
785 1641 911 1683 Ponti
938 1640 1096 1684 Euxini
1114 1643 1314 1695 accolae3
1342 1643 1523 1698 Magyni
1547 1647 1690 1686 autem
1712 1644 1841 1699 plane

137 1723 290 1776 ignoti.
350 1724 540 1768 Vossms
573 1724 758 1767 Gelonos
789 1725 1012 1768 substituit
1052 1727 1156 1769 satis
1194 1726 1412 1771 audacter.
1445 1749 1502 1759 -
1548 1728 1603 1771 V.
1634 1730 1722 1771 147
1746 1741 1840 1783 sqq.

139 1805 292 1850 Quid
337 1819 546 1861 moror,
595 1808 736 1850 Vmc.
775 1808 882 1851 Aen.
914 1808 971 1862 ΙΙ,
1007 1811 1108 1851 102.
1171 1810 1340 1852 Dicitur
1383 1811 1538 1854 etiam:
1585 1823 1641 1852 ne
1683 1810 1842 1864 multis,

140 1889 338 1943 pluribus
368 1903 526 1934 morer.
576 1891 670 1933 Res
701 1896 815 1934 nota.
842 1915 902 1923 —
934 1894 1214 1938 Oceanus,
1268 1895 1418 1948 Usque
1448 1894 1502 1937 ad
1534 1895 1673 1950 ipsum
1698 1895 1842 1937 Ocea-

140 1982 243 2013 num
275 1972 416 2014 omnia
445 1972 523 2014 tibi
554 1973 848 2016 subiicientur.
911 1974 1115 2018 Ceterum
1151 1976 1206 2019 cf.
1239 1975 1295 2019 ad
1326 1990 1366 2020 v.
1398 1981 1474 2020 53.
1513 1998 1573 2010 --
1618 1977 1842 2020 Britan-

140 2066 253 2096 nus.
315 2054 420 2096 Fuit
464 2059 607 2097 tamen
654 2068 790 2110 usque
836 2055 890 2106 ad
933 2057 1103 2099 Claudii
1143 2057 1424 2113 Imperatoris
1466 2063 1666 2114 tempora
1710 2060 1845 2102 libera

138 2137 340 2182 Romano
369 2140 475 2194 iugo
505 2139 742 2184 Britannia.
802 2140 1089 2183 Intactum
1125 2141 1261 2196 igitur
1302 2143 1431 2186 etiam
1469 2143 1711 2186 Houums
1742 2143 1847 2186 dicit

139 2220 283 2278 Epod.
316 2222 417 2276 vn,
446 2226 518 2276 7.,
564 2231 664 2266 nam
701 2222 836 2265 Iulius
880 2222 1043 2266 Caesar
1085 2225 1383 2268 escensionem
1429 2229 1596 2268 tantum
1639 2227 1682 2267 in
1726 2226 1846 2268 littus

141 2306 333 2360 fecerat,
365 2319 506 2361 neque
536 2311 683 2348 autem
714 2311 805 2349 tum
838 2319 940 2349 vera
971 2307 1136 2350 deditio
1169 2308 1264 2351 fuit.
1298 2333 1357 2340 —
1388 2309 1579 2352 muudi
1608 2323 1738 2366 pars
1769 2310 1846 2352 al-

141 2396 292 2444 tera,
340 2389 381 2432 h.
418 2403 457 2434 e.
500 2391 638 2433 altera
678 2403 791 2434 zona
833 2395 1073 2447 temperata
1113 2396 1158 2435 et
1203 2391 1445 2436 habitabilis
1485 2394 1599 2437 ultra
1633 2394 1847 2450 tropicum

143 2480 188 2518 et
228 2475 436 2519 torridam
475 2476 573 2518 sita.
603 2499 663 2507 —
726 2475 777 2518 V.
813 2479 894 2518 151
929 2489 1022 2531 sqq.
1098 2478 1308 2532 Sequitur
1352 2477 1566 2533 digressio
1610 2477 1665 2522 de
1710 2479 1849 2524 zonis.

144 2558 276 2602 Nam
319 2558 678 2602 circumfuso
715 2563 801 2603 etc.
876 2559 989 2602 Nam
1031 2560 1214 2615 globus,
1260 2562 1345 2616 ait,
1393 2563 1523 2605 tellus
1559 2567 1626 2606 est
1658 2562 1850 2619 undique

142 2642 248 2684 aiire
279 2642 433 2685 cincta.
494 2642 584 2684 Pro
625 2642 909 2686 consistit
954 2643 1027 2685 alii
1070 2643 1260 2686 considit
1294 2645 1483 2699 malunt,
1527 2645 1604 2690 sed
1635 2659 1721 2690 non
1752 2648 1850 2703 agi-

143 2729 215 2766 tur
255 2736 369 2766 nunc
414 2722 470 2766 de
512 2724 681 2778 origiue
725 2723 899 2777 mundi,
948 2737 1044 2767 cum
1087 2726 1301 2769 elementa
1335 2727 1428 2770 loca
1461 2740 1538 2771 sua
1571 2733 1849 2784 occuparent.

143 2806 255 2849 Mox
286 2812 411 2850 toto
442 2806 581 2853 orbe
615 2811 683 2850 est
721 2820 803 2864 per
832 2811 970 2850 totum
1003 2808 1152 2851 orbem
1185 2822 1335 2863 suum,
1383 2823 1417 2853 s.
1451 2814 1569 2853 totus
1607 2810 1725 2854 orbis
1758 2812 1850 2855 eius

146 2888 405 2931 describitur
443 2889 487 2930 in
527 2889 716 2944 quinque
745 2894 904 2946 partes.
968 2891 1305 2948 disponitur
1348 2898 1416 2935 est
1456 2893 1738 2950 dispescitur,
1782 2894 1854 2938 di·-

148 2972 321 3015 viditur.
399 2972 604 3016 Ceterum
650 2973 800 3016 confer
844 2975 899 3018 de
945 2978 1067 3018 zonis
1114 2977 1300 3020 Vmern.
1347 2978 1513 3031 Georg.
1556 2977 1591 3031 I,
1633 2980 1722 3019 233
1757 2990 1852 3032 sqq.

148 3056 297 3110 ibique
332 3055 472 3108 Voss„
504 3056 643 3098 Ovm·
674 3055 782 3098 Met.
813 3056 848 3110 Ι,
880 3059 938 3100 45
969 3071 1062 3112 sqq.
1095 3059 1230 3101 PmN.
1265 3059 1378 3103 Hist.
1409 3059 1465 3102 N.
1499 3059 1555 3111 11,
1586 3062 1658 3102 68.
1693 3059 1852 3103 C1cssn.

146 3139 191 3182 in
242 3140 392 3183 Somn.
445 3140 639 3196 Scipion.
683 3145 728 3182 et
776 3140 831 3183 ad
879 3141 923 3184 id
970 3142 1182 3187 MAcuon.
1225 3144 1281 3197 Π,
1324 3147 1352 3185 5
1394 3158 1488 3199 sqq.
1568 3145 1691 3191 Quos
1735 3147 1854 3189 locos

148 3223 276 3265 etiam
323 3224 526 3266 Vum’ws
569 3229 891 3269 commemorat.
955 3226 1086 3269 Addit
1127 3227 1397 3271 Huscnxms
1440 3229 1566 3272 Varr.
1611 3231 1780 3273 Atacin.
1811 3232 1855 3273 in

150 3302 478 3361 Cllorograplnia
508 3319 576 3362 ap.
610 3305 763 3348 Isidor.
792 3306 1133 3361 (wssunsnomv.
1164 3310 1215 3353 P.
1250 3310 1348 3353 Lat.
1381 3312 1488 3356 Min.
1521 3312 1574 3356 T.
1607 3313 1661 3357 V.
1694 3314 1745 3356 P.
1774 3313 1853 3357 111.

150 3405 192 3446 p.
227 3393 397 3447 1403.).
432 3415 488 3423 —
534 3395 863 3446 vastantur,
905 3397 953 3436 ut
984 3394 1172 3438 incultae
1204 3399 1248 3438 et
1281 3385 1481 3439 desertae
1510 3397 1608 3439 sint.
1672 3399 1854 3450 Atque

1328 3484 1396 3529 27
