2158 3750
348 231 448 273 :578
741 221 1210 274 COMMENTAR.
1242 222 1318 272 IN
1355 223 1645 276 TIBULLI

343 377 428 418 que
469 365 692 406 exordium
734 362 899 416 elegIae
943 362 1084 417 legisti
1128 374 1256 418 supra
1301 376 1339 405 v.
1373 366 1396 405 1
1431 376 1551 418 sqq.,
1598 362 1706 406 haec
1748 369 1891 414 autem
1933 379 2042 421 quae

344 464 383 491 v.
419 452 476 490 33
508 462 600 501 sqq.
643 447 780 503 legis,
823 459 902 502 per
943 460 992 489 se
1033 451 1214 502 apparet
1259 460 1343 489 non
1386 459 1482 490 esse
1513 446 1764 501 exordium,
1807 426 1886 490 sed
1913 450 2043 492 medii

341 530 536 573 carminis
570 533 748 584 partem.
811 528 973 572 Credas
1016 527 1143 571 facile
1193 528 1378 570 discerni
1420 542 1547 584 posse
1587 529 1689 583 quid
1720 530 1778 587 sit
1806 530 2042 586 exordium,

340 613 443 665 quid
474 625 557 654 non
587 613 656 656 sit.
717 611 807 656 Sed
841 625 1072 668 pergamus
1104 614 1148 655 in
1181 614 1485 669 explicatione.
1546 613 1686 667 Igitur
1716 616 1871 669 poetae
1901 611 2043 655 denuo

340 694 450 735 redit
476 694 611 736 dolor.
672 694 740 737 Ad
763 707 801 739 v.
828 695 1045 738 imitari
1075 694 1286 750 gaudia
1311 695 1718 738 WtJNDERmcmth
1741 694 1909 738 confert
1929 694 2040 737 Tic.

339 778 443 817 Anu-
477 776 512 828 Ι,
543 778 626 817 24:
661 775 818 822 vultu,
853 791 1126 834 quamquam
1159 775 1436 818 maestitiam
1465 776 1778 824 imitarentur,
1809 783 2045 818 contuma-

337 860 430 900 siae
466 858 710 916 propiores.
772 860 884 903 Add.
918 862 1058 903 Ovm.
1091 861 1184 904 Art.
1218 862 1314 905 Am.
1345 861 1381 914 I,
1413 865 1514 905 611.
1547 885 1605 893 -
1658 862 2039 918 componitur,

335 942 536 996 tingitur,
566 942 804 985 simulatur.
866 942 982 985 Infra
1011 944 1088 997 IV,
1121 948 1163 996 7,
1197 947 1252 987 9:
1284 943 1444 986 vultus
1476 959 1725 1000 componere
1746 944 1911 1002 famae
1941 950 2040 985 tae-

334 1023 423 1068 det.
485 1025 658 1068 Samso.
691 1025 866 1069 Consol.
908 1026 962 1068 ad
995 1026 1196 1070 Helviam
1232 1041 1271 1071 c.
1308 1031 1392 1071 16:
1436 1030 1526 1069 Per
1557 1027 1703 1083 ipsum
1726 1035 1884 1070 ,tamen
1923 1041 2040 1068 com-

329 1105 525 1161 positum
572 1106 828 1165 fictumque
881 1106 1060 1149 vultam
1113 1107 1325 1149 lacrimae
1373 1109 1738 1170 profunduntur·
1779 1133 1840 1143 —
1896 1111 2038 1153 Porro

332 1190 493 1232 'ebria
541 1190 710 1234 verba
765 1195 864 1234 sunt
915 1190 1089 1244 hilaria,
1142 1193 1372 1248 procacia,
1420 1194 1672 1248 petulantia.
1748 1194 1872 1237 Haec
1927 1207 2037 1237 non

332 1274 470 1316 bene
499 1279 732 1330 sonant,
773 1287 859 1317 non
890 1279 978 1318 tam
1009 1277 1124 1319 laete
1157 1281 1339 1330 sonant,
1384 1289 1512 1331 quam
1542 1276 1618 1319 ubi
1648 1289 1751 1320 vere
1785 1274 1946 1322 hilares
1971 1276 2037 1318 lo-

330 1361 541 1410 quuntur3
586 1370 672 1400 non
726 1357 836 1400 bene
881 1357 1078 1400 succedit
1130 1358 1329 1401 sollicitis
1381 1358 1502 1400 ebria
1555 1356 1750 1419 hilaritas
1792 1357 2035 1401 verborum.

328 1441 531 1483 Ceterum
561 1440 752 1483 secundo
791 1439 874 1483 hoc
916 1439 1100 1483 disticho
1143 1439 1267 1483 vides
1309 1441 1403 1482 aliis
1448 1439 1610 1499 verbis*
1629 1440 1794 1496 repeti,
1836 1438 1951 1494 quod
1991 1439 2035 1501 in

330 1526 466 1578 primo
509 1525 686 1569 dictum.
756 1524 888 1581 Inops
932 1530 999 1568 est
1042 1525 1298 1580 Lygdamus
1343 1524 1666 1568 sententiarum.
1738 1524 1830 1567 Iam
1876 1524 2032 1584 iterum

326 1607 556 1662 abrumpit.

444 1692 498 1734 V.
530 1690 698 1733 37-ad
727 1692 871 1735 finem.
950 1691 1125 1735 Redit
1170 1690 1352 1734 denuo
1408 1691 1472 1734 ad
1524 1690 1907 1744 hilaritatem,
1967 1693 2022 1734 et

324 1786 468 1815 nunc
511 1772 732 1827 quidem
771 1773 1006 1827 longius
1045 1775 1099 1816 in
1131 1787 1192 1817 ea
1232 1779 1514 1819 versatur.
1575 1775 1787 1818 Tamen
1818 1776 1909 1819 vel
1941 1774 2030 1818 sic

324 1857 675 1900 desiderium
706 1859 936 1914 puellae
967 1859 1137 1902 redit.
1209 1859 1321 1902 Sed
1354 1860 1606 1903 vincitur
1637 1859 1806 1903 etiam
1835 1856 1942 1902 hoc
1975 1862 2028 1901 et

323 1941 621 1984 clauditur
652 1955 872 1984 carmen
906 1944 1248 1987 laetissime.

439 2029 492 2071 V.
536 2031 595 2069 39
630 2040 723 2081 sqq.
798 2028 1040 2081 Gnosia,
1104 2027 1318 2081 Ariadne,
1373 2028 1576 2082 ignoto
1631 2028 1756 2070 sola
1815 2027 2028 2071 relicta

323 2112 486 2164 mari,
530 2110 571 2153 h.
602 2112 629 2154 l.
673 2113 902 2167 peregrino
946 2112 988 2154 in
1033 2112 1191 2154 littore.
1252 2112 1493 2153 Pnopmw.
1531 2111 1567 2164 Ι,
1604 2113 1674 2166 14,
1708 2114 1762 2154 1:
1814 2114 1881 2152 Tu
1921 2111 2026 2152 licet

321 2194 523 2235 abiectus
574 2192 780 2236 Tiberina
827 2194 1020 2236 molliter
1065 2194 1190 2236 unda
1239 2193 1406 2235 Lesbia
1450 2197 1681 2237 Mentoreo
1735 2194 1843 2237 vina
1900 2193 2024 2238 bibas

321 2292 460 2332 opere.
522 2276 633 2319 Add.
664 2277 998 2318 annnfflmm
1024 2276 1078 2317 ad
1108 2276 1164 2329 II,
1201 2279 1268 2329 13,
1294 2279 1368 2318 39.
1399 2291 1442 2331 p.
1474 2279 1569 2319 148.
1631 2277 1842 2321 Similiter
1869 2279 2022 2335 accipe

319 2364 556 2403 Pnopnnm.
587 2361 622 2414 I,
658 2363 727 2412 15,
760 2363 843 2402 10:
888 2358 1093 2401 Desertis
1137 2358 1238 2401 olim
1258 2359 1456 2415 fleverat
1501 2359 1793 2418 aequoribus,
1837 2358 1936 2406 fiam
1967 2363 2022 2407 de

316 2447 576 2488 allocutione
619 2445 748 2487 maris
792 2445 852 2487 ibi
893 2446 936 2487 in
977 2445 1259 2499 sequentibus
1305 2445 1478 2488 demum
1521 2445 1693 2491 dicitur.
1754 2447 1916 2492 Verum
1956 2450 2022 2492 vi-

316 2529 472 2571 derunt
513 2529 731 2571 Hermus
777 2532 822 2570 et
861 2527 1068 2570 Vossms.
1130 2526 1189 2569 At
1221 2527 1652 2581 thnssnmchS,
1687 2529 1894 2572 Bncmus
1923 2531 2022 2575 iun-

316 2616 426 2665 gunt
452 2608 630 2666 flevisti
666 2608 807 2656 mari,
849 2609 964 2663 quod
996 2607 1065 2651 hic
1096 2609 1236 2651 minus
1267 2610 1554 2660 commodum.
1617 2611 1806 2655 Attende
1835 2613 1892 2656 ad
1923 2615 2019 2670 epi-

314 2693 462 2736 theton
499 2692 679 2750 ignoto‚
725 2697 771 2734 et
810 2692 970 2734 sentias
1013 2704 1192 2734 necesse
1235 2696 1300 2733 est
1342 2693 1461 2746 iungi
1508 2692 1668 2735 debere
1708 2693 1862 2752 ignoto
1903 2695 2019 2738 mari

312 2776 411 2818 sola
441 2775 616 2818 relicta.
676 2774 741 2818 Ac
770 2775 967 2818 similiter
997 2775 1134 2818 Ovm.
1166 2775 1258 2816 Art.
1295 2775 1387 2817 Am.
1419 2775 1499 2828 Ill,
1530 2779 1613 2818 36:
1657 2775 1705 2818 in
1735 2775 1888 2834 ignoto
1917 2778 2015 2821 sola

312 2859 471 2902 relicta
502 2859 610 2902 loco.
639 2882 699 2892 —
740 2860 834 2902 Sic
873 2858 1086 2900 cecinIt
1126 2871 1224 2913 pro
1267 2862 1319 2899 te
1363 2858 1658 2912 Catullus,
1689 2873 1822 2903 carm.
1853 2861 2015 2917 LXIV,

310 2947 370 2985 52
397 2955 492 2997 sqq.
551 2943 663 2984 Pro
694 2945 771 2993 te,
802 2952 899 2982 cum
930 2938 1148 2983 Theseum
1177 2940 1388 2996 perfidum
1420 2946 1464 2984 et
1494 2942 1710 2996 ingratum
1743 2945 2009 3002 ostenderet,

311 3025 406 3079 ipso
447 3026 719 3079 pentametro
762 3022 1021 3077 explicante.
1085 3023 1332 3076 Doctus,
1378 3025 1544 3079 peritus
1587 3025 1629 3068 in
1673 3028 1795 3082 poesi
1837 3028 2010 3084 artifex,

311 3105 366 3147 cf.
397 3106 813 3148 mennmcnmm
858 3103 898 3147 h.
930 3106 958 3147 l.
1004 3109 1048 3147 et
1090 3119 1168 3148 nos
1214 3107 1267 3148 ad
1301 3107 1336 3159 I,
1377 3110 1420 3160 4,
1463 3112 1535 3152 61.
1586 3109 1743 3152 Catulli
1786 3111 2005 3166 epitheton

310 3187 423 3229 idem
457 3189 639 3230 recurrit
669 3188 807 3229 Ovn).
838 3188 1004 3231 Amorr.
1036 3187 1114 3240 III,
1146 3192 1188 3241 9,
1220 3192 1292 3231 62.
1340 3189 1581 3232 MARTIAL.
1615 3191 1649 3244 Ι,
1682 3194 1754 3236 61.
1806 3191 1899 3246 VII,
1933 3197 2006 3238 98.

310 3271 355 3308 et
387 3266 552 3308 videtur
583 3267 627 3307 id
656 3267 782 3308 simul
804 3266 859 3308 ad
884 3269 1150 3310 Graecarum
1178 3269 1418 3311 litterarum
1449 3274 1492 3311 et
1517 3268 1756 3312 fabularum
1780 3272 2003 3316 scientiam

311 3354 356 3390 et
395 3349 692 3392 tractationem
735 3349 886 3393 scitam
931 3350 1158 3406 pertinere.
1237 3352 1433 3406 Denique
1486 3352 1602 3406 quod
1648 3353 1900 3409 Lygdamus
1946 3358 2000 3400 ad

2131 1284 2158 1330 ί·
