2158 3750
730 235 910 286 LlBR.
949 237 986 285 Ι.
1059 234 1258 285 ELEG.
1295 235 1336 284 I.
1798 239 1864 282 27

173 374 244 426 qui
275 379 404 429 caput
435 375 624 419 tenebris
655 382 814 420 tectum
849 377 1028 427 habeat,
1060 376 1263 420 hactenus
1295 371 1483 425 ἄφαντον
1513 372 1720 416 accedere
1751 371 1865 426 quod

171 456 304 498 facies
333 457 527 512 dignosci
562 473 645 502 non
680 461 829 515 possit,
861 461 956 514 quis
986 461 1057 502 sit.
1120 461 1286 502 Censor
1317 459 1389 500 ille
1419 468 1675 507 moerorem,
1706 455 1867 494 luctum

171 540 321 583 tribuit
363 542 495 584 Morti
542 548 586 585 et
627 545 811 588 velatum
854 549 985 598 caput
1033 543 1191 585 habere
1236 556 1330 585 eam
1373 545 1521 584 censet
1562 544 1612 583 ut
1653 539 1867 592 lugentes,

171 623 281 664 miro
311 621 605 678 phantasmate
635 630 680 666 et
709 623 877 666 dicendi
921 624 1130 677 audacia3
1178 626 1250 667 alii
1292 630 1490 680 opertum
1533 623 1682 667 volunt
1724 626 1868 677 caput,

171 720 225 750 ne
256 708 374 750 dirae
404 708 512 750 deae
542 709 684 750 vultus
714 708 1029 763 conspiciatur,
1059 721 1170 762 quae
1200 722 1270 751 res
1299 713 1420 751 certe
1452 707 1535 750 hoc
1565 709 1662 750 loco
1692 706 1868 749 inutilis.

171 789 344 832 Ducunt
373 803 477 832 vero
506 789 668 831 Tibulli
695 790 827 831 verba
857 790 957 832 alio.
1019 790 1160 832 Dicit:
1199 791 1285 832 iam
1315 791 1459 832 veniet
1489 803 1619 841 mors,
1649 790 1733 831 iam
1764 788 1868 830 sub-

170 879 294 928 repet
337 878 562 926 senectuS,
610 873 656 915 e't
700 872 1063 926 quemadmodum
1115 873 1352 915 senectutis
1399 874 1617 915 tristitiam
1665 871 1869 914 describit

169 954 396 1008 disertius,
437 956 501 997 sic
541 955 671 997 etiam
701 954 819 1008 quod
848 955 980 997 morti
1010 959 1076 997 est
1106 954 1299 996 additum
1340 954 1656 1009 praedicatum,
1700 955 1867 995 tristem

167 1042 361 1079 naturam
391 1038 556 1090 mortis,
586 1036 880 1080 infelicitatem
912 1041 1180 1080 mortuorum
1213 1037 1458 1090 significare
1490 1035 1635 1088 debet,
1667 1036 1738 1077 ubi
1772 1048 1868 1078 ces-

167 1126 264 1163 sant
289 1120 462 1175 gaudia.
522 1119 840 1163 Recordaberis
870 1120 1004 1175 igitur
1033 1120 1180 1176 potius
1212 1121 1347 1167 νέφος,
1377 1113 1529 1163 σκότος
1558 1113 1756 1158 θανάτου
1791 1130 1868 1158 no—

167 1204 401 1258 tissimum,
445 1209 489 1247 et
519 1204 751 1259 cogitanda
783 1209 854 1247 est
883 1217 998 1247 mors
1027 1205 1167 1259 qualis
1198 1203 1462 1259 conspicitur
1492 1204 1535 1245 in
1567 1208 1740 1245 mortuo
1774 1202 1870 1256 (alx

166 1289 475 1347 Erscheinung
505 1304 580 1330 am
616 1289 837 1345 Τοᾱιεπ),
881 1303 979 1333 cum
1020 1294 1151 1346 caput
1190 1289 1379 1332 tenebris
1410 1294 1571 1331 tectum
1605 1287 1646 1333 h.
1680 1302 1718 1330 e.
1753 1290 1868 1331 oculi

168 1380 343 1417 aeterna
373 1375 557 1428 caligine
588 1373 692 1417 tecti
723 1379 837 1420 sunt.
913 1374 972 1416 Ut
1004 1381 1143 1429 caput
1173 1370 1364 1415 tenebris
1393 1387 1534 1430 grave
1575 1371 1705 1415 habet
1735 1373 1872 1415 Oedi·

167 1470 248 1513 pus
293 1470 361 1512 ap.
406 1458 578 1500 Sssmzc.
622 1455 845 1498 Phoeniss.
880 1457 985 1497 233.
1059 1455 1136 1497 Sic
1170 1458 1219 1496 ut
1259 1453 1376 1495 aliud
1409 1455 1657 1509 exemplum
1698 1467 1870 1510 ponam.

168 1552 266 1581 cum
297 1538 404 1581 infra
435 1538 514 1591 Ill,
542 1542 586 1590 5,
621 1540 688 1580 16.
721 1537 903 1580 dicitur:
950 1536 1013 1576 Et
1056 1534 1249 1577 nondum
1280 1534 1381 1576 cani
1411 1535 1564 1592 nigros
1596 1535 1762 1577 laesere
1793 1551 1872 1576 ca-

160 1621 323 1678 pillos,
350 1635 430 1663 nec
457 1599 583 1663 venit
614 1620 747 1663 tardo
779 1633 925 1665 curva
949 1626 1128 1662 senecta
1157 1618 1269 1676 pede
1287 1646 1297 1666 ‚
1329 1618 1556 1661 manifesto
1586 1632 1672 1661 non
1703 1621 1872 1673 cogita—

167 1712 239 1748 tur
275 1718 459 1762 persona
488 1705 702 1760 quaedam
732 1707 947 1749 Senectus
988 1706 1050 1748 sic
1093 1704 1332 1756 accedens,
1379 1703 1455 1746 sed
1489 1702 1749 1744 describitur
1778 1703 1871 1757 ipsa

166 1772 314 1830 senilis
336 1792 471 1840 aetaS,
498 1787 637 1842 qualis
660 1787 924 1843 conspicitur
946 1788 987 1829 in
1013 1786 1200 1829 senibus.
1233 1785 1363 1831 Quod
1391 1799 1529 1840 genus
1554 1785 1722 1827 dicendi
1741 1798 1874 1840 saepe

165 1882 252 1912 non
277 1869 669 1912 animadverterunt
696 1869 968 1924 interpretes.
990 1891 1046 1899 -·
1079 1868 1134 1911 V.
1154 1872 1181 1910 Ἰ
1190 1870 1226 1911 1.
1255 1868 1413 1910 iners
1438 1873 1626 1920 aetas,
1657 1873 1873 1919 senectus,

166 1965 250 1996 non
281 1952 438 1995 idonea
467 1953 646 1996 militiae
677 1953 934 2005 amatoriae,
975 1952 1144 2006 qualem
1175 1964 1279 1994 mox
1311 1950 1529 1993 describit.
1562 1973 1621 1980 —
1676 1950 1873 1992 subre-

167 2041 288 2090 pet,
323 2035 382 2079 cf.
407 2036 568 2078 similes
590 2036 703 2079 alias
723 2037 963 2080 locutiones
986 2050 1055 2092 ap.
1078 2037 1292 2079 Rm’nu'r.
1319 2035 1372 2076 ad
1400 2034 1545 2077 Iuven.
1571 2033 1650 2087 IX,
1675 2037 1773 2076 129.
1799 2034 1871 2076 ubi

166 2117 351 2175 obrepit,
382 2124 428 2162 et
453 2119 685 2175 videinfra
709 2121 747 2174 1,
773 2123 844 2167 10,
865 2124 939 2165 40.
955 2145 1016 2154 —
1048 2121 1100 2165 V.
1117 2123 1189 2163 72.
1215 2133 1275 2162 ca
1291 2133 1356 2161 no
1381 2119 1588 2173 capiti,
1621 2123 1669 2158 ut
1699 2121 1875 2172 propter

166 2200 340 2244 codices
369 2202 535 2258 recepit
563 2203 912 2256 meumws,
959 2207 1027 2245 est
1068 2202 1306 2254 ablativuS‚
1353 2199 1714 2255 quemadmodum
1758 2198 1872 2254 apud

168 2285 427 2327 Cunnum
443 2277 780 2339 LXV111,‘124=
810 2286 1007 2328 suscitat
1031 2301 1060 2326 α
1084 2301 1195 2327 cano
1222 2282 1465 2326 volturium
1492 2281 1644 2338 capiti.
1708 2281 1874 2323 Tamen

168 2368 251 2408 iam
281 2367 336 2408 ab
367 2368 463 2409 aliis
492 2367 727 2410 iudicatum
757 2372 826 2410 est
870 2366 979 2410 hanc
1016 2366 1198 2410 formam
1236 2366 1419 2408 alienam
1452 2364 1589 2408 videri
1619 2376 1645 2404 a
1676 2374 1874 2404 sermone

169 2447 344 2499 Tibulli,
376 2449 449 2503 qui
479 2449 586 2491 alias
618 2450 763 2505 capite
795 2448 947 2502 babet,
978 2449 1036 2502 11,
1071 2452 1110 2503 1,
1142 2453 1185 2491 8.
1249 2449 1451 2493 Ceterum
1483 2447 1633 2490 confer
1663 2446 1716 2488 ad
1750 2447 1873 2487 locu-

169 2533 327 2574 tionem
369 2533 544 2575 an‘r.
578 2532 760 2576 Mercat.
791 2532 856 2585 11,
887 2535 932 2585 2,
964 2535 1050 2574 34:
1094 2539 1178 2572 tun
1211 2530 1356 2586 capite
1394 2545 1504 2570 ccmo
1537 2526 1701 2570 amas?
1761 2527 1872 2570 lllud

169 2618 280 2659 enim
312 2617 405 2672 ipse
432 2616 566 2668 vides,
597 2629 683 2658 non
714 2629 811 2660 esse
842 2615 983 2672 capiti
1013 2615 1218 2658 dativum.
1280 2614 1406 2656 Licet
1437 2614 1550 2655 euim
1581 2625 1659 2668 per
1682 2625 1729 2654 se
1752 2614 1871 2653 recte

169 2700 335 2742 dicatur
365 2699 591 2742 blanditias
623 2699 767 2742 dicere
798 2712 907 2742 cano
938 2698 1070 2754 capiti
1103 2698 1179 2749 sic,
1210 2701 1258 2739 ut
1287 2698 1586 2738 Pnommms
1619 2694 1674 2747 11,
1700 2697 1769 2746 18,
1805 2696 1870 2736 18.

171 2781 302 2824 dixit:
347 2781 502 2823 oscula
540 2781 664 2838 ferre
698 2795 838 2822 canae
869 2794 1039 2826 comae,
1082 2785 1225 2822 tamen
1257 2792 1368 2821 nunc
1400 2778 1454 2820 de
1484 2791 1531 2820 se
1572 2776 1762 2830 loquitur
1792 2774 1871 2816 Τί-

170 2865 312 2906 bullus
345 2864 480 2918 (nunc
508 2864 731 2908 tractanda
760 2866 923 2920 Venus,
953 2865 1027 2919 ait,
1060 2865 1132 2907 ubi
1165 2863 1366 2918 frangere
1406 2867 1554 2917 postes
1584 2873 1668 2902 non
1699 2857 1871 2914 pudet),

173 2953 219 2989 et
263 2947 380 3001 loqui
421 2946 578 2999 debet,
623 2947 794 3003 puellae
829 2958 937 2990 vero
966 2951 1236 2990 senectutem
1269 2945 1454 2987 futuram
1488 2943 1631 2999 potius
1662 2941 1872 2983 indirecte

171 3029 414 3083 significare
436 3028 542 3070 satis
565 3026 782 3093 liabesss-
806 3028 860 3072 V.
879 3031 952 3071 73.
976 3028 1249 3084 frangere
1275 3044 1302 3085 p
1317 3033 1490 3071 ostes,
1535 3027 1647 3070 Sunt
1668 3025 1873 3080 irruptio-

171 3126 247 3156 nes
273 3117 512 3155 nocturnae
541 3117 806 3166 amatorum,
836 3113 909 3167 qui
939 3126 1024 3156 non
1050 3113 1225 3156 admissi
1254 3112 1467 3155 interdum
1493 3111 1532 3154 vi
1562 3109 1643 3152 sibi
1677 3109 1786 3151 viam
1817 3106 1871 3148 ad

172 3198 338 3253 puellas
362 3195 585 3238 faciebant.
649 3196 741 3238 Res
764 3209 895 3253 saepe
918 3203 1178 3241 memoratur
1204 3199 1246 3240 in
1274 3197 1439 3252 elegiis.
1461 3218 1515 3227 —
1542 3196 1596 3239 V.
1614 3196 1685 3237 74.
1714 3193 1798 3235 rix
1814 3205 1872 3234 as

174 3282 515 3324 inseruisse.
589 3279 671 3322 Est
701 3279 889 3322 inserere
922 3283 1078 3339 passim
1110 3295 1174 3339 pr.
1206 3282 1379 3335 inserte,
1411 3279 1664 3332 immiscere,
1696 3278 1871 3326 dictum,

174 3364 286 3418 qnod
320 3364 423 3408 vidit
456 3366 874 3417 Wmenunmcums,
904 3365 979 3409 sed
1011 3378 1096 3409 nou
1128 3365 1336 3422 explicuit
1368 3364 1623 3407 accuratius.
1688 3361 1761 3403 Sic
1794 3373 1869 3402 au-
