2158 3750
296 281 395 329 340
664 272 702 321 C
710 268 1134 322 OMMENTAR.
1173 265 1249 319 IN
1288 261 1580 322 Tlss‘ULLI

742 708 1311 771 ELEGIA
1440 710 1542 770 lv.

892 1097 1410 1157 INTRODUCTIO.

289 1286 493 1363 Neaera
538 1322 622 1353 non
663 1309 833 1354 redibat
875 1311 918 1355 in
962 1312 1147 1367 gratiam
1189 1325 1287 1356 cum
1333 1310 1588 1368 Lygdamo,
1641 1309 1719 1354 sed
1775 1307 1844 1354 hic
1885 1322 1997 1356 nunc

296 1397 409 1440 tristi
451 1395 616 1439 somnio
650 1394 852 1438 edoctum
893 1408 944 1438 se
985 1397 1181 1450 queritur
1221 1396 1277 1439 ab
1310 1396 1537 1452 Apolline,
1588 1394 1662 1439 alii
1693 1395 1787 1438 viro
1825 1394 1993 1441 nubere

260 1483 404 1525 'velle
435 1481 639 1538 puellam.
698 1478 984 1535 Exponamus
1023 1481 1195 1535 singula
1240 1458 1459 1526 disertius.
1520 1480 1774 1524 Commotus
1803 1480 1996 1535 graviter

295 1566 437 1608 auimo
467 1569 598 1621 poeta
629 1563 673 1606 in
715 1563 960 1606 exordio
1005 1564 1129 1606 irrita
1162 1570 1259 1607 orat
1290 1564 1396 1607 deos
1426 1569 1476 1607 ut
1502 1564 1588 1606 sint
1618 1564 1828 1607 insomnia
1857 1562 2000 1610 modo-

292 1651 408 1704 visa,
451 1651 582 1693 immo
613 1661 742 1691 vanas
772 1648 878 1691 dicit
912 1648 1140 1703 imagines.
1201 1649 1313 1692 Esse
1346 1650 1461 1692 enim
1490 1650 1657 1692 somnia
1687 1649 1860 1692 omnino
1891 1647 2000 1692 falsa

294 1738 338 1776 et
369 1733 593 1776 mendacia
623 1735 669 1774 et
699 1743 844 1773 errare
876 1728 1098 1784 homines,
1131 1730 1207 1786 qui
1241 1745 1294 1774 ea
1325 1732 1457 1786 vulgo
1487 1733 1675 1788 placent.
1738 1731 1921 1785 Tamen,
1950 1734 2001 1775 ut

292 1822 359 1861 est
391 1816 595 1868 territus,
641 1813 756 1856 redit
789 1813 844 1856 ad
883 1819 986 1855 vota
1026 1814 1137 1856 initii
1186 1819 1478 1870 precaturque
1510 1815 1724 1874 ⁴Hecaten
1755 1819 1804 1856 ut
1833 1819 2000 1859 avertat

292 1904 467 1947 malum.
528 1903 639 1945 Post
670 1899 752 1943 hoc
780 1899 1010 1952 exordium
1043 1900 1086 1942 in
1114 1898 1301 1942 medio
1332 1899 1584 1943 carmine
1610 1899 1823 1944 somnium
1851 1898 1995 1956 ipsum

292 1987 419 2041 quale
450 1985 580 2028 fuerit
609 1988 770 2028 narrat.
847 1984 1116 2039 Apparuisse
1147 1983 1378 2026 dormienti
1408 1983 1608 2027 iuvenem
1637 1983 1865 2038 divinum,
1911 1996 2000 2039 quo

291 2068 398 2112 nihil
442 2068 580 2111 visum
626 2067 682 2108 sit
724 2065 957 2108 formosius
999 2079 1217 2120 unquam,
1265 2067 1492 2109 florentem
1533 2069 1701 2120 aetate,
1747 2065 1994 2110 redimitum

292 2153 440 2205 lauro,
487 2150 684 2192 indutum
726 2150 840 2193 stola
880 2147 1042 2204 Pythia
1085 2155 1132 2192 et
1173 2151 1313 2205 lyram
1354 2154 1590 2195 tenentem.
1650 2149 1736 2192 Hic
1768 2154 1999 2206 postquam

290 2233 499 2289 praelusit
540 2237 670 2275 cantu
710 2233 892 2286 lyraque
934 2231 1079 2274 verbis
1122 2232 1346 2286 dicendis,
1394 2237 1542 2275 narrat
1579 2233 1654 2276 alii
1684 2233 1848 2276 nubere
1881 2235 1993 2279 velle

290 2317 508 2360 Neaeram
537 2316 815 2359 carissimam.
875 2315 1032 2370 Neque
1062 2320 1205 2360 tamen
1237 2316 1442 2374 desperet
1465 2317 1689 2373 hortatur3
1720 2332 1850 2375 posse
1876 2321 1995 2365 flecti

290 2400 477 2442 animum
512 2398 714 2455 precibus
745 2402 791 2441 et
821 2398 999 2441 servitio
1031 2397 1179 2452 fideli,
1210 2399 1253 2441 in
1284 2413 1370 2454 quo
1402 2414 1482 2443 suo
1512 2401 1649 2457 ipsius
1680 2403 1888 2458 exemplo
1918 2415 2000 2459 pro

291 2483 550 2527 documento
581 2484 741 2536 utitur,
787 2483 861 2537 qui
895 2483 1070 2526 Admeti
1102 2483 1320 2538 quondam
1353 2490 1506 2541 captus
1539 2499 1686 2530 amore
1716 2487 1771 2530 ad
1801 2487 1996 2534 infimum

288 2570 404 2611 vitae
436 2581 575 2622 genus
606 2566 896 2610 descenderit.
958 2566 1158 2621 Denique
1189 2568 1364 2622 puellae
1398 2568 1587 2611 nuntiari
1619 2569 1764 2623 iubet,
1796 2572 1994 2626 promitti

288 2651 372 2696 hoc
420 2653 668 2706 coniugium
715 2653 756 2693 ei
800 2651 855 2692 ab
901 2651 1100 2706 Apolline
1142 2652 1264 2706 ipso,
1316 2651 1496 2693 absistat
1542 2652 1628 2693 alia
1673 2665 1850 2708 cupere.
1924 2653 1994 2698 Ita

291 2737 427 2780 deus:
475 2737 615 2779 Poeta
647 2739 794 2777 autem
829 2735 1029 2777 dolenter
1060 2736 1245 2777 affectus
1275 2733 1357 2777 hoc
1388 2734 1582 2787 somnio,
1614 2747 1700 2777 non
1733 2734 1912 2778 credere
1943 2748 1995 2779 se

290 2832 420 2875 posse
460 2818 604 2860 multis
649 2817 791 2860 verbis
835 2822 881 2859 et
928 2817 1187 2871 imaginibus
1219 2815 1405 2858 affirmat
1436 2821 1524 2861 tam
1557 2817 1708 2860 duram
1739 2830 1836 2861 esse
1866 2818 1995 2874 puel-

291 2902 400 2954 lam,
444 2901 686 2954 iterumque
716 2901 922 2955 implorat
953 2900 1059 2943 deos
1091 2905 1140 2943 ut
1170 2902 1212 2943 in
1248 2902 1401 2944 melius
1433 2915 1525 2944 rem
1555 2906 1739 2946 vertant.
1811 2903 1899 2948 Qui
1929 2906 1997 2946 est

291 2986 501 3029 exitus,
564 2984 687 3026 Haec
728 2981 948 3028 hactenus.
1011 2984 1225 3028 Iudicavit
1255 2986 1340 3028 iam
1381 2985 1602 3028 Hermus
1645 2985 1781 3027 multa
1824 2997 1920 3027 esse
1949 2984 1995 3027 in

290 3067 371 3111 hoc
413 3067 626 3120 carmine,
675 3048 787 3121 quae
829 3069 1037 3110 severiori
1082 3069 1249 3111 iudicio
1297 3068 1524 3125 displicere
1567 3069 1760 3124 possint,
1806 3081 1991 3123 quorum

291 3149 501 3203 quaedam
533 3149 686 3200 affert;
738 3148 940 3190 dixerunt
971 3149 1015 3192 in
1046 3149 1227 3192 eandem
1257 3150 1516 3193 sententiam
1547 3151 1739 3194 Vossms
1770 3155 1816 3193 et
1845 3149 1996 3194 Εισιῐ-

291 3243 482 3274 smnms
516 3234 560 3272 et
590 3231 715 3285 plura
745 3230 874 3272 etiam
910 3230 1013 3273 vitia
1047 3231 1320 3274 tractationis
1350 3231 1608 3276 indIcarunt.
1678 3232 1801 3287 Nos,
1845 3238 1895 3276 ut
1925 3236 1995 3276 est

288 3312 399 3355 ratio
429 3313 613 3356 instituti
644 3313 803 3366 nostri,
849 3312 905 3356 de
948 3315 1129 3369 singulis
1172 3315 1280 3358 locis
1314 3315 1425 3358 infra
1457 3317 1500 3359 in
1532 3315 1839 3373 Explicatione
1869 3317 1991 3361 dice-

289 3411 409 3452 mus,
456 3395 524 3441 laic
568 3400 714 3442 autem
759 3398 1122 3456 compositionem
1165 3400 1368 3444 carminis
1398 3401 1570 3445 omnino
1602 3399 1984 3451 considerabimus,
