2158 3750
303 254 370 299 90
694 249 1166 303 COMMENTAR.
1206 251 1284 303 IN
1319 252 1608 305 TIBULLI

299 394 685 449 persequeris
728 393 1093 448 propositum
1128 393 1547 446 intentissime,
1592 393 1734 436 nihil
1778 396 2004 437 omniuo

299 491 363 520 ac
395 491 458 520 ne
490 475 886 520 iusiurandum
919 476 1142 530 quidem
1175 477 1434 531 fugiens,
1477 477 1572 525 ubi
1603 478 1747 519 utile
1779 477 2005 519 videbi-

299 566 400 602 tur.
465 558 682 604 Quodsi
714 559 915 602 tardus
946 561 1066 603 eris
1098 574 1198 603 nec
1229 560 1434 615 quovis
1474 564 1758 615 tempore,
1805 561 2004 613 quavis

298 640 612 698 occasione
649 644 980 696 opportuna
1020 642 1227 694 uteris,
1275 653 1377 683 non
1421 642 1622 696 capies
1666 653 1903 698 pueroS,
1950 646 2006 682 et

299 722 571 765 transibit
607 723 725 766 cito
759 728 922 765 aetas
954 724 1076 767 siue
1107 723 1305 766 fructu
1335 724 1561 766 amoris.

418 807 471 851 V.
503 809 651 851 9-14.
676 853 678 855 ,
713 808 874 851 Mirum
903 809 961 851 sit
990 809 1028 857 si
1059 821 1260 862 carmen,
1290 807 1365 850 ubi
1397 807 1450 850 de
1483 807 1704 863 capiendis
1734 810 1883 865 pueris
1909 810 2007 864 agi-

296 893 392 942 tur,
436 890 692 933 suavitatem
727 902 958 946 puerorum
998 890 1135 946 ipsam
1179 890 1354 932 laudare
1396 890 1617 945 negligat,
1665 894 1844 947 propter
1876 903 2006 945 quam

296 955 508 1018 amantur.
568 973 707 1018 Immo
738 974 794 1017 ab
825 972 907 1017 hac
938 975 1066 1017 laude
1096 975 1264 1018 initium
1296 975 1539 1023 faciendum
1571 975 1665 1019 suit.
1728 973 1860 1022 Quod
1891 986 2005 1017 nunc

295 1055 482 1112 Priapus
514 1057 626 1100 bene
657 1059 720 1101 sic
762 1058 892 1111 facit,
938 1063 988 1100 ut
1030 1060 1203 1103 omnino
1248 1073 1400 1103 cavere
1444 1060 1592 1102 iubeat
1632 1059 1686 1101 ab
1729 1071 1877 1102 eorum
1925 1057 2005 1101 ad-

295 1143 474 1200 spectu,
503 1140 539 1182 si
568 1140 662 1182 fieri
697 1141 860 1195 possit3
892 1141 1016 1182 nimis
1048 1141 1159 1182 enim
1192 1141 1403 1184 lubricum
1436 1155 1534 1184 esse
1565 1155 1641 1185 eos
1669 1142 1910 1197 adspicere.
1935 1147 2005 1175 '—

293 1201 534 1264 credere
566 1227 644 1275 te,
688 1221 729 1265 h.
756 1235 794 1266 e.
826 1221 947 1265 adire
979 1237 1180 1267 securum
1212 1224 1384 1267 turbam
1415 1224 1492 1266 tibi
1523 1225 1838 1279 periculosam,
1881 1225 2004 1277 quasi

294 1305 415 1343 tutus
448 1303 507 1344 sis
540 1303 614 1345 ubi
650 1304 794 1346 omnia
827 1305 954 1360 plena
983 1305 1291 1360 periculorum.
1352 1305 1540 1348 Ubinam
1572 1319 1676 1348 vero
1706 1304 1870 1349 videbit
1899 1317 2006 1348 coe·

296 1389 368 1426 tus
408 1386 518 1427 tales
558 1387 829 1441 puerorum?
890 1386 941 1429 In
987 1401 1142 1443 campo
1187 1388 1376 1442 Martio,
1421 1394 1551 1444 puta,
1595 1389 1670 1432 ubi
1712 1389 2006 1444 gymnasticae

298 1467 633 1510 exercitationes
665 1481 895 1524 puerorum
929 1467 1227 1523 habebantur,
1257 1471 1407 1524 quales
1438 1469 1520 1514 hoc
1550 1473 1648 1514 loco
1680 1476 1892 1514 memorat
1925 1470 2006 1513 Ti-

297 1549 464 1592 bullus:
510 1551 745 1605 equitatio,
793 1552 955 1593 natatio
1000 1551 1044 1593 in
1077 1551 1254 1606 Tiberi,
1299 1552 1386 1596 vid.
1418 1553 1604 1597 HoRA‘r.
1634 1553 1715 1606 111,
1746 1557 1788 1607 7,
1818 1555 1878 1596 25
1908 1566 2003 1607 sqq.

291 1631 404 1674 Add.
435 1632 471 1686 Ι,
499 1636 542 1686 8,
572 1636 601 1681 3
633 1646 727 1688 sqq.
759 1633 839 1687 III,
873 1637 944 1688 12,
976 1639 1019 1679 6.
1051 1638 1126 1689 24,
1157 1639 1231 1678 54.
1264 1636 1341 1690 IV,
1376 1640 1415 1690 l,
1447 1638 1520 1679 fin.
1553 1643 1598 1679 et
1628 1638 1810 1681 Vsscn'r.
1844 1636 1901 1679 de
1930 1637 2000 1678 Re

292 1714 424 1757 Milit.
453 1715 490 1769 l,
525 1718 594 1759 10.
661 1716 782 1759 Haec
812 1717 947 1770 igitur
987 1718 1244 1773 campestria
1275 1718 1421 1761 studia
1453 1732 1566 1761 nunc
1598 1719 1786 1775 respicit.
1849 1718 1926 1761 Sic
1959 1719 2002 1761 in

293 1799 483 1841 Graecia
512 1799 556 1841 in
587 1799 812 1853 gymnasia
843 1804 889 1842 et
918 1801 1157 1855 palaestras
1189 1800 1334 1854 ibant,
1378 1801 1451 1856 qui
1494 1814 1654 1856 pueros
1690 1800 1905 1844 formosos
1935 1801 2001 1844 vi-

290 1880 395 1922 dere
427 1882 671 1938 cupiebant.
692 1907 750 1914 —
781 1896 1007 1926 causam
1038 1882 1274 1939 habent,
1308 1883 1349 1928 h.
1374 1898 1412 1929 e.
1443 1899 1574 1928 causa
1599 1885 1653 1928 iis
1676 1885 1804 1930 inest.
1866 1885 2000 1929 Com-

291 1968 416 2018 parat
445 1964 851 2008 Wunnssnucflms
882 1964 1017 2022 Soph.
1049 1966 1214 2010 Electr.
1241 1970 1358 2011 466:
1401 1964 1453 2010 τό
1483 1963 1568 2026 γάρ
1605 1969 1776 2012 δίκαιον
1810 1964 1887 2012 ov’n
1915 1968 2001 2025 ἔχει

291 2042 416 2099 λόγον
445 2045 606 2105 ἐρίζειν,
634 2049 791 2091 iustam
822 2062 909 2092 non
939 2047 1070 2092 habet
1099 2064 1273 2094 causam
1302 2051 1587 2107 disceptandi,
1620 2057 1666 2094 et
1690 2051 1794 2096 ibid.
1819 2038 2000 2096 351.—

290 2132 346 2174 V.
375 2134 429 2192 11
464 2144 558 2186 sqq.
604 2133 898 2187 angustis,
944 2131 986 2176 h.
1021 2147 1060 2177 e.
1104 2134 1318 2178 adductiS.
1357 2158 1413 2165 —
1459 2135 1755 2191 placidam.
1815 2135 1999 2180 Fallitur

290 2213 560 2256 Huscnnms
573 2216 974 2271 transpositionem:
991 2217 1119 2258 niveo
1129 2216 1357 2273 placidam
1370 2217 1689 2262 commendans.
1719 2217 1996 2262 Manifestum

287 2303 355 2340 est
386 2298 500 2340 enim
530 2302 670 2342 totum
700 2301 842 2343 locum
873 2301 918 2343 in
948 2301 1223 2356 oppositione
1254 2301 1520 2344 diversarum
1552 2313 1697 2344 rerum
1727 2301 1916 2355 versari,
1950 2306 1998 2344 ut

288 2380 419 2422 toties
450 2381 500 2423 fit
530 2382 573 2424 in
605 2382 758 2437 elegia.
821 2383 966 2438 Atque
998 2383 1067 2427 hic
1103 2384 1277 2439 quidem
1311 2398 1424 2440 equo
1456 2385 1637 2442 rapido,
1669 2384 1846 2429 habenis
1875 2399 1997 2429 com-

287 2464 532 2519 pescendo,
577 2467 811 2521 opponitur
853 2468 1022 2522 placida
1052 2483 1178 2524 aqua.
1241 2470 1391 2516 Quare
1422 2469 1670 2512 necessario
1703 2467 1785 2511 hoc
1814 2468 1996 2512 adiecti-

287 2561 385 2590 vum
419 2548 462 2590 in
493 2548 615 2590 initio
648 2551 906 2604 pentametri
938 2564 1035 2594 esse
1069 2551 1214 2594 debet.
1278 2552 1610 2607 Oppositionem
1642 2552 1773 2594 etiam
1805 2551 1996 2596 Vossrus

287 2643 372 2672 non
419 2636 729 2687 perspexerat,
775 2633 846 2686 qui
884 2631 1077 2690 facilem
1121 2647 1184 2689 pr.
1215 2632 1444 2689 placidam
1489 2634 1744 2677 emendavit.
1773 2657 1834 2666 —
1886 2635 1995 2680 Hic

285 2713 462 2768 pellit
507 2726 570 2768 pr.
614 2714 714 2766 quia
758 2714 907 2769 pellit,
954 2715 1056 2758 dum
1097 2717 1232 2772 pellit.
1297 2716 1500 2760 Ceterum
1545 2716 1600 2760 cf.
1642 2717 1722 2771 111,
1755 2721 1799 2772 5,
1827 2721 1902 2762 30.
1933 2739 1993 2752 -·

285 2796 308 2838 f
316 2798 467 2839 ortis
498 2798 765 2851 audacia,
797 2800 995 2842 consulto
1027 2799 1175 2842 addito
1208 2799 1401 2856 epitheto
1433 2801 1487 2843 ad
1520 2802 1764 2856 augendam
1794 2803 1881 2845 vim
1910 2815 1993 2860 op-

241 2882 244 2887 '
284 2882 525 2936 positionis,
559 2895 656 2925 cum
685 2887 916 2937 sequatur:
948 2883 1268 2938 Virgineus
1301 2885 1503 2941 pudor,
1535 2886 1589 2928 cf.
1621 2886 1676 2928 ad
1701 2886 1737 2938 1,
1766 2888 1806 2940 l,
1837 2889 1992 2930 62.—

284 2967 402 3004 stat
433 2968 563 3006 ante
594 2977 798 3018 genas,
834 2963 875 3007 h.
908 2978 947 3007 e.
979 2966 1238 3021 conspicuus
1269 2971 1360 3021 est,
1409 2969 1570 3011 eminet
1603 2969 1645 3011 in
1678 2969 1830 3024 genis,
1860 2973 1992 3025 atque

284 3044 344 3086 ita
376 3044 563 3088 advertit
593 3047 758 3090 oculos.
834 3047 1028 3089 Plurimo
1063 3049 1177 3090 enim
1225 3053 1270 3091 et
1314 3049 1557 3105 largissimo
1589 3051 1748 3094 rubore
1780 3064 1994 3094 verecun-

284 3125 365 3168 dus
395 3128 536 3183 pudor
567 3129 738 3184 obtegit
768 3143 902 3184 genas
933 3131 1167 3186 iuveniles,
1211 3146 1262 3175 ac
1294 3134 1393 3175 talis
1426 3134 1578 3189 plenus
1607 3139 1652 3176 et
1684 3135 1828 3188 largus
1859 3134 1991 3178 rubor

285 3215 375 3264 est,
426 3212 497 3265 qui
539 3225 651 3255 nunc
682 3220 806 3254 stare
839 3213 997 3256 dicitur
1038 3220 1136 3257 ante
1176 3228 1324 3269 genas,
1391 3217 1567 3258 Alienus
1599 3229 1702 3259 vero
1733 3218 1990 3260 Sopnocms

282 3294 326 3335 in
360 3295 574 3348 Antigona
607 3294 750 3337 locus:
787 3290 953 3352 ’'Epwc,
999 3293 1042 3344 ὃς
1081 3299 1121 3338 ἓν
1165 3299 1383 3347 μαλακαῖς
1421 3308 1618 3356 παρειαῖς
1651 3297 1840 3347 νεάνιδος
1873 3302 1990 3342 ἕννυ-

276 3372 439 3429 χειῖεις,
487 3377 540 3421 de
583 3380 743 3422 Amore
785 3385 958 3422 noctem
1000 3382 1042 3422 in
1085 3381 1208 3435 genis
1250 3381 1490 3437 puellarum
1533 3382 1796 3437 transigente
1829 3394 1990 3439 easque
