2158 3750
287 331 386 382 148
681 321 1148 379 COMMENTAR.
1187 321 1262 374 IN
1301 321 1590 376 TIBULLI

288 487 372 530 que
417 473 570 516 festum
615 452 723 513 eius·
750 469 951 511 illustret.
1026 466 1140 511 Nihil
1183 465 1268 510 vidi
1313 467 1355 508 in
1402 478 1483 510 suo
1529 479 1691 522 genere
1731 469 1988 524 exquisitius

288 556 598 609 excogitatum.
659 551 874 593 Nimirum
905 550 978 605 qui
1004 549 1412 603 Tibullumputant
1441 549 1768 606 compositionis
1794 538 1990 607 ffleticae

289 637 561 694 imperitum,
607 634 903 689 maximopere
946 638 1106 676 errant.
1167 632 1238 674 Tu
1282 632 1466 674 observa
1506 630 1577 674 hic
1607 643 1777 675 mecum
1815 639 1989 676 suavem

289 721 636 764 coniunctionem
667 717 919 761 bellicarum
951 721 998 760 et
1027 717 1282 759 rusticarum
1313 727 1483 768 rerum,
1512 713 1612 757 vide
1641 713 1917 769 magnifieum
1947 720 1994 757 et

288 807 539 849 bellicosum
581 802 811 847 exordium
851 802 908 845 de
949 802 1206 857 Aquitaniae
1248 801 1565 854 debellatione,
1610 806 1702 843 tum
1742 804 1992 856 pacatarum

288 892 514 946 regionum
544 889 826 941 varietatem,
875 891 919 930 et
950 887 1140 942 Aegypti
1174 885 1326 928 fertilis
1372 885 1535 928 decora
1566 888 1613 927 et
1641 883 1826 926 Osiridis
1857 883 1995 924 laetas

285 973 435 1017 laudes
464 995 524 1004 —
563 971 619 1015 ad
659 983 790 1012 unum
831 969 974 1012 omnia
1005 969 1222 1011 Messalae
1253 967 1461 1011 honorem
1491 971 1720 1020 revocata,
1774 970 1820 1009 et
1848 964 1995 1022 politi—

286 1070 384 1100 cum
416 1055 559 1100 thema
599 1054 663 1098 sic
701 1057 1038 1108 attemperatum
1077 1053 1243 1095 levitati
1275 1057 1321 1095 et
1351 1051 1554 1095 hilaritati
1586 1051 1825 1094 convivalis
1855 1062 1992 1105 argu-

288 1142 447 1195 menti,
489 1146 539 1183 ut
570 1137 789 1196 pulchrior
819 1137 1021 1180 tractatio
1055 1149 1198 1180 rerum
1229 1137 1304 1180 vix
1335 1138 1474 1193 possit
1504 1136 1688 1193 reperiri
1719 1137 1763 1179 in
1795 1134 1879 1179 hoc
1909 1147 1989 1190 ge-

285 1236 390 1267 nere
436 1233 634 1279 poeseoS.
696 1218 796 1262 Non
845 1222 939 1260 erat
985 1217 1192 1259 bellicosa
1240 1217 1371 1259 Musa
1415 1217 1608 1272 Tibulli,
1655 1217 1734 1261 sed
1779 1217 1836 1260 ad
1881 1218 1992 1260 alios

284 1305 437 1350 modos
476 1304 617 1356 facta3
659 1315 794 1357 quare
836 1306 885 1343 ut
927 1301 1037 1343 alius
1071 1301 1418 1355 magnificentius
1459 1301 1586 1357 epico
1617 1300 1807 1344 carmine
1837 1313 1992 1344 canere

286 1389 519 1432 Messalam
552 1385 769 1442 potuerit,
812 1389 858 1427 at
887 1383 1061 1426 suavius
1104 1388 1150 1426 et
1179 1383 1408 1426 iucundius
1438 1383 1550 1427 dixit
1578 1383 1806 1438 Tibullus,
1849 1389 1894 1426 et
1920 1388 1993 1426 u-

285 1486 386 1516 men
416 1473 478 1514 ita
509 1476 553 1514 et
582 1471 702 1526 ipse,
745 1473 794 1511 ut
824 1468 1021 1524 profecto
1064 1481 1149 1510 non
1190 1466 1414 1510 detriverit
1454 1467 1600 1521 magui
1630 1466 1711 1510 viri
1742 1465 1893 1510 laudes
1922 1466 1992 1509 in-

287 1555 404 1611 genii
449 1554 516 1596 sui
563 1552 705 1607 culpa.
783 1551 926 1604 Atque
974 1551 1036 1591 ita
1083 1549 1302 1605 praestitis
1349 1549 1572 1604 omnibus,
1622 1559 1757 1605 quac>
1781 1546 1991 1607 poafflri

287 1642 512 1695 poterant,
559 1635 753 1690 sequitur
782 1634 966 1688 denique
999 1634 1191 1677 exitus
1222 1633 1435 1676 carminis.
1507 1632 1647 1676 Redis
1673 1636 1823 1689 poeta
1811 1620 1998 1682 Ἠὲῗόἒε

286 1723 426 1766 lenuia
458 1721 569 1773 diei,
612 1723 740 1763 vocat
770 1718 957 1762 Genium
991 1722 1039 1760 ut
1069 1718 1204 1761 sacris
1234 1719 1349 1760 laete
1379 1712 1662 1760 celebrandis
1676 1696 1989 1769 ndaifigaedss
2069 1744 2078 1757 .-

285 1818 370 1859 que
401 1816 481 1859 pro
513 1802 655 1844 futura
684 1801 891 1844 felicitate
924 1804 968 1844 et
1009 1799 1147 1856 gloria
1185 1798 1404 1842 Messalae
1434 1798 1664 1855 redituque
1693 1787 2026 1846 nutum*

287 1890 459 1932 cissimo
490 1892 630 1930 totum
663 1885 839 1929 claudit.
1552 1911 1566 1918 ,.
1622 1907 1629 1919 «
1667 1875 1784 1925 ὶὲτξθῧιι
1806 1891 1817 1899 ’
1852 1864 1995 1928 a&

913 2253 1359 2310 EXPLICATIO.

408 2473 462 2516 V.
504 2471 651 2512 1-12.
715 2467 1046 2512 Exordium.
1110 2449 1535 2512 celebraturus
1565 2467 1707 2513 diem
1737 2471 1987 2514 natalem

286 2554 600 2605 Messalae,
646 2550 874 2594 orditur
914 2565 941 2594 a
985 2564 1193 2594 summa
1232 2555 1289 2594 et
1331 2551 1590 2607 proxima
1636 2552 1756 2597 diei
1800 2553 1986 2608 laude,

285 2652 310 2682 a
352 2636 607 2684 victoria
650 2635 1003 2690 Aquitanica
1043 2642 1178 2678 ante
1219 2634 1451 2690 aliquot
1492 2647 1674 2679 annos
1711 2636 1840 2692 ipso
1884 2634 1994 2686 hoq

281 2723 369 2766 die
408 2724 728 2778 reportata.
1795 2710 1970 2752 2³⁶²?

399 2805 456 2848 V.
489 2807 515 2846 1
547 2817 642 2858 sqq.
704 2802 976 2846 cecinere
1002 2801 1224 2868 Parcae
1255 2798 1462 2844 fatalia
1503 2805 1709 2844 nentes
1737 2801 1985 2848 stamina

281 2895 367 2934 etc.
428 2888 708 2933 Praedixisse
745 2899 859 2940 quae
890 2891 1130 2940 sequuntur
1168 2886 1333 2928 Parcas
1363 2889 1465 2928 ante
1495 2884 1610 2928 diem
1641 2883 1845 2939 natalein
1861 2886 1986 2932 Deu-
2050 2873 2056 2882 ⁸

280 2972 422 3026 salae,
464 2984 506 3014 v.
532 2983 576 3023 c.
606 2969 650 3011 in
681 2967 840 3024 nuptiis
869 2971 1119 3023 parentum,
1162 2972 1213 3009 ut
1241 2966 1356 3022 apud
1389 2966 1650 3012 Cunarum
1683 2969 1738 3013 ἰιι
1757 2955 1989 3026 np'ffls-

279 3055 367 3096 mio
393 3051 591 3095 Thetidis
626 3051 793 3094 canitur
817 3050 872 3093 de
903 3049 1070 3094 Achille
1106 3051 1349 3105 nascituro,
1393 3064 1481 3094 non
1512 3056 1580 3095 est
1611 3048 1984 3110 ριόδίίῦῖῠςᾛ
2064 3060 2067 3062 ’

283 3135 414 3177 verba
442 3135 594 3188 video,
617 3134 747 3176 ‹unde
778 3133 822 3177 id
854 3133 1041 3188 efficias,
1083 3148 1165 3177 nec
1204 3149 1381 3179 causam
1410 3136 1614 3181 idoneam
1650 3120 1981 3184 taliano‘ssbutn‘.

279 3217 416 3261 Immo
448 3219 699 3262 cecinerunt
727 3218 859 3261 natali
891 3218 990 3272 die,
1036 3223 1086 3261 ut
1115 3219 1248 3274 vulgo
1281 3219 1452 3264 solebat
1481 3221 1589 3263 fieri.
1631 3216 1742 3264 'sk
1766 3216 1878 3264 ihfr‘u
1904 3212 1984 3278 IV,
2020 3260 2022 3263 ,

281 3304 326 3356 5,
367 3305 426 3345 3:
490 3304 551 3344 Te
598 3309 807 3348 nascente
853 3315 1016 3345 novum
1057 3305 1249 3345 Parcae.
1283 3302 1476 3346 cecinere
1515 3302 1686 3360 puelli-5
1732 3295 1983 3349 servilianis}
2046 3304 2049 3305 ⁷

279 3384 438 3428 ltmus
470 3384 651 3428 Hrcm.
682 3383 768 3428 fab.
799 3387 910 3428 171:
960 3386 1069 3428 Cum
1111 3394 1229 3429 esset
1271 3394 1411 3429 natus
1443 3385 1697 3444 Meleager,
1743 3375 1985 3431 subitam

279 3466 406 3525 regia
435 3476 747 3525 apparuerunt
777 3470 954 3511 Parcae
970 3496 981 3516 2
1015 3469 1174 3524 clotho
1188 3499 1197 3515 ,
1230 3469 1469 3518 Lachesi-r,
1498 3470 1725 3527 Atropos,
1766 3468 1840 3512 cai
1862 3469 1985 3529 fato
2063 3495 2078 3501 ι

2092 3698 2154 3750 {÷?··
2105 3610 2153 3678 ,εει
2124 3592 2126 3594 -
2101 3465 2154 3578 ·-»εει
2095 3367 2101 3373 ”
2100 3321 2158 3345 ᾖ
