2086 3756
178 222 372 255 cmxxvi
850 203 947 254 DE
985 202 1186 258 POESI

172 354 338 413 anguis
372 353 484 413 iter,
525 346 718 399 dictum
749 345 824 398 ibi
858 358 1076 414 propter
1109 347 1491 415 oppositionem
1522 323 1868 400 immobilium

173 444 400 510 frugum.
498 445 767 495 Postremo
822 440 959 494 addo
1019 441 1273 510 Lygdami
1334 439 1472 494 dicta
1524 442 1628 505 ΠΙ,
1678 447 1740 507 6,
1784 447 1872 494 39.

179 538 382 587 Theseae
414 541 624 604 periuria
661 539 874 601 linguae3
923 538 1017 601 ΙΙΙ,ι
1045 541 1094 601 5,
1132 541 1214 588 13.
1264 541 1459 587 insanae
1494 539 1651 600 iurgia
1684 540 1872 601 mentis;

175 632 251 681 III
263 670 277 695 ‚
316 635 346 681 5
362 668 376 693 ,
413 635 501 681 29.
552 635 617 680 At
662 631 784 680 vobis
834 632 880 681 T
873 649 1015 682 uscae
1063 633 1357 682 celebrantur
1402 634 1595 681 numina
1641 631 1874 698 lymphae,

178 741 311 791 quae
350 726 571 776 observa
619 723 885 792 quomodo
927 723 1220 793 discrepent
1257 743 1287 775 a
1324 725 1523 776 Tibulli
1557 741 1734 787 more,
1783 721 1878 791 qui

177 834 274 867 nec
326 818 530 868 Theseae
575 820 759 884 linguae
805 837 886 887 pr.
934 819 1126 871 Thesei
1165 818 1373 871 videtur
1419 817 1652 869 dicturus
1699 818 1878 876 fuisse,

179 929 274 961 nec
307 916 463 976 iurgia
496 919 681 978 mentis,
720 932 816 964 nec
853 916 1088 965 celebrare
1122 918 1314 965 numina
1347 914 1579 982 lymphae.
1604 939 1676 948 -
1700 963 1702 965 ,
1729 911 1880 961 Tertio

178 1008 277 1057 loco
327 1007 490 1059 affero
545 1010 830 1066 verborum
886 1007 1111 1060 duorum
1174 1007 1609 1060 coniunctionem.
1710 1004 1880 1056 Etiam

179 1102 310 1153 haec
356 1121 512 1170 saepe
556 1103 907 1171 exquisitioris
958 1101 1085 1171 quid
1133 1101 1426 1170 splendoris
1473 1102 1686 1166 habet‚‹
1717 1098 1884 1152 veluti

180 1197 280 1248 hoc
335 1195 528 1248 modo:
598 1198 855 1263 collapsus
909 1195 1136 1260 cecidit‚‘
1183 1197 1388 1247 vibrata
1440 1195 1682 1252 fulmina,
1711 1193 1882 1256 iactat,

182 1288 322 1340 unde
371 1290 428 1340 in
484 1289 566 1340 his
618 1290 934 1340 carminibus
989 1306 1252 1357 perpauca
1302 1297 1505 1340 tantum
1531 1305 1535 1311 ·
1558 1286 1885 1354 simplicioris

181 1385 384 1448 generis
418 1383 778 1435 inveniuntur.
847 1382 982 1435 Dico
1019 1384 1176 1435 haec:
1215 1402 1310 1434 nox
1345 1382 1583 1447 orgilanda
1615 1385 1731 1432 venit
1762 1381 1803 1444 I,
1834 1385 1885 1444 2,

186 1482 286 1541 783
343 1479 575 1528 scelerata
623 1479 757 1529 sedes
803 1482 927 1530 iacet
972 1479 1141 1530 abdita
1187 1479 1213 1528 I
1226 1515 1241 1541 ,
1278 1483 1309 1528 3
1324 1514 1339 1542 ,
1381 1483 1477 1542 673
1533 1485 1668 1545 patet
1713 1484 1888 1544 aperta

184 1572 236 1635 Ι,
275 1575 324 1637 9,
360 1576 457 1637 58;
511 1570 735 1640 denique
772 1572 864 1637 IV,
896 1577 946 1636 3,
980 1578 1070 1623 22.
1115 1573 1306 1623 Incidat
1339 1575 1386 1622 in
1419 1589 1588 1623 saevas
1623 1571 1888 1639 diripienda

170 1667 337 1734 fhraS,
372 1676 433 1717 ut
461 1668 613 1717 etiam
636 1664 936 1735 Lygdamus
972 1664 1103 1716 dixit
1140 1667 1233 1728 III,
1263 1670 1311 1728 6,
1342 1671 1429 1717 28.
1464 1667 1639 1717 Αένίαε
1673 1674 1718 1716 et
1746 1664 1890 1714 nubes

184 1762 450 1829 dirzpienda
478 1759 663 1827 ferant.
746 1759 1047 1811 Notabilior
1089 1761 1271 1810 ceteris
1314 1761 1538 1822 locuti0,
1586 1759 1811 1810 Bacchus
1843 1767 1890 1815 et

183 1857 425 1919 agricolae
459 1873 630 1919 magno
663 1853 877 1922 confecta
911 1855 1072 1904 labore
1104 1855 1312 1905 Pectora
1345 1857 1557 1905 ttistitiae
1592 1852 1892 1909 dissoluenda

186 1950 315 2000 dedit
350 1951 401 2013 Ι,
433 1957 481 2013 7,
518 1950 605 2000 40.
641 1946 705 1998 de
742 1966 847 2016 qua
882 1948 939 1998 in
974 1947 1336 2014 Explicatione
1376 1947 1587 1999 dictum.
1614 1963 1716 1985 ·-“
1759 1943 1892 1998 Aliis

185 2044 243 2092 in
279 2042 407 2093 locis
440 2042 592 2094 verbi
629 2042 707 2095 vis
748 2039 959 2092 adiectis
1001 2043 1204 2092 casibus
1248 2051 1493 2107 augetur,
1541 2051 1600 2092 ut
1634 2043 1790 2091 arenti
1818 2043 1897 2090 sita·

184 2147 388 2200 torrere,
414 2135 554 2203 ferro
588 2138 856 2201 vulnerare,
896 2133 960 2186 de
998 2152 1104 2203 quo
1141 2151 1303 2202 supra
1338 2132 1532 2185 dictum
1569 2145 1620 2186 et
1653 2133 1710 2184 in
1739 2132 1894 2189 Com-

188 2242 405 2282 mentar.
445 2229 510 2282 ad
555 2232 581 2281 I
593 2268 607 2294 ,
644 2236 706 2295 2,
743 2237 855 2292 27.,
909 2230 1003 2280 ubi
1051 2230 1290 2295 exempla
1322 2229 1624 2279 Tibulliana
1676 2226 1894 2281 videbis.

187 2325 279 2375 Est
313 2326 414 2376 hoc
451 2324 666 2375 omnino
702 2340 883 2373 rarum
921 2321 1062 2390 apud
1098 2323 1370 2374 Tibullum
1412 2339 1508 2372 nec
1552 2321 1654 2372 nisi
1697 2321 1756 2371 in
1797 2338 1896 2388 op-

186 2419 446 2486 positione
483 2417 558 2468 fit.
581 2447 655 2457 —
725 2418 795 2467 At
826 2417 1208 2485 frequentiores
1243 2427 1394 2479 sunt,
1431 2433 1559 2484 quas
1589 2425 1761 2484 quarto
1786 2395 1896 2473 loco

186 2512 346 2564 laudo
380 2511 774 2585 cumulationeS‚
809 2509 1061 2564 adiectiva
1088 2512 1269 2562 similis
1303 2513 1532 2573 notionis
1561 2511 1897 2567 substantivis

191 2604 394 2669 addita,
443 2624 497 2657 v.
527 2624 570 2656 c.
603 2609 754 2655 tristes
802 2606 1058 2668 lacrimae,
1112 2604 1176 2655 de
1225 2623 1330 2672 qua
1371 2622 1428 2655 re
1477 2621 1636 2671 supra
1685 2602 1896 2668 dictum,

192 2710 244 2751 et
275 2699 532 2766 prolepsis
570 2696 943 2749 adiectivorum
978 2709 1028 2748 et
1052 2699 1167 2764 ipsa
1199 2715 1357 2764 supra
1381 2708 1693 2761 memorata,
1733 2713 1897 2764 porro

192 2782 487 2845 coniunctio
529 2790 767 2845 adverbii
803 2802 852 2842 et
886 2789 1126 2843 adiectivi
1161 2792 1339 2843 similis
1378 2792 1639 2856 notionis,
1676 2801 1739 2846 ut
1772 2793 1897 2842 clam

191 2893 432 2940 taciturna
467 2891 607 2950 venit,
656 2887 726 2936 ad
760 2888 962 2936 occultos
983 2885 1159 2952 furtim
1197 2887 1399 2937 deducet
1434 2891 1638 2950 amicoS,
1689 2884 1754 2936 de
1793 2903 1899 2955 qua

194 2985 389 3038 dictum
425 2982 490 3034 ad
526 2985 566 3048 I,
596 2988 643 3048 5,
675 2988 782 3047 65.,
820 2981 1046 3051 denique
1085 2982 1310 3034 duorum
1345 2982 1720 3036 adiectivorum
1756 2984 1900 3035 simi-

190 3080 323 3130 lium
350 3077 556 3130 duobus
580 3076 912 3129 substantivis
935 3076 1234 3128 iunctorum
1259 3078 1563 3145 compositio
1576 3115 1592 3142 ‚
1633 3087 1694 3128 ut
1719 3077 1760 3142 I,
1780 3083 1829 3142 8,
1847 3083 1899 3129 2.

195 3179 298 3227 miti
327 3177 448 3225 lenia
487 3174 629 3224 verba
661 3191 771 3223 sono
785 3211 802 3237 ,
854 3171 982 3226 ibid.
1019 3174 1106 3223 42.
1153 3175 1271 3223 Cum
1307 3184 1431 3224 vetus
1475 3174 1630 3239 injecit
1663 3192 1790 3224 cana
1822 3192 1898 3225 se-

195 3280 333 3323 necta
367 3278 538 3338 caput,
590 3278 641 3320 et
678 3267 718 3333 Ι,
750 3272 800 3333 3,
828 3267 915 3319 48.
954 3270 1131 3319 Immiti
1158 3286 1322 3319 saevus
1356 3270 1563 3321 duxerat
1599 3279 1704 3320 arte
1732 3268 1899 3336 faber.
