<?xml version="1.0" encoding="UTF-8"?>
<!DOCTYPE html PUBLIC "-//W3C//DTD XHTML 1.0 Transitional//EN"
    "http://www.w3.org/TR/xhtml1/DTD/xhtml1-transitional.dtd">
<html xmlns="http://www.w3.org/1999/xhtml" xml:lang="en" lang="en">
 <head>
  <title>
</title>
<meta http-equiv="Content-Type" content="text/html;charset=utf-8" />
  <meta name='ocr-system' content='tesseract 3.04.00' />
  <meta name='ocr-capabilities' content='ocr_page ocr_carea ocr_par ocr_line ocrx_word'/>
</head>
<body>
  <div class='ocr_page' id='page_1' title='image "./carminaexrecensi01tibuuoft_0461.png"; bbox 0 0 2158 3750; ppageno 0'>
   <div class='ocr_carea' id='block_1_1' title="bbox 697 269 1900 331">
    <p class='ocr_par' dir='ltr' id='par_1_1' title="bbox 697 269 1900 331">
     <span class='ocr_line' id='line_1_1' title="bbox 697 269 1900 331; baseline 0.007 -9"><span class='ocrx_word' id='word_1_1' title='bbox 697 269 878 322; x_wconf 87' lang='lat' dir='ltr'>LlBR.</span> <span class='ocrx_word' id='word_1_2' title='bbox 917 271 957 320; x_wconf 92' lang='lat'>1.</span> <span class='ocrx_word' id='word_1_3' title='bbox 1030 270 1234 323; x_wconf 85' lang='lat' dir='ltr'><strong>ELEG.</strong></span> <span class='ocrx_word' id='word_1_4' title='bbox 1271 271 1364 323; x_wconf 87' lang='lat' dir='ltr'>VI.</span> <span class='ocrx_word' id='word_1_5' title='bbox 1804 285 1900 331; x_wconf 80' lang='lat'>129</span> 
     </span>
    </p>
   </div>
   <div class='ocr_carea' id='block_1_2' title="bbox 182 411 1900 3470">
    <p class='ocr_par' dir='ltr' id='par_1_2' title="bbox 182 411 1900 3470">
     <span class='ocr_line' id='line_1_2' title="bbox 200 411 1899 462; baseline 0.001 -2"><span class='ocrx_word' id='word_1_6' title='bbox 200 418 345 460; x_wconf 83' lang='lat' dir='ltr'>Venus</span> <span class='ocrx_word' id='word_1_7' title='bbox 386 415 559 459; x_wconf 86' lang='lat' dir='ltr'>afficere</span> <span class='ocrx_word' id='word_1_8' title='bbox 601 414 714 457; x_wconf 85' lang='lat' dir='ltr'>solet</span> <span class='ocrx_word' id='word_1_9' title='bbox 755 411 922 456; x_wconf 87' lang='lat' dir='ltr'>infidas.</span> <span class='ocrx_word' id='word_1_10' title='bbox 1001 412 1133 456; x_wconf 86' lang='lat' dir='ltr'>Vides</span> <span class='ocrx_word' id='word_1_11' title='bbox 1165 427 1220 457; x_wconf 77' lang='lat' dir='ltr'>ex</span> <span class='ocrx_word' id='word_1_12' title='bbox 1252 411 1333 458; x_wconf 89' lang='lat' dir='ltr'>hac</span> <span class='ocrx_word' id='word_1_13' title='bbox 1365 418 1635 461; x_wconf 87' lang='lat' dir='ltr'>enarratione</span> <span class='ocrx_word' id='word_1_14' title='bbox 1665 419 1899 462; x_wconf 87' lang='lat' dir='ltr'>secundam</span> 
     </span>
     <span class='ocr_line' id='line_1_3' title="bbox 195 495 1899 556; baseline 0.001 -14"><span class='ocrx_word' id='word_1_15' title='bbox 195 504 363 556; x_wconf 88' lang='lat' dir='ltr'>partem</span> <span class='ocrx_word' id='word_1_16' title='bbox 395 497 563 552; x_wconf 86' lang='lat' dir='ltr'>elegiae</span> <span class='ocrx_word' id='word_1_17' title='bbox 594 495 782 539; x_wconf 81' lang='lat' dir='ltr'>maxime</span> <span class='ocrx_word' id='word_1_18' title='bbox 811 497 856 536; x_wconf 87' lang='lat' dir='ltr'>iu</span> <span class='ocrx_word' id='word_1_19' title='bbox 888 498 1036 550; x_wconf 89' lang='lat' dir='ltr'>poenis</span> <span class='ocrx_word' id='word_1_20' title='bbox 1068 496 1222 539; x_wconf 88' lang='lat' dir='ltr'>divinis</span> <span class='ocrx_word' id='word_1_21' title='bbox 1253 498 1459 544; x_wconf 72' lang='lat' dir='ltr'>perfidiae</span> <span class='ocrx_word' id='word_1_22' title='bbox 1497 500 1766 544; x_wconf 83' lang='lat' dir='ltr'>declarandis</span> <span class='ocrx_word' id='word_1_23' title='bbox 1798 515 1899 545; x_wconf 82' lang='lat' dir='ltr'>ver-</span> 
     </span>
     <span class='ocr_line' id='line_1_4' title="bbox 193 580 1896 646; baseline 0.002 -22"><span class='ocrx_word' id='word_1_24' title='bbox 193 585 307 638; x_wconf 82' lang='lat' dir='ltr'>sari3</span> <span class='ocrx_word' id='word_1_25' title='bbox 353 584 536 640; x_wconf 85' lang='lat' dir='ltr'>primum</span> <span class='ocrx_word' id='word_1_26' title='bbox 579 583 693 624; x_wconf 91' lang='lat' dir='ltr'>enim</span> <span class='ocrx_word' id='word_1_27' title='bbox 733 580 956 623; x_wconf 87' lang='lat' dir='ltr'>oraculum</span> <span class='ocrx_word' id='word_1_28' title='bbox 1001 580 1213 622; x_wconf 79' lang='lat' dir='ltr'>Bellonae</span> <span class='ocrx_word' id='word_1_29' title='bbox 1260 585 1493 637; x_wconf 89' lang='lat' dir='ltr'>tractatur,</span> <span class='ocrx_word' id='word_1_30' title='bbox 1542 585 1586 627; x_wconf 93' lang='lat' dir='ltr'>in</span> <span class='ocrx_word' id='word_1_31' title='bbox 1625 586 1711 628; x_wconf 90' lang='lat' dir='ltr'>fine</span> <span class='ocrx_word' id='word_1_32' title='bbox 1752 590 1896 646; x_wconf 75' lang='lat' dir='ltr'>autem</span> 
     </span>
     <span class='ocr_line' id='line_1_5' title="bbox 193 663 1897 725; baseline 0 -13"><span class='ocrx_word' id='word_1_33' title='bbox 193 670 432 712; x_wconf 89' lang='lat' dir='ltr'>communis</span> <span class='ocrx_word' id='word_1_34' title='bbox 483 666 710 709; x_wconf 86' lang='lat' dir='ltr'>infidarum</span> <span class='ocrx_word' id='word_1_35' title='bbox 755 663 980 706; x_wconf 86' lang='lat' dir='ltr'>mulierum</span> <span class='ocrx_word' id='word_1_36' title='bbox 1031 663 1076 704; x_wconf 89' lang='lat' dir='ltr'>in</span> <span class='ocrx_word' id='word_1_37' title='bbox 1127 669 1352 707; x_wconf 84' lang='lat' dir='ltr'>senectute</span> <span class='ocrx_word' id='word_1_38' title='bbox 1404 668 1576 710; x_wconf 88' lang='lat' dir='ltr'>miseria</span> <span class='ocrx_word' id='word_1_39' title='bbox 1630 670 1897 725; x_wconf 82' lang='lat' dir='ltr'>proponitur,</span> 
     </span>
     <span class='ocr_line' id='line_1_6' title="bbox 192 743 1897 807; baseline 0.002 -14"><span class='ocrx_word' id='word_1_40' title='bbox 192 765 322 806; x_wconf 89' lang='lat' dir='ltr'>quam</span> <span class='ocrx_word' id='word_1_41' title='bbox 351 751 498 793; x_wconf 84' lang='lat' dir='ltr'>Venus</span> <span class='ocrx_word' id='word_1_42' title='bbox 529 748 685 800; x_wconf 83' lang='lat' dir='ltr'>mittit3</span> <span class='ocrx_word' id='word_1_43' title='bbox 726 759 826 788; x_wconf 89' lang='lat' dir='ltr'>uam</span> <span class='ocrx_word' id='word_1_44' title='bbox 857 747 990 788; x_wconf 92' lang='lat' dir='ltr'>etiam</span> <span class='ocrx_word' id='word_1_45' title='bbox 1022 743 1128 788; x_wconf 87' lang='lat' dir='ltr'>haec</span> <span class='ocrx_word' id='word_1_46' title='bbox 1159 752 1339 802; x_wconf 90' lang='lat' dir='ltr'>propter</span> <span class='ocrx_word' id='word_1_47' title='bbox 1367 750 1537 792; x_wconf 86' lang='lat' dir='ltr'>Deliam</span> <span class='ocrx_word' id='word_1_48' title='bbox 1569 750 1654 794; x_wconf 89' lang='lat' dir='ltr'>dici</span> <span class='ocrx_word' id='word_1_49' title='bbox 1685 753 1781 807; x_wconf 91' lang='lat' dir='ltr'>quis</span> <span class='ocrx_word' id='word_1_50' title='bbox 1813 766 1897 796; x_wconf 90' lang='lat' dir='ltr'>non</span> 
     </span>
     <span class='ocr_line' id='line_1_7' title="bbox 191 828 1896 887; baseline 0.003 -11"><span class='ocrx_word' id='word_1_51' title='bbox 191 832 345 876; x_wconf 68' lang='lat' dir='ltr'>videt?</span> <span class='ocrx_word' id='word_1_52' title='bbox 403 833 524 875; x_wconf 89' lang='lat' dir='ltr'>Inter</span> <span class='ocrx_word' id='word_1_53' title='bbox 554 829 632 873; x_wconf 85' lang='lat' dir='ltr'>hos</span> <span class='ocrx_word' id='word_1_54' title='bbox 662 829 772 871; x_wconf 88' lang='lat' dir='ltr'>duos</span> <span class='ocrx_word' id='word_1_55' title='bbox 802 829 923 871; x_wconf 86' lang='lat' dir='ltr'>locos</span> <span class='ocrx_word' id='word_1_56' title='bbox 954 830 1108 870; x_wconf 89' lang='lat' dir='ltr'>tertius</span> <span class='ocrx_word' id='word_1_57' title='bbox 1139 828 1326 884; x_wconf 90' lang='lat' dir='ltr'>denique</span> <span class='ocrx_word' id='word_1_58' title='bbox 1357 831 1636 887; x_wconf 87' lang='lat' dir='ltr'>interpositus</span> <span class='ocrx_word' id='word_1_59' title='bbox 1664 842 1730 878; x_wconf 90' lang='lat' dir='ltr'>est</span> <span class='ocrx_word' id='word_1_60' title='bbox 1761 838 1896 881; x_wconf 86' lang='lat' dir='ltr'>lenior</span> 
     </span>
     <span class='ocr_line' id='line_1_8' title="bbox 192 907 1896 966; baseline 0.004 -9"><span class='ocrx_word' id='word_1_61' title='bbox 192 920 239 958; x_wconf 86' lang='lat' dir='ltr'>et</span> <span class='ocrx_word' id='word_1_62' title='bbox 267 914 433 966; x_wconf 86' lang='lat' dir='ltr'>mitior,</span> <span class='ocrx_word' id='word_1_63' title='bbox 473 913 548 954; x_wconf 91' lang='lat' dir='ltr'>ubi</span> <span class='ocrx_word' id='word_1_64' title='bbox 577 923 663 953; x_wconf 90' lang='lat' dir='ltr'>non</span> <span class='ocrx_word' id='word_1_65' title='bbox 693 909 842 952; x_wconf 87' lang='lat' dir='ltr'>laudat</span> <span class='ocrx_word' id='word_1_66' title='bbox 869 907 1044 963; x_wconf 92' lang='lat' dir='ltr'>quidem</span> <span class='ocrx_word' id='word_1_67' title='bbox 1076 910 1295 965; x_wconf 81' lang='lat' dir='ltr'>puellam,</span> <span class='ocrx_word' id='word_1_68' title='bbox 1325 911 1401 953; x_wconf 89' lang='lat' dir='ltr'>sed</span> <span class='ocrx_word' id='word_1_69' title='bbox 1437 918 1581 957; x_wconf 85' lang='lat' dir='ltr'>tamen</span> <span class='ocrx_word' id='word_1_70' title='bbox 1608 917 1715 960; x_wconf 88' lang='lat' dir='ltr'>iram</span> <span class='ocrx_word' id='word_1_71' title='bbox 1747 932 1794 962; x_wconf 88' lang='lat' dir='ltr'>se</span> <span class='ocrx_word' id='word_1_72' title='bbox 1825 933 1896 964; x_wconf 91' lang='lat' dir='ltr'>re—</span> 
     </span>
     <span class='ocr_line' id='line_1_9' title="bbox 189 992 1897 1057; baseline 0.002 -16"><span class='ocrx_word' id='word_1_73' title='bbox 189 999 362 1041; x_wconf 82' lang='lat' dir='ltr'>mittere</span> <span class='ocrx_word' id='word_1_74' title='bbox 392 996 497 1038; x_wconf 85' lang='lat' dir='ltr'>dicit</span> <span class='ocrx_word' id='word_1_75' title='bbox 527 998 705 1050; x_wconf 88' lang='lat' dir='ltr'>propter</span> <span class='ocrx_word' id='word_1_76' title='bbox 734 996 944 1046; x_wconf 87' lang='lat' dir='ltr'>matrem,</span> <span class='ocrx_word' id='word_1_77' title='bbox 992 997 1036 1035; x_wconf 90' lang='lat' dir='ltr'>et</span> <span class='ocrx_word' id='word_1_78' title='bbox 1077 992 1160 1036; x_wconf 90' lang='lat' dir='ltr'>sibi</span> <span class='ocrx_word' id='word_1_79' title='bbox 1205 993 1335 1035; x_wconf 88' lang='lat' dir='ltr'>etiam</span> <span class='ocrx_word' id='word_1_80' title='bbox 1376 1007 1550 1038; x_wconf 85' lang='lat' dir='ltr'>severas</span> <span class='ocrx_word' id='word_1_81' title='bbox 1594 998 1716 1052; x_wconf 79' lang='lat' dir='ltr'>leges</span> <span class='ocrx_word' id='word_1_82' title='bbox 1757 1002 1897 1057; x_wconf 87' lang='lat' dir='ltr'>impo-</span> 
     </span>
     <span class='ocr_line' id='line_1_10' title="bbox 191 1074 1896 1132; baseline 0.002 -11"><span class='ocrx_word' id='word_1_83' title='bbox 191 1091 323 1130; x_wconf 64' lang='lat' dir='ltr'>nem,</span> <span class='ocrx_word' id='word_1_84' title='bbox 373 1077 436 1119; x_wconf 89' lang='lat' dir='ltr'>sic</span> <span class='ocrx_word' id='word_1_85' title='bbox 467 1075 659 1119; x_wconf 86' lang='lat' dir='ltr'>favorem</span> <span class='ocrx_word' id='word_1_86' title='bbox 689 1074 843 1119; x_wconf 84' lang='lat' dir='ltr'>Deliae</span> <span class='ocrx_word' id='word_1_87' title='bbox 874 1077 1046 1130; x_wconf 81' lang='lat' dir='ltr'>captat,</span> <span class='ocrx_word' id='word_1_88' title='bbox 1087 1074 1127 1117; x_wconf 86' lang='lat' dir='ltr'>si</span> <span class='ocrx_word' id='word_1_89' title='bbox 1157 1085 1208 1117; x_wconf 88' lang='lat' dir='ltr'>ea</span> <span class='ocrx_word' id='word_1_90' title='bbox 1239 1075 1379 1130; x_wconf 88' lang='lat' dir='ltr'>ipsum</span> <span class='ocrx_word' id='word_1_91' title='bbox 1412 1082 1608 1132; x_wconf 86' lang='lat' dir='ltr'>paratum</span> <span class='ocrx_word' id='word_1_92' title='bbox 1640 1081 1785 1124; x_wconf 89' lang='lat' dir='ltr'>videat</span> <span class='ocrx_word' id='word_1_93' title='bbox 1816 1083 1896 1125; x_wconf 90' lang='lat' dir='ltr'>du-</span> 
     </span>
     <span class='ocr_line' id='line_1_11' title="bbox 191 1159 1895 1215; baseline 0.004 -14"><span class='ocrx_word' id='word_1_94' title='bbox 191 1160 380 1203; x_wconf 84' lang='lat' dir='ltr'>rissimas</span> <span class='ocrx_word' id='word_1_95' title='bbox 410 1171 574 1215; x_wconf 87' lang='lat' dir='ltr'>poenas</span> <span class='ocrx_word' id='word_1_96' title='bbox 603 1159 776 1212; x_wconf 90' lang='lat' dir='ltr'>subire,</span> <span class='ocrx_word' id='word_1_97' title='bbox 809 1162 979 1200; x_wconf 85' lang='lat' dir='ltr'>amatae</span> <span class='ocrx_word' id='word_1_98' title='bbox 1009 1170 1114 1201; x_wconf 88' lang='lat' dir='ltr'>vero</span> <span class='ocrx_word' id='word_1_99' title='bbox 1145 1171 1325 1213; x_wconf 84' lang='lat' dir='ltr'>parcere</span> <span class='ocrx_word' id='word_1_100' title='bbox 1354 1161 1468 1204; x_wconf 89' lang='lat' dir='ltr'>velle</span> <span class='ocrx_word' id='word_1_101' title='bbox 1498 1163 1710 1207; x_wconf 85' lang='lat' dir='ltr'>manibus.</span> <span class='ocrx_word' id='word_1_102' title='bbox 1770 1168 1895 1211; x_wconf 81' lang='lat' dir='ltr'>Quae</span> 
     </span>
     <span class='ocr_line' id='line_1_12' title="bbox 189 1242 1898 1302; baseline 0.003 -16"><span class='ocrx_word' id='word_1_103' title='bbox 189 1243 363 1299; x_wconf 90' lang='lat' dir='ltr'>quidem</span> <span class='ocrx_word' id='word_1_104' title='bbox 406 1256 491 1286; x_wconf 90' lang='lat' dir='ltr'>non</span> <span class='ocrx_word' id='word_1_105' title='bbox 533 1242 766 1285; x_wconf 86' lang='lat' dir='ltr'>blanditiae</span> <span class='ocrx_word' id='word_1_106' title='bbox 806 1243 960 1284; x_wconf 89' lang='lat' dir='ltr'>molles</span> <span class='ocrx_word' id='word_1_107' title='bbox 1001 1246 1125 1295; x_wconf 88' lang='lat' dir='ltr'>sunt,</span> <span class='ocrx_word' id='word_1_108' title='bbox 1172 1242 1250 1284; x_wconf 89' lang='lat' dir='ltr'>sed</span> <span class='ocrx_word' id='word_1_109' title='bbox 1292 1247 1435 1286; x_wconf 86' lang='lat' dir='ltr'>tamen</span> <span class='ocrx_word' id='word_1_110' title='bbox 1477 1251 1682 1299; x_wconf 91' lang='lat' dir='ltr'>quantum</span> <span class='ocrx_word' id='word_1_111' title='bbox 1725 1248 1898 1302; x_wconf 88' lang='lat' dir='ltr'>quidem</span> 
     </span>
     <span class='ocr_line' id='line_1_13' title="bbox 189 1323 1898 1381; baseline 0.003 -13"><span class='ocrx_word' id='word_1_112' title='bbox 189 1324 314 1368; x_wconf 79' lang='lat' dir='ltr'>huius</span> <span class='ocrx_word' id='word_1_113' title='bbox 357 1325 525 1379; x_wconf 84' lang='lat' dir='ltr'>elegiae</span> <span class='ocrx_word' id='word_1_114' title='bbox 570 1324 784 1367; x_wconf 87' lang='lat' dir='ltr'>acerbitas</span> <span class='ocrx_word' id='word_1_115' title='bbox 830 1323 1019 1379; x_wconf 89' lang='lat' dir='ltr'>patitur,</span> <span class='ocrx_word' id='word_1_116' title='bbox 1064 1327 1450 1378; x_wconf 86' lang='lat' dir='ltr'>temperamentum</span> <span class='ocrx_word' id='word_1_117' title='bbox 1494 1333 1664 1381; x_wconf 83' lang='lat' dir='ltr'>gratum</span> <span class='ocrx_word' id='word_1_118' title='bbox 1711 1331 1898 1373; x_wconf 86' lang='lat' dir='ltr'>afferunt</span> 
     </span>
     <span class='ocr_line' id='line_1_14' title="bbox 186 1395 1894 1468; baseline 0.002 -16"><span class='ocrx_word' id='word_1_119' title='bbox 186 1410 344 1452; x_wconf 90' lang='lat' dir='ltr'>ceteris</span> <span class='ocrx_word' id='word_1_120' title='bbox 387 1408 632 1451; x_wconf 87' lang='lat' dir='ltr'>durioribus</span> <span class='ocrx_word' id='word_1_121' title='bbox 673 1408 815 1451; x_wconf 87' lang='lat' dir='ltr'>verbis</span> <span class='ocrx_word' id='word_1_122' title='bbox 855 1411 900 1450; x_wconf 90' lang='lat' dir='ltr'>et</span> <span class='ocrx_word' id='word_1_123' title='bbox 940 1420 1133 1450; x_wconf 88' lang='lat' dir='ltr'>amorem</span> <span class='ocrx_word' id='word_1_124' title='bbox 1163 1412 1380 1451; x_wconf 85' lang='lat' dir='ltr'>testantur</span> <span class='ocrx_word' id='word_1_125' title='bbox 1412 1395 1644 1454; x_wconf 85' lang='lat' dir='ltr'>etiamnum</span> <span class='ocrx_word' id='word_1_126' title='bbox 1677 1426 1894 1468; x_wconf 86' lang='lat' dir='ltr'>magnum.</span> 
     </span>
     <span class='ocr_line' id='line_1_15' title="bbox 189 1483 1896 1551; baseline 0.002 -16"><span class='ocrx_word' id='word_1_127' title='bbox 189 1494 332 1547; x_wconf 82' lang='lat' dir='ltr'>Atque</span> <span class='ocrx_word' id='word_1_128' title='bbox 358 1490 465 1534; x_wconf 90' lang='lat' dir='ltr'>haec</span> <span class='ocrx_word' id='word_1_129' title='bbox 496 1483 669 1546; x_wconf 82' lang='lat' dir='ltr'>quidem</span> <span class='ocrx_word' id='word_1_130' title='bbox 701 1489 890 1532; x_wconf 87' lang='lat' dir='ltr'>secunda</span> <span class='ocrx_word' id='word_1_131' title='bbox 922 1502 1022 1544; x_wconf 88' lang='lat' dir='ltr'>pars</span> <span class='ocrx_word' id='word_1_132' title='bbox 1054 1493 1134 1531; x_wconf 85' lang='lat' dir='ltr'>est.</span> <span class='ocrx_word' id='word_1_133' title='bbox 1198 1490 1371 1544; x_wconf 87' lang='lat' dir='ltr'>Collige</span> <span class='ocrx_word' id='word_1_134' title='bbox 1404 1505 1514 1535; x_wconf 89' lang='lat' dir='ltr'>nunc</span> <span class='ocrx_word' id='word_1_135' title='bbox 1546 1508 1657 1547; x_wconf 89' lang='lat' dir='ltr'>quae</span> <span class='ocrx_word' id='word_1_136' title='bbox 1691 1498 1896 1551; x_wconf 83' lang='lat' dir='ltr'>exposui-</span> 
     </span>
     <span class='ocr_line' id='line_1_16' title="bbox 185 1573 1898 1629; baseline 0.003 -12"><span class='ocrx_word' id='word_1_137' title='bbox 185 1588 294 1617; x_wconf 87' lang='lat' dir='ltr'>mus.</span> <span class='ocrx_word' id='word_1_138' title='bbox 353 1576 547 1618; x_wconf 88' lang='lat' dir='ltr'>Primum</span> <span class='ocrx_word' id='word_1_139' title='bbox 577 1574 632 1617; x_wconf 89' lang='lat' dir='ltr'>de</span> <span class='ocrx_word' id='word_1_140' title='bbox 663 1573 860 1617; x_wconf 85' lang='lat' dir='ltr'>custodia</span> <span class='ocrx_word' id='word_1_141' title='bbox 889 1573 1017 1625; x_wconf 89' lang='lat' dir='ltr'>dicit,</span> <span class='ocrx_word' id='word_1_142' title='bbox 1064 1585 1284 1628; x_wconf 83' lang='lat' dir='ltr'>exponens</span> <span class='ocrx_word' id='word_1_143' title='bbox 1316 1574 1492 1629; x_wconf 84' lang='lat' dir='ltr'>pulchre</span> <span class='ocrx_word' id='word_1_144' title='bbox 1524 1576 1648 1619; x_wconf 87' lang='lat' dir='ltr'>dolos</span> <span class='ocrx_word' id='word_1_145' title='bbox 1679 1579 1820 1621; x_wconf 83' lang='lat' dir='ltr'>varios</span> <span class='ocrx_word' id='word_1_146' title='bbox 1854 1585 1898 1622; x_wconf 91' lang='lat' dir='ltr'>et</span> 
     </span>
     <span class='ocr_line' id='line_1_17' title="bbox 185 1657 1896 1718; baseline 0.002 -17"><span class='ocrx_word' id='word_1_147' title='bbox 185 1664 301 1701; x_wconf 90' lang='lat' dir='ltr'>artes</span> <span class='ocrx_word' id='word_1_148' title='bbox 330 1659 485 1714; x_wconf 85' lang='lat' dir='ltr'>quibus</span> <span class='ocrx_word' id='word_1_149' title='bbox 514 1659 610 1715; x_wconf 89' lang='lat' dir='ltr'>ipse</span> <span class='ocrx_word' id='word_1_150' title='bbox 639 1658 841 1701; x_wconf 84' lang='lat' dir='ltr'>fefellerit</span> <span class='ocrx_word' id='word_1_151' title='bbox 869 1657 1069 1700; x_wconf 89' lang='lat' dir='ltr'>maritum</span> <span class='ocrx_word' id='word_1_152' title='bbox 1109 1661 1154 1699; x_wconf 90' lang='lat' dir='ltr'>et</span> <span class='ocrx_word' id='word_1_153' title='bbox 1186 1670 1297 1700; x_wconf 92' lang='lat' dir='ltr'>nunc</span> <span class='ocrx_word' id='word_1_154' title='bbox 1329 1660 1473 1714; x_wconf 87' lang='lat' dir='ltr'>puella</span> <span class='ocrx_word' id='word_1_155' title='bbox 1503 1662 1657 1703; x_wconf 86' lang='lat' dir='ltr'>callida</span> <span class='ocrx_word' id='word_1_156' title='bbox 1698 1663 1762 1704; x_wconf 88' lang='lat' dir='ltr'>uti</span> <span class='ocrx_word' id='word_1_157' title='bbox 1795 1676 1896 1718; x_wconf 90' lang='lat' dir='ltr'>pos-</span> 
     </span>
     <span class='ocr_line' id='line_1_18' title="bbox 190 1740 1898 1798; baseline 0.003 -14"><span class='ocrx_word' id='word_1_158' title='bbox 190 1743 246 1786; x_wconf 90' lang='lat' dir='ltr'>sit</span> <span class='ocrx_word' id='word_1_159' title='bbox 280 1743 323 1786; x_wconf 88' lang='lat' dir='ltr'>in</span> <span class='ocrx_word' id='word_1_160' title='bbox 354 1744 438 1786; x_wconf 86' lang='lat' dir='ltr'>alia</span> <span class='ocrx_word' id='word_1_161' title='bbox 466 1756 540 1796; x_wconf 91' lang='lat' dir='ltr'>re,</span> <span class='ocrx_word' id='word_1_162' title='bbox 586 1743 864 1798; x_wconf 88' lang='lat' dir='ltr'>postulatque</span> <span class='ocrx_word' id='word_1_163' title='bbox 895 1743 1124 1784; x_wconf 86' lang='lat' dir='ltr'>maximam</span> <span class='ocrx_word' id='word_1_164' title='bbox 1156 1742 1200 1784; x_wconf 86' lang='lat' dir='ltr'>in</span> <span class='ocrx_word' id='word_1_165' title='bbox 1233 1740 1296 1784; x_wconf 88' lang='lat' dir='ltr'>his</span> <span class='ocrx_word' id='word_1_166' title='bbox 1327 1742 1508 1786; x_wconf 82' lang='lat' dir='ltr'>fallaciis</span> <span class='ocrx_word' id='word_1_167' title='bbox 1546 1747 1766 1788; x_wconf 86' lang='lat' dir='ltr'>custodiae</span> <span class='ocrx_word' id='word_1_168' title='bbox 1798 1748 1898 1789; x_wconf 90' lang='lat' dir='ltr'>dili-</span> 
     </span>
     <span class='ocr_line' id='line_1_19' title="bbox 188 1826 1896 1880; baseline 0.002 -11"><span class='ocrx_word' id='word_1_169' title='bbox 188 1826 420 1880; x_wconf 58' lang='lat' dir='ltr'>gentiam.⁶</span> <span class='ocrx_word' id='word_1_170' title='bbox 454 1826 542 1870; x_wconf 91' lang='lat' dir='ltr'>Sed</span> <span class='ocrx_word' id='word_1_171' title='bbox 576 1840 674 1869; x_wconf 89' lang='lat' dir='ltr'>cum</span> <span class='ocrx_word' id='word_1_172' title='bbox 705 1831 847 1868; x_wconf 89' lang='lat' dir='ltr'>tamen</span> <span class='ocrx_word' id='word_1_173' title='bbox 881 1826 1010 1867; x_wconf 86' lang='lat' dir='ltr'>etiam</span> <span class='ocrx_word' id='word_1_174' title='bbox 1042 1826 1228 1868; x_wconf 85' lang='lat' dir='ltr'>maxima</span> <span class='ocrx_word' id='word_1_175' title='bbox 1261 1826 1458 1869; x_wconf 87' lang='lat' dir='ltr'>custodia</span> <span class='ocrx_word' id='word_1_176' title='bbox 1489 1842 1574 1870; x_wconf 88' lang='lat' dir='ltr'>non</span> <span class='ocrx_word' id='word_1_177' title='bbox 1604 1831 1708 1872; x_wconf 87' lang='lat' dir='ltr'>satis</span> <span class='ocrx_word' id='word_1_178' title='bbox 1736 1835 1896 1873; x_wconf 82' lang='lat' dir='ltr'>terreat</span> 
     </span>
     <span class='ocr_line' id='line_1_20' title="bbox 187 1910 1896 1970; baseline 0.004 -19"><span class='ocrx_word' id='word_1_179' title='bbox 187 1910 409 1953; x_wconf 90' lang='lat' dir='ltr'>audaciam</span> <span class='ocrx_word' id='word_1_180' title='bbox 441 1911 637 1953; x_wconf 88' lang='lat' dir='ltr'>callidam</span> <span class='ocrx_word' id='word_1_181' title='bbox 669 1911 934 1967; x_wconf 86' lang='lat' dir='ltr'>puellarum,</span> <span class='ocrx_word' id='word_1_182' title='bbox 966 1923 1068 1952; x_wconf 81' lang='lat' dir='ltr'>mox</span> <span class='ocrx_word' id='word_1_183' title='bbox 1101 1911 1386 1965; x_wconf 79' lang='lat' dir='ltr'>progrediens</span> <span class='ocrx_word' id='word_1_184' title='bbox 1421 1915 1590 1967; x_wconf 85' lang='lat' dir='ltr'>longius</span> <span class='ocrx_word' id='word_1_185' title='bbox 1622 1929 1704 1970; x_wconf 87' lang='lat' dir='ltr'>per</span> <span class='ocrx_word' id='word_1_186' title='bbox 1736 1916 1896 1969; x_wconf 83' lang='lat' dir='ltr'>grada—</span> 
     </span>
     <span class='ocr_line' id='line_1_21' title="bbox 186 1993 1897 2051; baseline 0.002 -15"><span class='ocrx_word' id='word_1_187' title='bbox 186 1995 345 2036; x_wconf 89' lang='lat' dir='ltr'>tionem</span> <span class='ocrx_word' id='word_1_188' title='bbox 388 1995 570 2036; x_wconf 86' lang='lat' dir='ltr'>affectus</span> <span class='ocrx_word' id='word_1_189' title='bbox 601 1995 780 2036; x_wconf 88' lang='lat' dir='ltr'>assumit</span> <span class='ocrx_word' id='word_1_190' title='bbox 808 2007 940 2050; x_wconf 90' lang='lat' dir='ltr'>porro</span> <span class='ocrx_word' id='word_1_191' title='bbox 982 1993 1113 2035; x_wconf 84' lang='lat' dir='ltr'>etiam</span> <span class='ocrx_word' id='word_1_192' title='bbox 1146 1995 1357 2035; x_wconf 88' lang='lat' dir='ltr'>caelestes</span> <span class='ocrx_word' id='word_1_193' title='bbox 1388 1996 1472 2037; x_wconf 86' lang='lat' dir='ltr'>iras</span> <span class='ocrx_word' id='word_1_194' title='bbox 1506 2010 1753 2051; x_wconf 85' lang='lat' dir='ltr'>poenasque</span> <span class='ocrx_word' id='word_1_195' title='bbox 1788 1999 1897 2039; x_wconf 82' lang='lat' dir='ltr'>divi-</span> 
     </span>
     <span class='ocr_line' id='line_1_22' title="bbox 186 2075 1898 2133; baseline 0.001 -12"><span class='ocrx_word' id='word_1_196' title='bbox 186 2091 263 2121; x_wconf 88' lang='lat' dir='ltr'>nas</span> <span class='ocrx_word' id='word_1_197' title='bbox 294 2078 518 2120; x_wconf 87' lang='lat' dir='ltr'>denuntiat</span> <span class='ocrx_word' id='word_1_198' title='bbox 541 2077 772 2131; x_wconf 85' lang='lat' dir='ltr'>religiosae</span> <span class='ocrx_word' id='word_1_199' title='bbox 803 2076 1001 2129; x_wconf 84' lang='lat' dir='ltr'>feminae,</span> <span class='ocrx_word' id='word_1_200' title='bbox 1031 2080 1075 2117; x_wconf 90' lang='lat' dir='ltr'>et</span> <span class='ocrx_word' id='word_1_201' title='bbox 1107 2075 1291 2118; x_wconf 87' lang='lat' dir='ltr'>observa</span> <span class='ocrx_word' id='word_1_202' title='bbox 1323 2091 1449 2131; x_wconf 83' lang='lat' dir='ltr'>quarn</span> <span class='ocrx_word' id='word_1_203' title='bbox 1479 2080 1587 2121; x_wconf 88' lang='lat' dir='ltr'>scite</span> <span class='ocrx_word' id='word_1_204' title='bbox 1619 2078 1687 2122; x_wconf 88' lang='lat' dir='ltr'>hic</span> <span class='ocrx_word' id='word_1_205' title='bbox 1720 2081 1898 2133; x_wconf 83' lang='lat' dir='ltr'>leniora,</span> 
     </span>
     <span class='ocr_line' id='line_1_23' title="bbox 186 2158 1894 2228; baseline 0.001 -24"><span class='ocrx_word' id='word_1_206' title='bbox 186 2175 296 2217; x_wconf 90' lang='lat' dir='ltr'>quae</span> <span class='ocrx_word' id='word_1_207' title='bbox 328 2165 554 2218; x_wconf 89' lang='lat' dir='ltr'>praeterea</span> <span class='ocrx_word' id='word_1_208' title='bbox 584 2159 783 2214; x_wconf 81' lang='lat' dir='ltr'>habebat,</span> <span class='ocrx_word' id='word_1_209' title='bbox 816 2158 1087 2202; x_wconf 87' lang='lat' dir='ltr'>hortamenta</span> <span class='ocrx_word' id='word_1_210' title='bbox 1119 2159 1160 2201; x_wconf 91' lang='lat' dir='ltr'>in</span> <span class='ocrx_word' id='word_1_211' title='bbox 1189 2159 1334 2202; x_wconf 89' lang='lat' dir='ltr'>medio</span> <span class='ocrx_word' id='word_1_212' title='bbox 1368 2163 1605 2216; x_wconf 82' lang='lat' dir='ltr'>collocarit,</span> <span class='ocrx_word' id='word_1_213' title='bbox 1622 2164 1770 2228; x_wconf 39' lang='lat' dir='ltr'>‘minas</span> <span class='ocrx_word' id='word_1_214' title='bbox 1803 2177 1894 2206; x_wconf 79' lang='lat' dir='ltr'>ma-</span> 
     </span>
     <span class='ocr_line' id='line_1_24' title="bbox 187 2245 1896 2304; baseline 0.001 -16"><span class='ocrx_word' id='word_1_215' title='bbox 187 2246 325 2288; x_wconf 90' lang='lat' dir='ltr'>lorum</span> <span class='ocrx_word' id='word_1_216' title='bbox 356 2258 459 2287; x_wconf 87' lang='lat' dir='ltr'>vero</span> <span class='ocrx_word' id='word_1_217' title='bbox 486 2245 529 2287; x_wconf 89' lang='lat' dir='ltr'>in</span> <span class='ocrx_word' id='word_1_218' title='bbox 558 2245 769 2301; x_wconf 89' lang='lat' dir='ltr'>principio</span> <span class='ocrx_word' id='word_1_219' title='bbox 801 2249 846 2287; x_wconf 89' lang='lat' dir='ltr'>et</span> <span class='ocrx_word' id='word_1_220' title='bbox 876 2245 989 2304; x_wconf 59' lang='grc' dir='ltr'>φη,</span> <span class='ocrx_word' id='word_1_221' title='bbox 1019 2248 1070 2287; x_wconf 85' lang='lat' dir='ltr'>ut</span> <span class='ocrx_word' id='word_1_222' title='bbox 1100 2245 1276 2295; x_wconf 83' lang='lat' dir='ltr'>aculeos</span> <span class='ocrx_word' id='word_1_223' title='bbox 1308 2259 1430 2288; x_wconf 88' lang='lat' dir='ltr'>acres</span> <span class='ocrx_word' id='word_1_224' title='bbox 1464 2248 1746 2302; x_wconf 87' lang='lat' dir='ltr'>relinquant..</span> <span class='ocrx_word' id='word_1_225' title='bbox 1785 2250 1896 2293; x_wconf 78' lang='lat' dir='ltr'>Qui-</span> 
     </span>
     <span class='ocr_line' id='line_1_25' title="bbox 185 2326 1895 2383; baseline 0.003 -14"><span class='ocrx_word' id='word_1_226' title='bbox 185 2327 267 2369; x_wconf 90' lang='lat' dir='ltr'>bus</span> <span class='ocrx_word' id='word_1_227' title='bbox 304 2328 586 2371; x_wconf 84' lang='lat' dir='ltr'>consideratis</span> <span class='ocrx_word' id='word_1_228' title='bbox 617 2326 732 2381; x_wconf 54' lang='lat' dir='ltr'>clara,</span> <span class='ocrx_word' id='word_1_229' title='bbox 759 2331 834 2371; x_wconf 28' lang='lat' dir='ltr'>*est</span> <span class='ocrx_word' id='word_1_230' title='bbox 861 2329 972 2378; x_wconf 70' lang='lat' dir='ltr'>&#39;ratio</span> <span class='ocrx_word' id='word_1_231' title='bbox 1011 2327 1196 2382; x_wconf 78' lang='lat' dir='ltr'>elegiae.</span> <span class='ocrx_word' id='word_1_232' title='bbox 1259 2327 1358 2371; x_wconf 90' lang='lat' dir='ltr'>Non</span> <span class='ocrx_word' id='word_1_233' title='bbox 1401 2330 1584 2383; x_wconf 85' lang='lat' dir='ltr'>legimus</span> <span class='ocrx_word' id='word_1_234' title='bbox 1618 2330 1684 2373; x_wconf 86' lang='lat' dir='ltr'>hic</span> <span class='ocrx_word' id='word_1_235' title='bbox 1724 2334 1895 2374; x_wconf 86' lang='lat' dir='ltr'>mollio-</span> 
     </span>
     <span class='ocr_line' id='line_1_26' title="bbox 190 2410 1899 2468; baseline 0.001 -14"><span class='ocrx_word' id='word_1_236' title='bbox 190 2412 251 2454; x_wconf 85' lang='lat' dir='ltr'>ris</span> <span class='ocrx_word' id='word_1_237' title='bbox 283 2413 442 2454; x_wconf 88' lang='lat' dir='ltr'>amoris</span> <span class='ocrx_word' id='word_1_238' title='bbox 481 2410 637 2465; x_wconf 86' lang='lat' dir='ltr'>verba,</span> <span class='ocrx_word' id='word_1_239' title='bbox 679 2411 824 2467; x_wconf 81' lang='lat' dir='ltr'>qualia</span> <span class='ocrx_word' id='word_1_240' title='bbox 853 2412 950 2455; x_wconf 86' lang='lat' dir='ltr'>aliis</span> <span class='ocrx_word' id='word_1_241' title='bbox 977 2412 1019 2454; x_wconf 86' lang='lat' dir='ltr'>in</span> <span class='ocrx_word' id='word_1_242' title='bbox 1051 2411 1311 2454; x_wconf 86' lang='lat' dir='ltr'>carminibus</span> <span class='ocrx_word' id='word_1_243' title='bbox 1342 2411 1547 2466; x_wconf 86' lang='lat' dir='ltr'>vidimus,</span> <span class='ocrx_word' id='word_1_244' title='bbox 1590 2414 1666 2455; x_wconf 87' lang='lat' dir='ltr'>sed</span> <span class='ocrx_word' id='word_1_245' title='bbox 1702 2412 1770 2456; x_wconf 87' lang='lat' dir='ltr'>hic</span> <span class='ocrx_word' id='word_1_246' title='bbox 1800 2416 1899 2468; x_wconf 75' lang='lat' dir='ltr'>qni-</span> 
     </span>
     <span class='ocr_line' id='line_1_27' title="bbox 186 2494 1896 2553; baseline 0 -15"><span class='ocrx_word' id='word_1_247' title='bbox 186 2494 284 2538; x_wconf 86' lang='lat' dir='ltr'>dem</span> <span class='ocrx_word' id='word_1_248' title='bbox 317 2496 488 2538; x_wconf 89' lang='lat' dir='ltr'>mollior</span> <span class='ocrx_word' id='word_1_249' title='bbox 516 2508 638 2538; x_wconf 91' lang='lat' dir='ltr'>amor</span> <span class='ocrx_word' id='word_1_250' title='bbox 665 2494 798 2546; x_wconf 84' lang='lat' dir='ltr'>credo</span> <span class='ocrx_word' id='word_1_251' title='bbox 829 2495 1034 2553; x_wconf 77' lang='lat' dir='ltr'>paulatim</span> <span class='ocrx_word' id='word_1_252' title='bbox 1066 2496 1312 2538; x_wconf 88' lang='lat' dir='ltr'>imminutus</span> <span class='ocrx_word' id='word_1_253' title='bbox 1358 2500 1477 2548; x_wconf 88' lang='lat' dir='ltr'>erat,</span> <span class='ocrx_word' id='word_1_254' title='bbox 1521 2497 1676 2544; x_wconf 86' lang='lat' dir='ltr'>iterum</span> <span class='ocrx_word' id='word_1_255' title='bbox 1718 2497 1896 2539; x_wconf 80' lang='lat' dir='ltr'>iterum-</span> 
     </span>
     <span class='ocr_line' id='line_1_28' title="bbox 185 2568 1894 2636; baseline 0.001 -16"><span class='ocrx_word' id='word_1_256' title='bbox 185 2591 270 2633; x_wconf 89' lang='lat' dir='ltr'>que</span> <span class='ocrx_word' id='word_1_257' title='bbox 305 2591 402 2620; x_wconf 92' lang='lat' dir='ltr'>cum</span> <span class='ocrx_word' id='word_1_258' title='bbox 430 2578 562 2621; x_wconf 86' lang='lat' dir='ltr'>fidem</span> <span class='ocrx_word' id='word_1_259' title='bbox 593 2578 775 2626; x_wconf 70' lang='lat' dir='ltr'>violaret</span> <span class='ocrx_word' id='word_1_260' title='bbox 801 2568 946 2636; x_wconf 78' lang='lat' dir='ltr'>puella</span> <span class='ocrx_word' id='word_1_261' title='bbox 976 2583 1021 2622; x_wconf 88' lang='lat' dir='ltr'>et</span> <span class='ocrx_word' id='word_1_262' title='bbox 1051 2582 1349 2621; x_wconf 88' lang='lat' dir='ltr'>successerant</span> <span class='ocrx_word' id='word_1_263' title='bbox 1380 2579 1469 2620; x_wconf 90' lang='lat' dir='ltr'>irae</span> <span class='ocrx_word' id='word_1_264' title='bbox 1500 2579 1816 2633; x_wconf 87' lang='lat' dir='ltr'>frequentiores</span> <span class='ocrx_word' id='word_1_265' title='bbox 1850 2586 1894 2622; x_wconf 87' lang='lat' dir='ltr'>et</span> 
     </span>
     <span class='ocr_line' id='line_1_29' title="bbox 185 2647 1895 2717; baseline -0.001 -13"><span class='ocrx_word' id='word_1_266' title='bbox 185 2661 449 2717; x_wconf 84' lang='lat' dir='ltr'>pulsationes</span> <span class='ocrx_word' id='word_1_267' title='bbox 490 2661 602 2704; x_wconf 87' lang='lat' dir='ltr'>adeo</span> <span class='ocrx_word' id='word_1_268' title='bbox 639 2660 783 2704; x_wconf 81' lang='lat' dir='ltr'>factae</span> <span class='ocrx_word' id='word_1_269' title='bbox 819 2647 969 2703; x_wconf 48' lang='lat' dir='ltr'>&#39;erantss</span> <span class='ocrx_word' id='word_1_270' title='bbox 1039 2661 1166 2706; x_wconf 85' lang='lat' dir='ltr'>Quae</span> <span class='ocrx_word' id='word_1_271' title='bbox 1209 2673 1341 2701; x_wconf 86' lang='lat' dir='ltr'>causa</span> <span class='ocrx_word' id='word_1_272' title='bbox 1382 2660 1554 2702; x_wconf 89' lang='lat' dir='ltr'>videtur</span> <span class='ocrx_word' id='word_1_273' title='bbox 1597 2661 1712 2715; x_wconf 90' lang='lat' dir='ltr'>quod</span> <span class='ocrx_word' id='word_1_274' title='bbox 1755 2663 1895 2715; x_wconf 76' lang='lat' dir='ltr'>elegia</span> 
     </span>
     <span class='ocr_line' id='line_1_30' title="bbox 182 2741 1896 2803; baseline 0 -17"><span class='ocrx_word' id='word_1_275' title='bbox 182 2756 268 2787; x_wconf 89' lang='lat' dir='ltr'>non</span> <span class='ocrx_word' id='word_1_276' title='bbox 302 2744 502 2800; x_wconf 89' lang='lat' dir='ltr'>precibus</span> <span class='ocrx_word' id='word_1_277' title='bbox 533 2749 578 2787; x_wconf 93' lang='lat' dir='ltr'>et</span> <span class='ocrx_word' id='word_1_278' title='bbox 608 2744 822 2798; x_wconf 86' lang='lat' dir='ltr'>querelis,</span> <span class='ocrx_word' id='word_1_279' title='bbox 849 2742 926 2787; x_wconf 90' lang='lat' dir='ltr'>sed</span> <span class='ocrx_word' id='word_1_280' title='bbox 961 2741 1187 2803; x_wconf 80' lang='lat' dir='ltr'>custodiae</span> <span class='ocrx_word' id='word_1_281' title='bbox 1219 2755 1398 2784; x_wconf 89' lang='lat' dir='ltr'>severae</span> <span class='ocrx_word' id='word_1_282' title='bbox 1430 2744 1554 2784; x_wconf 89' lang='lat' dir='ltr'>minis</span> <span class='ocrx_word' id='word_1_283' title='bbox 1587 2748 1631 2785; x_wconf 88' lang='lat' dir='ltr'>et</span> <span class='ocrx_word' id='word_1_284' title='bbox 1660 2757 1896 2799; x_wconf 86' lang='lat' dir='ltr'>poenarum</span> 
     </span>
     <span class='ocr_line' id='line_1_31' title="bbox 184 2822 1894 2884; baseline -0.003 -12"><span class='ocrx_word' id='word_1_285' title='bbox 184 2826 434 2883; x_wconf 32' lang='lat' dir='ltr'>caelesti-um</span> <span class='ocrx_word' id='word_1_286' title='bbox 460 2827 720 2883; x_wconf 78' lang='lat' dir='ltr'>aggreditur</span> <span class='ocrx_word' id='word_1_287' title='bbox 750 2822 953 2884; x_wconf 85' lang='lat' dir='ltr'>puellam,</span> <span class='ocrx_word' id='word_1_288' title='bbox 980 2832 1023 2869; x_wconf 90' lang='lat' dir='ltr'>et</span> <span class='ocrx_word' id='word_1_289' title='bbox 1056 2831 1148 2869; x_wconf 92' lang='lat' dir='ltr'>tota</span> <span class='ocrx_word' id='word_1_290' title='bbox 1178 2826 1493 2868; x_wconf 86' lang='lat' dir='ltr'>iracundiorem</span> <span class='ocrx_word' id='word_1_291' title='bbox 1526 2839 1714 2868; x_wconf 90' lang='lat' dir='ltr'>amorem</span> <span class='ocrx_word' id='word_1_292' title='bbox 1747 2826 1894 2882; x_wconf 80' lang='lat' dir='ltr'>spirat.</span> 
     </span>
     <span class='ocr_line' id='line_1_32' title="bbox 184 2907 1897 2973; baseline -0.002 -18"><span class='ocrx_word' id='word_1_293' title='bbox 184 2907 467 2955; x_wconf 78' lang='lat' dir='ltr'>Hortationes</span> <span class='ocrx_word' id='word_1_294' title='bbox 491 2915 591 2953; x_wconf 76' lang='lat' dir='ltr'>sunt</span> <span class='ocrx_word' id='word_1_295' title='bbox 621 2910 664 2953; x_wconf 84' lang='lat' dir='ltr'>in</span> <span class='ocrx_word' id='word_1_296' title='bbox 694 2911 790 2954; x_wconf 85' lang='lat' dir='ltr'>aliis</span> <span class='ocrx_word' id='word_1_297' title='bbox 810 2924 991 2973; x_wconf 51' lang='lat' dir='ltr'>¹quoque</span> <span class='ocrx_word' id='word_1_298' title='bbox 1022 2909 1278 2953; x_wconf 87' lang='lat' dir='ltr'>carminibus</span> <span class='ocrx_word' id='word_1_299' title='bbox 1305 2913 1434 2963; x_wconf 91' lang='lat' dir='ltr'>atque</span> <span class='ocrx_word' id='word_1_300' title='bbox 1467 2909 1751 2952; x_wconf 87' lang='lat' dir='ltr'>ostenduntur</span> <span class='ocrx_word' id='word_1_301' title='bbox 1782 2915 1897 2952; x_wconf 87' lang='lat' dir='ltr'>tecte</span> 
     </span>
     <span class='ocr_line' id='line_1_33' title="bbox 186 2994 1900 3060; baseline -0.001 -22"><span class='ocrx_word' id='word_1_302' title='bbox 186 2995 399 3039; x_wconf 88' lang='lat' dir='ltr'>interdum</span> <span class='ocrx_word' id='word_1_303' title='bbox 431 2995 560 3038; x_wconf 84' lang='lat' dir='ltr'>etiam</span> <span class='ocrx_word' id='word_1_304' title='bbox 593 3005 761 3060; x_wconf 63' lang='lat' dir='ltr'>poenae</span> <span class='ocrx_word' id='word_1_305' title='bbox 790 2995 850 3038; x_wconf 89' lang='lat' dir='ltr'>ibi</span> <span class='ocrx_word' id='word_1_306' title='bbox 879 2995 1103 3052; x_wconf 85' lang='lat' dir='ltr'>perfidiae,</span> <span class='ocrx_word' id='word_1_307' title='bbox 1135 2994 1212 3037; x_wconf 92' lang='lat' dir='ltr'>sed</span> <span class='ocrx_word' id='word_1_308' title='bbox 1246 2999 1345 3037; x_wconf 87' lang='lat' dir='ltr'>sunt</span> <span class='ocrx_word' id='word_1_309' title='bbox 1376 2994 1504 3036; x_wconf 87' lang='lat' dir='ltr'>etiam</span> <span class='ocrx_word' id='word_1_310' title='bbox 1535 2995 1732 3037; x_wconf 90' lang='lat' dir='ltr'>molliora</span> <span class='ocrx_word' id='word_1_311' title='bbox 1765 2996 1900 3037; x_wconf 86' lang='lat' dir='ltr'>multa</span> 
     </span>
     <span class='ocr_line' id='line_1_34' title="bbox 187 3076 1898 3142; baseline -0.002 -20"><span class='ocrx_word' id='word_1_312' title='bbox 187 3084 232 3122; x_wconf 92' lang='lat' dir='ltr'>et</span> <span class='ocrx_word' id='word_1_313' title='bbox 266 3078 504 3133; x_wconf 88' lang='lat' dir='ltr'>blandiora,</span> <span class='ocrx_word' id='word_1_314' title='bbox 534 3083 649 3129; x_wconf 75' lang='lat' dir='ltr'>nurtc</span> <span class='ocrx_word' id='word_1_315' title='bbox 667 3078 819 3142; x_wconf 47' lang='lat' dir='ltr'>{autem</span> <span class='ocrx_word' id='word_1_316' title='bbox 850 3077 974 3119; x_wconf 88' lang='lat' dir='ltr'>abest</span> <span class='ocrx_word' id='word_1_317' title='bbox 1003 3076 1083 3120; x_wconf 88' lang='lat' dir='ltr'>hoc</span> <span class='ocrx_word' id='word_1_318' title='bbox 1114 3089 1252 3132; x_wconf 86' lang='lat' dir='ltr'>genus</span> <span class='ocrx_word' id='word_1_319' title='bbox 1286 3089 1503 3129; x_wconf 87' lang='lat' dir='ltr'>sensuum,</span> <span class='ocrx_word' id='word_1_320' title='bbox 1539 3078 1736 3119; x_wconf 84' lang='lat' dir='ltr'>acerbior</span> <span class='ocrx_word' id='word_1_321' title='bbox 1767 3078 1898 3120; x_wconf 86' lang='lat' dir='ltr'>casti-</span> 
     </span>
     <span class='ocr_line' id='line_1_35' title="bbox 185 3160 1900 3220; baseline -0.003 -13"><span class='ocrx_word' id='word_1_322' title='bbox 185 3164 306 3219; x_wconf 83' lang='lat' dir='ltr'>gatio</span> <span class='ocrx_word' id='word_1_323' title='bbox 349 3163 595 3220; x_wconf 84' lang='lat' dir='ltr'>praevalet,</span> <span class='ocrx_word' id='word_1_324' title='bbox 658 3161 852 3217; x_wconf 86' lang='lat' dir='ltr'>dicitque</span> <span class='ocrx_word' id='word_1_325' title='bbox 885 3162 1040 3207; x_wconf 87' lang='lat' dir='ltr'>Deliae</span> <span class='ocrx_word' id='word_1_326' title='bbox 1086 3175 1172 3205; x_wconf 91' lang='lat' dir='ltr'>non</span> <span class='ocrx_word' id='word_1_327' title='bbox 1213 3162 1348 3217; x_wconf 86' lang='lat' dir='ltr'>ipsius</span> <span class='ocrx_word' id='word_1_328' title='bbox 1389 3173 1541 3214; x_wconf 81' lang='lat' dir='ltr'>causa,</span> <span class='ocrx_word' id='word_1_329' title='bbox 1602 3160 1677 3203; x_wconf 88' lang='lat' dir='ltr'>sed</span> <span class='ocrx_word' id='word_1_330' title='bbox 1723 3165 1900 3216; x_wconf 81' lang='lat' dir='ltr'>propter</span> 
     </span>
     <span class='ocr_line' id='line_1_36' title="bbox 185 3245 1900 3303; baseline -0.002 -14"><span class='ocrx_word' id='word_1_331' title='bbox 185 3251 366 3290; x_wconf 87' lang='lat' dir='ltr'>matrem</span> <span class='ocrx_word' id='word_1_332' title='bbox 397 3260 445 3290; x_wconf 87' lang='lat' dir='ltr'>se</span> <span class='ocrx_word' id='word_1_333' title='bbox 478 3258 684 3302; x_wconf 88' lang='lat' dir='ltr'>parcere,</span> <span class='ocrx_word' id='word_1_334' title='bbox 728 3245 844 3301; x_wconf 88' lang='lat' dir='ltr'>quod</span> <span class='ocrx_word' id='word_1_335' title='bbox 878 3245 1001 3291; x_wconf 80' lang='lat' dir='ltr'>vides</span> <span class='ocrx_word' id='word_1_336' title='bbox 1030 3247 1124 3303; x_wconf 88' lang='lat' dir='ltr'>ipse</span> <span class='ocrx_word' id='word_1_337' title='bbox 1156 3260 1282 3302; x_wconf 87' lang='lat' dir='ltr'>quam</span> <span class='ocrx_word' id='word_1_338' title='bbox 1316 3246 1466 3287; x_wconf 88' lang='lat' dir='ltr'>durum</span> <span class='ocrx_word' id='word_1_339' title='bbox 1500 3246 1568 3287; x_wconf 89' lang='lat' dir='ltr'>sit.</span> <span class='ocrx_word' id='word_1_340' title='bbox 1632 3245 1744 3286; x_wconf 85' lang='lat' dir='ltr'>Ante</span> <span class='ocrx_word' id='word_1_341' title='bbox 1778 3258 1900 3286; x_wconf 83' lang='lat' dir='ltr'>ama·-</span> 
     </span>
     <span class='ocr_line' id='line_1_37' title="bbox 186 3328 1898 3385; baseline -0.003 -13"><span class='ocrx_word' id='word_1_342' title='bbox 186 3335 308 3373; x_wconf 86' lang='lat' dir='ltr'>verat</span> <span class='ocrx_word' id='word_1_343' title='bbox 338 3332 571 3374; x_wconf 89' lang='lat' dir='ltr'>tenerrimo</span> <span class='ocrx_word' id='word_1_344' title='bbox 602 3341 732 3373; x_wconf 81' lang='lat' dir='ltr'>sensu</span> <span class='ocrx_word' id='word_1_345' title='bbox 764 3329 961 3372; x_wconf 85' lang='lat' dir='ltr'>seminam</span> <span class='ocrx_word' id='word_1_346' title='bbox 996 3342 1074 3384; x_wconf 88' lang='lat' dir='ltr'>pro</span> <span class='ocrx_word' id='word_1_347' title='bbox 1107 3334 1349 3385; x_wconf 88' lang='lat' dir='ltr'>temporum</span> <span class='ocrx_word' id='word_1_348' title='bbox 1394 3329 1572 3369; x_wconf 89' lang='lat' dir='ltr'>istorum</span> <span class='ocrx_word' id='word_1_349' title='bbox 1615 3328 1781 3369; x_wconf 85' lang='lat' dir='ltr'>ratione</span> <span class='ocrx_word' id='word_1_350' title='bbox 1825 3339 1898 3367; x_wconf 76' lang='lat' dir='ltr'>ca-</span> 
     </span>
     <span class='ocr_line' id='line_1_38' title="bbox 188 3413 1895 3470; baseline -0.004 -15"><span class='ocrx_word' id='word_1_351' title='bbox 188 3418 328 3466; x_wconf 86' lang='lat' dir='ltr'>stam,</span> <span class='ocrx_word' id='word_1_352' title='bbox 374 3426 483 3456; x_wconf 88' lang='lat' dir='ltr'>nunc</span> <span class='ocrx_word' id='word_1_353' title='bbox 522 3414 829 3470; x_wconf 87' lang='lat' dir='ltr'>concupiscere</span> <span class='ocrx_word' id='word_1_354' title='bbox 861 3427 908 3457; x_wconf 88' lang='lat' dir='ltr'>se</span> <span class='ocrx_word' id='word_1_355' title='bbox 952 3415 1033 3456; x_wconf 85' lang='lat' dir='ltr'>scit</span> <span class='ocrx_word' id='word_1_356' title='bbox 1066 3415 1262 3467; x_wconf 82' lang='lat' dir='ltr'>infidam,</span> <span class='ocrx_word' id='word_1_357' title='bbox 1313 3413 1380 3455; x_wconf 90' lang='lat' dir='ltr'>cni</span> <span class='ocrx_word' id='word_1_358' title='bbox 1425 3425 1507 3454; x_wconf 91' lang='lat' dir='ltr'>non</span> <span class='ocrx_word' id='word_1_359' title='bbox 1552 3413 1611 3453; x_wconf 76' lang='lat' dir='ltr'>sic</span> <span class='ocrx_word' id='word_1_360' title='bbox 1656 3423 1805 3465; x_wconf 81' lang='lat' dir='ltr'>parcas</span> <span class='ocrx_word' id='word_1_361' title='bbox 1847 3413 1895 3449; x_wconf 84' lang='lat' dir='ltr'>ut</span> 
     </span>
    </p>
   </div>
   <div class='ocr_carea' id='block_1_3' title="bbox 1392 3502 1418 3544">
    <p class='ocr_par' dir='ltr' id='par_1_3' title="bbox 1392 3502 1418 3544">
     <span class='ocr_line' id='line_1_39' title="bbox 1392 3502 1418 3544; baseline 0 0"><span class='ocrx_word' id='word_1_362' title='bbox 1392 3502 1418 3544; x_wconf 75' lang='lat'>9</span> 
     </span>
    </p>
   </div>
  </div>
 </body>
</html>
