2158 3750
656 244 837 298 LIBR.
875 246 918 296 1.
989 244 1296 305 ELEosx.
1354 271 1438 294 ι
1724 249 1827 296 203

130 403 227 436 nam
257 396 306 436 nt
334 391 494 437 bellum
527 393 687 451 deripit
716 398 764 438 et
803 397 973 447 vastat,
1015 404 1106 450 pax
1148 395 1299 436 contra
1327 388 1500 446 colligit
1517 393 1743 441 atraervat
1771 389 1826 432 ad

129 487 234 519 usus
256 474 438 521 futuros.
467 499 528 509 —
574 481 734 538 testa
763 483 1022 535 paterna.
1082 476 1198 522 Vina
1225 475 1605 531 nobiliorayquae
1629 472 1706 519 diu
1734 486 1829 517 ser-

128 572 230 603 vare
260 560 491 616 volebant,
537 562 651 605 vasis
679 562 888 605 fictilibus
916 559 1162 604 condebant
1190 565 1238 605 et
1265 561 1477 607 corticem
1501 573 1607 605 cera
1634 559 1703 604 vel
1733 558 1830 614 pice

126 642 391 699 oblinebant,
418 644 628 688 notabant
654 645 789 688 etiam
819 655 978 695 nomen
1007 643 1213 686 consulis.
1271 643 1344 688 Ad
1371 648 1511 688 totum
1540 644 1684 687 locum
1711 640 1829 690 conf..

125 726 264 770 Ovm.
291 728 386 770 Art.
415 727 513 773 Am.
539 727 600 781 11,
628 728 748 772 695:
783 723 905 768 Milia·
943 723 1124 783 fundat
1157 723 1336 767 avicum
1360 722 1632 768 consulibus
1666 721 1831 781 priscis

126 808 310 852 condita
336 816 460 852 testa
487 824 689 853 mer-unu
727 808 814 852 Eat
851 807 987 863 igitur
1025 807 1096 852 hic
1125 821 1302 853 seusun
1342 814 1393 854 ut
1429 810 1575 854 vinum
1612 813 1829 857 vetustum

125 896 173 935 et
202 891 316 936 forte
341 889 588 946 haberetur,
618 891 736 948 quod
765 896 916 948 posset
946 892 1101 936 laetius
1131 891 1374 937 exhilarare
1399 895 1581 937 animos.
1640 891 1831 937 Atteude

126 987 233 1019 vero
261 975 318 1019 ad
346 974 569 1032 pulchram
597 975 899 1020 tractationem
929 981 1102 1034 poetae.
1166 978 1363 1022 Locutus
1405 982 1474 1022 est
1511 983 1559 1022 et
1598 977 1718 1034 loqui
1751 977 1831 1021 de-

125 1059 219 1103 buit
245 1059 302 1104 de
329 1059 523 1105 aratione
552 1065 598 1105 et
615 1060 686 1105 vde
711 1061 828 1117 vino,
859 1062 961 1119 plus
987 1067 1132 1107 tamen
1163 1062 1219 1107 de
1251 1062 1334 1108 hoc
1367 1063 1479 1107 dixit
1506 1076 1634 1119 quam
1663 1063 1719 1107 de
1744 1064 1833 1116 illa,

123 1144 313 1188 suaviter
352 1144 523 1188 scillcet
557 1157 819 1202 praeparans
849 1151 1103 1202 sequentem
1146 1147 1292 1192 locum
1337 1146 1394 1191 de
1436 1147 1560 1191 festis
1601 1147 1833 1202 ruralibus,

27 1252 32 1259 ·
123 1227 287 1271 rustico
315 1227 434 1271 male
458 1226 606 1270 sobrio
634 1228 904 1284 Venerisque
933 1233 1027 1273 tum
1056 1229 1336 1274 nascentibus
1367 1230 1487 1274 rixis.
1515 1252 1574 1262 —
1607 1230 1664 1275 V.
1686 1233 1746 1274 49
1765 1243 1831 1286 sq.

123 1311 278 1356 Pace
317 1311 534 1355 bidens·
567 1324 878 1368 vomerque
923 1312 1149 1368 vigent,
1194 1317 1478 1366 exercentur,
1520 1313 1564 1356 in
1603 1324 1686 1355 usu
1715 1316 1831 1358 sunto

124 1395 263 1438 Ovm.
281 1395 402 1440 Fast.
418 1394 474 1450 V,
494 1397 612 1438 8792
642 1401 791 1437 cetera
819 1393 1035 1437 luxuriae
1061 1393 1260 1438 nondum
1282 1394 1585 1437 instrumenta
1607 1391 1836 1451 vigebant,

123 1479 402 1538 comparante
440 1481 630 1534 Vosne,
673 1479 752 1534 qni
791 1479 904 1524 bne
944 1478 1141 1524 defendit
1178 1481 1416 1535 vulgatum.
1476 1479 1590 1522 Cum
1629 1480 1742 1523 euim
1788 1480 1832 1523 in

123 1562 358 1619 Excerptis
376 1563 648 1605 Scamnum
688 1561 747 1605 εἰ
785 1560 932 1610 nitet,
968 1563 1175 1610 Gru-ros
1215 1562 1460 1607 emendavit
1497 1561 1672 1611 nitent,
1718 1561 1835 1618 quod

123 1644 453 1688 Bnoucmsro
484 1644 649 1700 placuit
675 1647 722 1688 et
751 1644 1048 1690 Venno-noc
1076 1643 1322 1693 ,Hosmnuo
1355 1645 1652 1703 improbatur,
1696 1646 1832 1690 veluti

123 1730 263 1775 Ovn».
293 1730 414 1773 Fast.
453 1729 533 1783 lv,
571 1731 685 1773 92‘10-
722 1728 868 1778 diem
887 1727 1110 1772 &arcula
1149 1745 1270 1774 num:
1316 1729 1547 1789 durusque
1589 1729 1744 1774 bidens
1786 1738 1834 1773 et

122 1825 272 1855 vomer
295 1811 532 1860 aduncus,
559 1811 1088 1870 assemsum-minant,
1113 1812 1323 1874 inquinet
1355 1828 1487 1857 arma
1515 1813 1660 1862 situs,
1700 1819 1835 1871 atque

122 1896 256 1940 etiam
285 1897 395 1940 alias
431 1903 564 1954 saepe
595 1896 713 1940 nitor
735 1900 817 1945 ‘et
839 1897 971 1941 situsz
988 1909 1030 1942 s.
1062 1897 1222 1953 rubigo
1249 1902 1540 1954 opponantur.
1600 1897 1694 1942 Sed
1724 1898 1836 1943 bene

122 1980 325 2024 observat
353 1981 546 2024 Vossius
575 1979 725 2023 situm
746 1979 801 2026 in
827 1977 1024 2024 tenebis
1061 1993 1159 2024 esse
1198 1981 1398 2024 inertiam
1431 1991 1684 2034 armorum,
1721 1991 1837 2047 quae

51 2096 54 2099 -
122 2065 278 2120 ignava
317 2065 490 2108 iaceant
527 2064 574 2108 in
612 2069 784 2109 remota
821 2062 955 2122 perte
977 2064 1132 2109 domus
1177 2069 1224 2108 et
1264 2065 1492 2120 neglecta,
1541 2064 1662 2108 velut
1694 2063 1835 2109 Vme.

121 2148 231 2191 Aen.
260 2147 359 2203 vll,
387 2149 505 2192 440:
550 2147 676 2191 victa
715 2147 815 2192 siric
850 2151 1061 2192 senectus
1101 2155 1170 2193 est
1212 2148 1269 2193 de
1312 2149 1486 2193 inertia.
1545 2149 1692 2204 Atque
1734 2146 1836 2192 huic

70 2226 73 2229 ’
119 2230 303 2274 inertiae
331 2232 567 2288 opponitur
605 2245 712 2276 usus
748 2231 907 2289 vigens
928 2234 1196 2278 rnnicorum
1227 2233 1637 2287 instrumentorum,
1681 2245 1709 2277 e
1737 2233 1838 2288 qui·

122 2312 208 2356 bus
245 2311 423 2361 bidens,
462 2320 515 2359 ut
553 2313 640 2360 hoe
673 2315 857 2372 addam,
901 2317 961 2361 ad
1002 2319 1152 2361 vineas
1191 2318 1395 2374 pertinet.
1433 2338 1436 2341 ,
1467 2316 1666 2362 Quaeras
1705 2326 1838 2371 porro

122 2395 230 2450 quid
257 2396 315 2439 sit
340 2397 461 2452 quod
489 2403 649 2454 poeta,
686 2398 776 2443 im
804 2403 910 2443 aute
937 2398 996 2443 de
1026 2399 1224 2443 aratione
1253 2403 1302 2442 et
1325 2398 1479 2442 vitium
1511 2398 1683 2441 cultura
1711 2397 1837 2440 locu·

125 2483 221 2534 tus,
265 2492 380 2524 nuuc
423 2481 580 2525 iterum
625 2481 683 2532 de
722 2482 777 2526 iis
831 2482 981 2527 dicere
1025 2482 1240 2528 videatur.
1301 2481 1475 2539 Nempe
1518 2481 1722 2527 transire>
1745 2481 1839 2525 vult

123 2560 180 2603 ad
232 2562 362 2606 aliam
404 2575 547 2606 rernm
591 2568 787 2620 partem,
847 2569 895 2608 et
935 2569 1116 2623 propter
1159 2563 1275 2609 huuc
1320 2566 1548 2608 transitum
1585 2564 1721 2609 verbo
1763 2577 1838 2609 re·

123 2645 237 2701 petit
277 2645 626 2690 antecedentium
669 2658 906 2702 sumnam,
927 2673 930 2676 ‹
953 2652 1004 2690 ut
1047 2646 1210 2691 factum
1253 2647 1290 2702 1,
1335 2650 1378 2702 1,
1421 2651 1496 2691 63.
1572 2645 1659 2690 Est
1702 2646 1839 2702 igitur

122 2738 285 2772 nexus=
331 2728 454 2772 Pace
493 2729 632 2773 tristia
674 2731 826 2774 militis
866 2743 988 2774 arma
1017 2731 1179 2787 ignava
1204 2732 1375 2786 iacent,
1413 2736 1464 2774 at
1494 2731 1644 2786 vigent
1676 2731 1838 2774 rustica

122 2813 316 2867 negotia,
344 2813 465 2868 viget
493 2814 710 2859 festorum-
732 2816 992 2860 rusticorum
1025 2814 1232 2860 hilaritas.
1293 2814 1495 2870 Denique
1523 2813 1694 2858 notabis
1724 2812 1837 2858 bene

123 2905 237 2937 nnnc
268 2895 399 2938 etiam
427 2900 625 2953 tempora
658 2903 853 2942 mutatas<
899 2899 1293 2957 Auterpraeteritis
1323 2899 1592 2956 temporibus
1618 2911 1723 2943 usus
1753 2905 1834 2954 est,

123 2978 357 3022 ostendeus
396 2983 446 3022 nt
484 2981 588 3024 olim
627 2980 727 3026 'Pax
768 2982 921 3027 rudem
964 2984 1103 3029 vitam
1138 2982 1356 3028 hominnm
1395 2982 1626 3027 mutaverit
1665 2982 1836 3026 cultura

123 3068 269 3106 terrae
309 3068 358 3108 et
398 3065 536 3121 copiis
581 3066 797 3110 ruralibus
838 3069 1116 3123 monstratis3
1163 3069 1243 3113 sed
1289 3068 1498 3113 debemus
1545 3066 1654 3111 Paci
1704 3067 1834 3111 etiam

123 3155 239 3188 nnnc
267 3144 378 3190 baec
422 3146 537 3190 dona
568 3153 618 3191 et
659 3147 773 3203 alia,
814 3149 930 3193 nude
963 3151 1049 3194 iam
1089 3151 1135 3194 iu
1175 3151 1501 3195 continuatione
1534 3144 1836 3207 descriptionis

123 3225 179 3269 ad
227 3240 433 3283 praesens
473 3233 646 3286 tempus
688 3230 845 3287 pergit.
875 3254 935 3265 --
988 3233 1041 3277 V.
1069 3236 1230 3290 511sq.
1280 3235 1565 3278 Rusticus
1610 3248 1636 3278 e
1679 3234 1835 3277 luco-

126 3323 234 3364 que
275 3310 444 3355 vehit.
519 3315 586 3358 De
626 3327 743 3358 nexu
794 3328 893 3360 cum
924 3317 1283 3362 antecedentibus
1319 3318 1451 3361 modo
1497 3317 1687 3370 dictum,
1727 3329 1833 3370 sup-

127 3392 264 3447 plebis
294 3393 427 3448 igitur
450 3408 577 3452 pace.
637 3398 843 3442 Ceterum
873 3411 985 3458 que,
1030 3400 1196 3446 Vossxo
1229 3400 1297 3445 hic
1326 3400 1443 3456 quod
1474 3399 1728 3456 displicuit,
1767 3396 1833 3440 ni·
