<?xml version="1.0" encoding="UTF-8"?>
<!DOCTYPE html PUBLIC "-//W3C//DTD XHTML 1.0 Transitional//EN"
    "http://www.w3.org/TR/xhtml1/DTD/xhtml1-transitional.dtd">
<html xmlns="http://www.w3.org/1999/xhtml" xml:lang="en" lang="en">
 <head>
  <title>
</title>
<meta http-equiv="Content-Type" content="text/html;charset=utf-8" />
  <meta name='ocr-system' content='tesseract 3.04.00' />
  <meta name='ocr-capabilities' content='ocr_page ocr_carea ocr_par ocr_line ocrx_word'/>
</head>
<body>
  <div class='ocr_page' id='page_1' title='image "./carminaexrecensi01tibuuoft_0238.png"; bbox 0 0 2158 3750; ppageno 0'>
   <div class='ocr_carea' id='block_1_1' title="bbox 300 213 1490 273">
    <p class='ocr_par' dir='ltr' id='par_1_1' title="bbox 300 213 1490 273">
     <span class='ocr_line' id='line_1_1' title="bbox 300 213 1490 273; baseline 0 -1"><span class='ocrx_word' id='word_1_1' title='bbox 300 213 384 272; x_wconf 68' lang='lat' dir='ltr'>lto</span> <span class='ocrx_word' id='word_1_2' title='bbox 818 214 1122 270; x_wconf 68' lang='lat' dir='ltr'>&#39;t‘fflULLI</span> <span class='ocrx_word' id='word_1_3' title='bbox 1180 213 1318 271; x_wconf 76' lang='lat' dir='ltr'>Llss.</span> <span class='ocrx_word' id='word_1_4' title='bbox 1350 215 1415 271; x_wconf 90' lang='lat'>11.</span> <span class='ocrx_word' id='word_1_5' title='bbox 1453 227 1490 273; x_wconf 79' lang='lat'>1.</span> 
     </span>
    </p>
   </div>
   <div class='ocr_carea' id='block_1_2' title="bbox 303 366 2018 3259">
    <p class='ocr_par' dir='ltr' id='par_1_2' title="bbox 308 366 1918 771">
     <span class='ocr_line' id='line_1_2' title="bbox 375 366 1894 449; baseline 0.001 -23"><span class='ocrx_word' id='word_1_6' title='bbox 375 369 537 426; x_wconf 85' lang='lat' dir='ltr'>Casta</span> <span class='ocrx_word' id='word_1_7' title='bbox 583 366 805 448; x_wconf 80' lang='lat' dir='ltr'>placent</span> <span class='ocrx_word' id='word_1_8' title='bbox 850 366 1102 447; x_wconf 86' lang='lat' dir='ltr'>superis:</span> <span class='ocrx_word' id='word_1_9' title='bbox 1168 390 1313 449; x_wconf 88' lang='lat' dir='ltr'>pura</span> <span class='ocrx_word' id='word_1_10' title='bbox 1351 391 1478 428; x_wconf 88' lang='lat' dir='ltr'>cum</span> <span class='ocrx_word' id='word_1_11' title='bbox 1523 383 1671 428; x_wconf 88' lang='lat' dir='ltr'>veste</span> <span class='ocrx_word' id='word_1_12' title='bbox 1715 371 1894 429; x_wconf 87' lang='lat' dir='ltr'>venite</span> 
     </span>
     <span class='ocr_line' id='line_1_3' title="bbox 461 474 1775 558; baseline 0.002 -25"><span class='ocrx_word' id='word_1_13' title='bbox 461 476 529 533; x_wconf 83' lang='lat' dir='ltr'>Et</span> <span class='ocrx_word' id='word_1_14' title='bbox 576 474 840 533; x_wconf 85' lang='lat' dir='ltr'>manibus</span> <span class='ocrx_word' id='word_1_15' title='bbox 885 475 1044 555; x_wconf 86' lang='lat' dir='ltr'>puris</span> <span class='ocrx_word' id='word_1_16' title='bbox 1090 477 1290 535; x_wconf 87' lang='lat' dir='ltr'>sumite</span> <span class='ocrx_word' id='word_1_17' title='bbox 1337 477 1509 536; x_wconf 86' lang='lat' dir='ltr'>fontis</span> <span class='ocrx_word' id='word_1_18' title='bbox 1556 501 1775 558; x_wconf 87' lang='lat' dir='ltr'>aquam.</span> 
     </span>
     <span class='ocr_line' id='line_1_4' title="bbox 308 580 1918 664; baseline 0.002 -25"><span class='ocrx_word' id='word_1_19' title='bbox 308 582 629 652; x_wconf 79' lang='lat' dir='ltr'>15Cernite‚</span> <span class='ocrx_word' id='word_1_20' title='bbox 685 580 964 661; x_wconf 73' lang='lat' dir='ltr'>fulgentes</span> <span class='ocrx_word' id='word_1_21' title='bbox 1018 597 1080 641; x_wconf 92' lang='lat' dir='ltr'>ut</span> <span class='ocrx_word' id='word_1_22' title='bbox 1125 599 1213 645; x_wconf 85' lang='lat' dir='ltr'>eat</span> <span class='ocrx_word' id='word_1_23' title='bbox 1248 607 1408 643; x_wconf 87' lang='lat' dir='ltr'>sacer</span> <span class='ocrx_word' id='word_1_24' title='bbox 1448 608 1628 664; x_wconf 88' lang='lat' dir='ltr'>agnus</span> <span class='ocrx_word' id='word_1_25' title='bbox 1676 584 1750 643; x_wconf 88' lang='lat' dir='ltr'>ad</span> <span class='ocrx_word' id='word_1_26' title='bbox 1793 608 1918 643; x_wconf 87' lang='lat' dir='ltr'>aras</span> 
     </span>
     <span class='ocr_line' id='line_1_5' title="bbox 456 687 1853 771; baseline 0.004 -26"><span class='ocrx_word' id='word_1_27' title='bbox 456 687 772 770; x_wconf 65' lang='lat' dir='ltr'>Vinctaque</span> <span class='ocrx_word' id='word_1_28' title='bbox 809 704 940 771; x_wconf 90' lang='lat' dir='ltr'>post</span> <span class='ocrx_word' id='word_1_29' title='bbox 983 689 1104 750; x_wconf 90' lang='lat' dir='ltr'>olea</span> <span class='ocrx_word' id='word_1_30' title='bbox 1150 691 1395 751; x_wconf 87' lang='lat' dir='ltr'>candida</span> <span class='ocrx_word' id='word_1_31' title='bbox 1439 691 1606 750; x_wconf 85' lang='lat' dir='ltr'>turba</span> <span class='ocrx_word' id='word_1_32' title='bbox 1648 715 1853 752; x_wconf 73' lang='lat' dir='ltr'>comas</span> 
     </span>
    </p>

    <p class='ocr_par' dir='ltr' id='par_1_3' title="bbox 303 795 2018 3259">
     <span class='ocr_line' id='line_1_6' title="bbox 370 795 1983 881; baseline 0.003 -28"><span class='ocrx_word' id='word_1_33' title='bbox 370 795 467 854; x_wconf 85' lang='lat' dir='ltr'>Dii</span> <span class='ocrx_word' id='word_1_34' title='bbox 512 795 712 877; x_wconf 85' lang='lat' dir='ltr'>patrii,</span> <span class='ocrx_word' id='word_1_35' title='bbox 751 820 1064 878; x_wconf 86' lang='lat' dir='ltr'>purgamus</span> <span class='ocrx_word' id='word_1_36' title='bbox 1108 822 1306 880; x_wconf 82' lang='lat' dir='ltr'>agrOS‚</span> <span class='ocrx_word' id='word_1_37' title='bbox 1355 822 1669 881; x_wconf 86' lang='lat' dir='ltr'>purgamus</span> <span class='ocrx_word' id='word_1_38' title='bbox 1707 813 1983 880; x_wconf 79' lang='lat' dir='ltr'><strong>agrestes:</strong></span> 
     </span>
     <span class='ocr_line' id='line_1_7' title="bbox 454 903 1692 990; baseline 0.004 -28"><span class='ocrx_word' id='word_1_39' title='bbox 454 907 570 967; x_wconf 85' lang='lat' dir='ltr'>Vos</span> <span class='ocrx_word' id='word_1_40' title='bbox 616 903 764 971; x_wconf 88' lang='lat' dir='ltr'>mala</span> <span class='ocrx_word' id='word_1_41' title='bbox 802 905 871 965; x_wconf 87' lang='lat' dir='ltr'>de</span> <span class='ocrx_word' id='word_1_42' title='bbox 909 907 1119 970; x_wconf 85' lang='lat' dir='ltr'>nostris</span> <span class='ocrx_word' id='word_1_43' title='bbox 1164 907 1351 990; x_wconf 80' lang='lat' dir='ltr'>pellite</span> <span class='ocrx_word' id='word_1_44' title='bbox 1389 907 1692 980; x_wconf 82' lang='lat' dir='ltr'>limitibus,</span> 
     </span>
     <span class='ocr_line' id='line_1_8' title="bbox 372 1012 1825 1093; baseline 0.003 -23"><span class='ocrx_word' id='word_1_45' title='bbox 372 1012 495 1071; x_wconf 86' lang='lat' dir='ltr'>Neu</span> <span class='ocrx_word' id='word_1_46' title='bbox 543 1035 702 1093; x_wconf 86' lang='lat' dir='ltr'>seges</span> <span class='ocrx_word' id='word_1_47' title='bbox 744 1012 934 1074; x_wconf 78' lang='lat' dir='ltr'>eludat</span> <span class='ocrx_word' id='word_1_48' title='bbox 975 1038 1210 1074; x_wconf 89' lang='lat' dir='ltr'>messem</span> <span class='ocrx_word' id='word_1_49' title='bbox 1259 1015 1558 1075; x_wconf 81' lang='lat' dir='ltr'>fallacibus</span> <span class='ocrx_word' id='word_1_50' title='bbox 1599 1015 1825 1087; x_wconf 77' lang='lat' dir='ltr'>herbiS‚</span> 
     </span>
     <span class='ocr_line' id='line_1_9' title="bbox 303 1121 1743 1206; baseline 0.004 -29"><span class='ocrx_word' id='word_1_51' title='bbox 303 1135 365 1178; x_wconf 81' lang='lat'>20</span> <span class='ocrx_word' id='word_1_52' title='bbox 461 1121 586 1179; x_wconf 87' lang='lat' dir='ltr'>Neu</span> <span class='ocrx_word' id='word_1_53' title='bbox 631 1121 822 1181; x_wconf 82' lang='lat' dir='ltr'>timeat</span> <span class='ocrx_word' id='word_1_54' title='bbox 860 1121 1065 1184; x_wconf 84' lang='lat' dir='ltr'>celeres</span> <span class='ocrx_word' id='word_1_55' title='bbox 1110 1123 1330 1183; x_wconf 84' lang='lat' dir='ltr'>tardior</span> <span class='ocrx_word' id='word_1_56' title='bbox 1374 1147 1522 1203; x_wconf 86' lang='lat' dir='ltr'>agna</span> <span class='ocrx_word' id='word_1_57' title='bbox 1563 1124 1743 1206; x_wconf 74' lang='lat' dir='ltr'>lupos</span> 
     </span>
     <span class='ocr_line' id='line_1_10' title="bbox 374 1228 1794 1311; baseline 0.003 -25"><span class='ocrx_word' id='word_1_58' title='bbox 374 1229 521 1287; x_wconf 87' lang='lat' dir='ltr'>Tum</span> <span class='ocrx_word' id='word_1_59' title='bbox 567 1228 782 1287; x_wconf 89' lang='lat' dir='ltr'>nitidus</span> <span class='ocrx_word' id='word_1_60' title='bbox 828 1228 1012 1310; x_wconf 86' lang='lat' dir='ltr'>plenis</span> <span class='ocrx_word' id='word_1_61' title='bbox 1060 1228 1308 1289; x_wconf 85' lang='lat' dir='ltr'>confisus</span> <span class='ocrx_word' id='word_1_62' title='bbox 1353 1230 1597 1290; x_wconf 89' lang='lat' dir='ltr'>rusticus</span> <span class='ocrx_word' id='word_1_63' title='bbox 1643 1232 1794 1311; x_wconf 83' lang='lat' dir='ltr'>agris</span> 
     </span>
     <span class='ocr_line' id='line_1_11' title="bbox 435 1336 1604 1419; baseline 0.003 -25"><span class='ocrx_word' id='word_1_64' title='bbox 435 1337 662 1416; x_wconf 86' lang='lat' dir='ltr'>Ingeret</span> <span class='ocrx_word' id='word_1_65' title='bbox 703 1336 922 1396; x_wconf 79' lang='lat' dir='ltr'>ardenti</span> <span class='ocrx_word' id='word_1_66' title='bbox 965 1337 1207 1417; x_wconf 82' lang='lat' dir='ltr'>grandia</span> <span class='ocrx_word' id='word_1_67' title='bbox 1245 1337 1402 1419; x_wconf 85' lang='lat' dir='ltr'>ligna</span> <span class='ocrx_word' id='word_1_68' title='bbox 1445 1339 1604 1412; x_wconf 80' lang='lat' dir='ltr'>foen,</span> 
     </span>
     <span class='ocr_line' id='line_1_12' title="bbox 365 1443 1936 1526; baseline 0.001 -24"><span class='ocrx_word' id='word_1_69' title='bbox 365 1443 674 1525; x_wconf 86' lang='lat' dir='ltr'>Turbaque</span> <span class='ocrx_word' id='word_1_70' title='bbox 713 1468 1044 1518; x_wconf 81' lang='lat' dir='ltr'>vernarum,</span> <span class='ocrx_word' id='word_1_71' title='bbox 1101 1445 1278 1505; x_wconf 86' lang='lat' dir='ltr'>saturi</span> <span class='ocrx_word' id='word_1_72' title='bbox 1321 1447 1474 1507; x_wconf 87' lang='lat' dir='ltr'>bona</span> <span class='ocrx_word' id='word_1_73' title='bbox 1517 1447 1682 1526; x_wconf 85' lang='lat' dir='ltr'>signa</span> <span class='ocrx_word' id='word_1_74' title='bbox 1721 1446 1936 1519; x_wconf 84' lang='lat' dir='ltr'>coloni,</span> 
     </span>
     <span class='ocr_line' id='line_1_13' title="bbox 458 1537 1711 1634; baseline 0.003 -23"><span class='ocrx_word' id='word_1_75' title='bbox 458 1537 642 1611; x_wconf 78' lang='lat' dir='ltr'>Ludet</span> <span class='ocrx_word' id='word_1_76' title='bbox 688 1567 737 1611; x_wconf 87' lang='lat' dir='ltr'>et</span> <span class='ocrx_word' id='word_1_77' title='bbox 784 1576 849 1613; x_wconf 85' lang='lat' dir='ltr'>ex</span> <span class='ocrx_word' id='word_1_78' title='bbox 894 1553 1065 1634; x_wconf 85' lang='lat' dir='ltr'>virgis</span> <span class='ocrx_word' id='word_1_79' title='bbox 1112 1569 1326 1614; x_wconf 87' lang='lat' dir='ltr'>extruet</span> <span class='ocrx_word' id='word_1_80' title='bbox 1366 1570 1494 1618; x_wconf 84' lang='lat' dir='ltr'>ante</span> <span class='ocrx_word' id='word_1_81' title='bbox 1538 1579 1711 1615; x_wconf 90' lang='lat' dir='ltr'>casas.</span> 
     </span>
     <span class='ocr_line' id='line_1_14' title="bbox 307 1661 1758 1742; baseline 0 -20"><span class='ocrx_word' id='word_1_82' title='bbox 307 1661 662 1722; x_wconf 79' lang='lat' dir='ltr'>25Eventura</span> <span class='ocrx_word' id='word_1_83' title='bbox 707 1684 942 1742; x_wconf 86' lang='lat' dir='ltr'>precor:</span> <span class='ocrx_word' id='word_1_84' title='bbox 1005 1661 1174 1721; x_wconf 85' lang='lat' dir='ltr'>viden</span> <span class='ocrx_word' id='word_1_85' title='bbox 1219 1678 1282 1722; x_wconf 93' lang='lat' dir='ltr'>ut</span> <span class='ocrx_word' id='word_1_86' title='bbox 1317 1662 1577 1723; x_wconf 87' lang='lat' dir='ltr'>felicibus</span> <span class='ocrx_word' id='word_1_87' title='bbox 1621 1663 1758 1722; x_wconf 84' lang='lat' dir='ltr'>extis</span> 
     </span>
     <span class='ocr_line' id='line_1_15' title="bbox 463 1766 1711 1851; baseline 0.002 -25"><span class='ocrx_word' id='word_1_88' title='bbox 463 1766 759 1848; x_wconf 86' lang='lat' dir='ltr'>Significet</span> <span class='ocrx_word' id='word_1_89' title='bbox 799 1768 1056 1851; x_wconf 89' lang='lat' dir='ltr'>placidos</span> <span class='ocrx_word' id='word_1_90' title='bbox 1100 1770 1299 1830; x_wconf 86' lang='lat' dir='ltr'>nuntia</span> <span class='ocrx_word' id='word_1_91' title='bbox 1340 1769 1487 1830; x_wconf 87' lang='lat' dir='ltr'>fibra</span> <span class='ocrx_word' id='word_1_92' title='bbox 1533 1770 1711 1830; x_wconf 80' lang='lat' dir='ltr'>deos?</span> 
     </span>
     <span class='ocr_line' id='line_1_16' title="bbox 379 1875 1864 1962; baseline 0.001 -25"><span class='ocrx_word' id='word_1_93' title='bbox 379 1878 547 1937; x_wconf 85' lang='lat' dir='ltr'>Nunc</span> <span class='ocrx_word' id='word_1_94' title='bbox 590 1875 731 1935; x_wconf 87' lang='lat' dir='ltr'>mihi</span> <span class='ocrx_word' id='word_1_95' title='bbox 767 1876 1023 1937; x_wconf 89' lang='lat' dir='ltr'>fumosos</span> <span class='ocrx_word' id='word_1_96' title='bbox 1060 1878 1260 1938; x_wconf 87' lang='lat' dir='ltr'>veteris</span> <span class='ocrx_word' id='word_1_97' title='bbox 1297 1879 1546 1962; x_wconf 89' lang='lat' dir='ltr'>proferte</span> <span class='ocrx_word' id='word_1_98' title='bbox 1588 1877 1864 1938; x_wconf 88' lang='lat' dir='ltr'>Falernos</span> 
     </span>
     <span class='ocr_line' id='line_1_17' title="bbox 467 1985 1689 2048; baseline 0.002 -4"><span class='ocrx_word' id='word_1_99' title='bbox 467 1985 729 2045; x_wconf 86' lang='lat' dir='ltr'>Consulis</span> <span class='ocrx_word' id='word_1_100' title='bbox 777 2001 829 2045; x_wconf 91' lang='lat' dir='ltr'>et</span> <span class='ocrx_word' id='word_1_101' title='bbox 872 1986 1013 2046; x_wconf 88' lang='lat' dir='ltr'>Chio</span> <span class='ocrx_word' id='word_1_102' title='bbox 1061 1987 1255 2048; x_wconf 85' lang='lat' dir='ltr'>solvite</span> <span class='ocrx_word' id='word_1_103' title='bbox 1301 1987 1484 2048; x_wconf 88' lang='lat' dir='ltr'>vincla</span> <span class='ocrx_word' id='word_1_104' title='bbox 1531 1987 1689 2048; x_wconf 89' lang='lat' dir='ltr'>cad0.</span> 
     </span>
     <span class='ocr_line' id='line_1_18' title="bbox 375 2093 1877 2155; baseline 0.001 -2"><span class='ocrx_word' id='word_1_105' title='bbox 375 2094 522 2154; x_wconf 82' lang='lat' dir='ltr'>Vina</span> <span class='ocrx_word' id='word_1_106' title='bbox 568 2093 717 2154; x_wconf 89' lang='lat' dir='ltr'>diem</span> <span class='ocrx_word' id='word_1_107' title='bbox 766 2093 1077 2155; x_wconf 85' lang='lat' dir='ltr'>celebrent:</span> <span class='ocrx_word' id='word_1_108' title='bbox 1145 2119 1262 2155; x_wconf 92' lang='lat' dir='ltr'>non</span> <span class='ocrx_word' id='word_1_109' title='bbox 1307 2095 1450 2155; x_wconf 85' lang='lat' dir='ltr'>festa</span> <span class='ocrx_word' id='word_1_110' title='bbox 1484 2094 1609 2155; x_wconf 87' lang='lat' dir='ltr'>luce</span> <span class='ocrx_word' id='word_1_111' title='bbox 1649 2093 1877 2154; x_wconf 88' lang='lat' dir='ltr'>madere</span> 
     </span>
     <span class='ocr_line' id='line_1_19' title="bbox 310 2203 1836 2286; baseline 0.002 -27"><span class='ocrx_word' id='word_1_112' title='bbox 310 2215 371 2259; x_wconf 88' lang='lat'>30</span> <span class='ocrx_word' id='word_1_113' title='bbox 468 2203 568 2262; x_wconf 90' lang='lat' dir='ltr'>Est</span> <span class='ocrx_word' id='word_1_114' title='bbox 613 2203 821 2276; x_wconf 82' lang='lat' dir='ltr'>rubor,</span> <span class='ocrx_word' id='word_1_115' title='bbox 879 2218 1129 2264; x_wconf 77' lang='lat' dir='ltr'>errantes</span> <span class='ocrx_word' id='word_1_116' title='bbox 1177 2219 1230 2263; x_wconf 86' lang='lat' dir='ltr'>et</span> <span class='ocrx_word' id='word_1_117' title='bbox 1270 2203 1414 2263; x_wconf 87' lang='lat' dir='ltr'>male</span> <span class='ocrx_word' id='word_1_118' title='bbox 1454 2204 1601 2263; x_wconf 86' lang='lat' dir='ltr'>ferre</span> <span class='ocrx_word' id='word_1_119' title='bbox 1645 2203 1836 2286; x_wconf 81' lang='lat' dir='ltr'>pedes,</span> 
     </span>
     <span class='ocr_line' id='line_1_20' title="bbox 376 2310 2018 2397; baseline -0.002 -25"><span class='ocrx_word' id='word_1_120' title='bbox 376 2310 493 2372; x_wconf 86' lang='lat' dir='ltr'>Sed</span> <span class='ocrx_word' id='word_1_121' title='bbox 530 2310 701 2374; x_wconf 85' lang='lat' dir='ltr'>‘bene</span> <span class='ocrx_word' id='word_1_122' title='bbox 727 2310 1061 2371; x_wconf 88' lang='lat' dir='ltr'>Messalam&#39;</span> <span class='ocrx_word' id='word_1_123' title='bbox 1092 2336 1194 2371; x_wconf 91' lang='lat' dir='ltr'>sua</span> <span class='ocrx_word' id='word_1_124' title='bbox 1232 2312 1472 2397; x_wconf 89' lang='lat' dir='ltr'>quisque</span> <span class='ocrx_word' id='word_1_125' title='bbox 1511 2311 1585 2371; x_wconf 91' lang='lat' dir='ltr'>ad</span> <span class='ocrx_word' id='word_1_126' title='bbox 1614 2310 1820 2394; x_wconf 86' lang='lat' dir='ltr'>pocula</span> <span class='ocrx_word' id='word_1_127' title='bbox 1850 2310 2018 2386; x_wconf 88' lang='lat' dir='ltr'>dicat,</span> 
     </span>
     <span class='ocr_line' id='line_1_21' title="bbox 465 2419 1824 2500; baseline 0 -22"><span class='ocrx_word' id='word_1_128' title='bbox 465 2419 687 2478; x_wconf 88' lang='lat' dir='ltr'>Nomen</span> <span class='ocrx_word' id='word_1_129' title='bbox 735 2433 787 2478; x_wconf 86' lang='lat' dir='ltr'>et</span> <span class='ocrx_word' id='word_1_130' title='bbox 824 2419 1073 2479; x_wconf 85' lang='lat' dir='ltr'>absentis</span> <span class='ocrx_word' id='word_1_131' title='bbox 1120 2419 1344 2500; x_wconf 85' lang='lat' dir='ltr'>singula</span> <span class='ocrx_word' id='word_1_132' title='bbox 1389 2419 1562 2480; x_wconf 84' lang='lat' dir='ltr'>verba</span> <span class='ocrx_word' id='word_1_133' title='bbox 1606 2433 1824 2479; x_wconf 87' lang='lat' dir='ltr'>sonent.</span> 
     </span>
     <span class='ocr_line' id='line_1_22' title="bbox 387 2527 1864 2614; baseline 0 -27"><span class='ocrx_word' id='word_1_134' title='bbox 387 2527 587 2587; x_wconf 85' lang='lat' dir='ltr'>Gentis</span> <span class='ocrx_word' id='word_1_135' title='bbox 633 2527 953 2610; x_wconf 84' lang='lat' dir='ltr'>Aquitanae</span> <span class='ocrx_word' id='word_1_136' title='bbox 1001 2527 1220 2588; x_wconf 89' lang='lat' dir='ltr'>celeber</span> <span class='ocrx_word' id='word_1_137' title='bbox 1264 2527 1511 2589; x_wconf 85' lang='lat' dir='ltr'>Messala</span> <span class='ocrx_word' id='word_1_138' title='bbox 1559 2527 1864 2614; x_wconf 84' lang='lat' dir='ltr'>triumphis</span> 
     </span>
     <span class='ocr_line' id='line_1_23' title="bbox 465 2637 1715 2718; baseline 0.001 -23"><span class='ocrx_word' id='word_1_139' title='bbox 465 2637 536 2696; x_wconf 88' lang='lat' dir='ltr'>Et</span> <span class='ocrx_word' id='word_1_140' title='bbox 580 2661 788 2717; x_wconf 85' lang='lat' dir='ltr'>magna</span> <span class='ocrx_word' id='word_1_141' title='bbox 832 2637 1073 2701; x_wconf 84' lang='lat' dir='ltr'>intonsis</span> <span class='ocrx_word' id='word_1_142' title='bbox 1119 2637 1300 2718; x_wconf 84' lang='lat' dir='ltr'>gloria</span> <span class='ocrx_word' id='word_1_143' title='bbox 1346 2637 1526 2697; x_wconf 82' lang='lat' dir='ltr'>vietor</span> <span class='ocrx_word' id='word_1_144' title='bbox 1569 2637 1715 2709; x_wconf 81' lang='lat' dir='ltr'>aviS‚</span> 
     </span>
     <span class='ocr_line' id='line_1_24' title="bbox 311 2744 1961 2826; baseline 0.002 -25"><span class='ocrx_word' id='word_1_145' title='bbox 311 2758 370 2801; x_wconf 77' lang='lat'>35</span> <span class='ocrx_word' id='word_1_146' title='bbox 386 2746 512 2806; x_wconf 83' lang='lat' dir='ltr'>I-lue</span> <span class='ocrx_word' id='word_1_147' title='bbox 559 2744 694 2804; x_wconf 87' lang='lat' dir='ltr'>ades</span> <span class='ocrx_word' id='word_1_148' title='bbox 734 2745 1034 2826; x_wconf 88' lang='lat' dir='ltr'>aspiraque</span> <span class='ocrx_word' id='word_1_149' title='bbox 1078 2745 1247 2817; x_wconf 81' lang='lat' dir='ltr'>mihi,</span> <span class='ocrx_word' id='word_1_150' title='bbox 1299 2746 1433 2804; x_wconf 89' lang='lat' dir='ltr'>dum</span> <span class='ocrx_word' id='word_1_151' title='bbox 1474 2746 1722 2805; x_wconf 87' lang='lat' dir='ltr'>carmine</span> <span class='ocrx_word' id='word_1_152' title='bbox 1765 2759 1961 2804; x_wconf 87' lang='lat' dir='ltr'>nostro</span> 
     </span>
     <span class='ocr_line' id='line_1_25' title="bbox 472 2851 1621 2932; baseline -0.001 -19"><span class='ocrx_word' id='word_1_153' title='bbox 472 2852 755 2913; x_wconf 82' lang='lat' dir='ltr'>Redditur</span> <span class='ocrx_word' id='word_1_154' title='bbox 799 2851 1062 2931; x_wconf 81' lang='lat' dir='ltr'>agricolis</span> <span class='ocrx_word' id='word_1_155' title='bbox 1102 2853 1282 2932; x_wconf 85' lang='lat' dir='ltr'>gratia</span> <span class='ocrx_word' id='word_1_156' title='bbox 1329 2853 1621 2915; x_wconf 87' lang='lat' dir='ltr'>caelitibus</span> 
     </span>
     <span class='ocr_line' id='line_1_26' title="bbox 386 2959 1854 3042; baseline 0.001 -23"><span class='ocrx_word' id='word_1_157' title='bbox 386 2961 543 3019; x_wconf 82' lang='lat' dir='ltr'>Rura</span> <span class='ocrx_word' id='word_1_158' title='bbox 588 2983 730 3018; x_wconf 89' lang='lat' dir='ltr'>cano</span> <span class='ocrx_word' id='word_1_159' title='bbox 776 2959 1038 3042; x_wconf 89' lang='lat' dir='ltr'>rurisque</span> <span class='ocrx_word' id='word_1_160' title='bbox 1085 2960 1236 3020; x_wconf 91' lang='lat' dir='ltr'>deos.</span> <span class='ocrx_word' id='word_1_161' title='bbox 1282 2960 1371 3020; x_wconf 91' lang='lat' dir='ltr'>his</span> <span class='ocrx_word' id='word_1_162' title='bbox 1413 2962 1525 3020; x_wconf 88' lang='lat' dir='ltr'>vita</span> <span class='ocrx_word' id='word_1_163' title='bbox 1568 2960 1854 3041; x_wconf 85' lang='lat' dir='ltr'>magistris</span> 
     </span>
     <span class='ocr_line' id='line_1_27' title="bbox 469 3068 1784 3150; baseline 0.002 -24"><span class='ocrx_word' id='word_1_164' title='bbox 469 3068 737 3127; x_wconf 89' lang='lat' dir='ltr'>Desuevit</span> <span class='ocrx_word' id='word_1_165' title='bbox 782 3092 998 3150; x_wconf 89' lang='lat' dir='ltr'>querna</span> <span class='ocrx_word' id='word_1_166' title='bbox 1043 3069 1249 3150; x_wconf 87' lang='lat' dir='ltr'>pellere</span> <span class='ocrx_word' id='word_1_167' title='bbox 1296 3069 1504 3150; x_wconf 87' lang='lat' dir='ltr'>glande</span> <span class='ocrx_word' id='word_1_168' title='bbox 1548 3070 1784 3129; x_wconf 87' lang='lat' dir='ltr'>famem:</span> 
     </span>
     <span class='ocr_line' id='line_1_28' title="bbox 379 3176 1652 3259; baseline -0.001 -22"><span class='ocrx_word' id='word_1_169' title='bbox 379 3177 462 3237; x_wconf 86' lang='lat' dir='ltr'>llli</span> <span class='ocrx_word' id='word_1_170' title='bbox 510 3176 835 3258; x_wconf 85' lang='lat' dir='ltr'>compositis</span> <span class='ocrx_word' id='word_1_171' title='bbox 883 3176 1127 3258; x_wconf 85' lang='lat' dir='ltr'>primum</span> <span class='ocrx_word' id='word_1_172' title='bbox 1177 3178 1421 3240; x_wconf 81' lang='lat' dir='ltr'>docuere</span> <span class='ocrx_word' id='word_1_173' title='bbox 1461 3177 1652 3259; x_wconf 84' lang='lat' dir='ltr'>tigillis</span> 
     </span>
    </p>
   </div>
   <div class='ocr_carea' id='block_1_3' title="bbox 317 3284 1791 3368">
    <p class='ocr_par' dir='ltr' id='par_1_4' title="bbox 317 3284 1791 3368">
     <span class='ocr_line' id='line_1_29' title="bbox 317 3284 1791 3368; baseline 0 -24"><span class='ocrx_word' id='word_1_174' title='bbox 317 3297 376 3344; x_wconf 60' lang='lat' dir='ltr'>ito</span> <span class='ocrx_word' id='word_1_175' title='bbox 475 3286 751 3366; x_wconf 81' lang='lat' dir='ltr'>Exiguam</span> <span class='ocrx_word' id='word_1_176' title='bbox 798 3284 963 3343; x_wconf 81' lang='lat' dir='ltr'>viridi</span> <span class='ocrx_word' id='word_1_177' title='bbox 1010 3286 1213 3344; x_wconf 81' lang='lat' dir='ltr'>fronde</span> <span class='ocrx_word' id='word_1_178' title='bbox 1259 3287 1479 3368; x_wconf 78' lang='lat' dir='ltr'>operi1·e</span> <span class='ocrx_word' id='word_1_179' title='bbox 1528 3286 1791 3357; x_wconf 78' lang='lat' dir='ltr'>domum,</span> 
     </span>
    </p>
   </div>
  </div>
 </body>
</html>
