2158 3750
630 232 814 287 LIBR.
851 235 945 287 lv.
1019 232 1247 287 GARM',
1263 233 1366 286 -1v,
1733 240 1835 289 439

558 607 1157 671 CARMEN
1288 615 1393 674 IV.

727 981 1242 1057 INTRODUC'TIO.

129 1190 438 1273 Aegrotaute
479 1218 677 1275 Sulpicia
718 1223 878 1276 poeta,
923 1218 1088 1262 amicus
1119 1216 1344 1272 Cetium,
1389 1200 1631 1276 Apollinem
1650 1203 1833 1263 *invocat

127 1308 177 1345 ut
207 1302 432 1346 medeatur
460 1303 659 1359 puellae,
702 1307 747 1346 et
775 1301 886 1347 hanc
918 1307 1023 1360 puta
1051 1311 1260 1347 summam
1292 1302 1502 1346 carminis.
1575 1289 1831 1346 Estautem

127 1391 195 1430 ter
227 1388 415 1444 repetita
442 1389 659 1432 invocatio
690 1387 790 1442 dei,
835 1394 880 1432 et
920 1386 1053 1432 habet
1097 1394 1272 1432 carmen
1313 1386 1535 1444 pulchram
1577 1379 1830 1431 divisionem

128 1469 325 1524 partium.
386 1470 635 1514 Primum
667 1466 782 1514 enim
810 1465 940 1514 vocat
968 1469 1098 1513 deum
1126 1474 1176 1512 ut
1197 1470 1392 1514 morbum
1418 1470 1634 1514 formosae
1657 1467 1829 1526 puellae

127 1551 343 1606 expellat,
373 1563 430 1595 ue
458 1556 660 1609 turpetur
687 1557 847 1610 corpus
877 1553 1013 1596 macie
1043 1552 1090 1595 et
1119 1553 1312 1608 pallore,
1341 1557 1474 1608 atque
1505 1554 1633 1595 etiarn
1664 1542 1826 1596 maiora

125 1636 238 1678 mala
271 1639 452 1680 avertat.
513 1637 579 1679 Ac
619 1646 700 1692 par
741 1637 836 1680 erat
876 1636 934 1679 ab
979 1633 1059 1679 lna·
1087 1636 1255 1679 initium
1298 1627 1406 1679 ficri.
1470 1636 1582 1680 Tum
1613 1637 1828 1679 iterum

125 1733 222 1764 eum
251 1727 379 1764 vocat
407 1733 506 1764 cum
528 1721 859 1766 medicamentis
890 1720 1090 1766 omuibus
1119 1726 1166 1765 et
1197 1721 1407 1775 cautibus,
1432 1726 1482 1764 ut
1505 1721 1634 1765 etiam
1659 1721 1828 1765 iuvenis

122 1806 304 1848 amantis
333 1806 527 1848 anxietas
556 1807 770 1861 solvatur,
801 1807 876 1861 qui
906 1808 1090 1849 mortem
1121 1806 1293 1862 puellae
1325 1806 1500 1860 timeat,
1539 1797 1650 1848 bunc
1677 1802 1822 1849 autem

124 1889 265 1945 ipsum
305 1888 501 1932 hortatur
542 1893 591 1932 ut
631 1889 747 1932 bono
788 1890 931 1933 animo
973 1891 1031 1933 sit
1070 1893 1116 1933 et
1145 1891 1309 1946 optima
1351 1894 1522 1945 speret,
1572 1886 1670 1933 cum
1713 1889 1823 1932 deus

123 1986 208 2016 non
239 1974 383 2017 laedat
406 1972 620 2018 amantes.
680 1971 880 2029 Denique
909 1975 1148 2017 tertium
1180 1974 1352 2016 invocat
1375 1971 1614 2028 Phoebum,
1646 1978 1691 2016 et
1713 1986 1826 2017 nunc

122 2056 295 2111 quidem
327 2046 621 2112 complectens
654 2056 817 2112 primae
848 2059 894 2098 et
922 2055 1139 2098 secundae
1179 2055 1315 2110 partis
1347 2067 1578 2111 summam,
1622 2059 1827 2113 precatur

121 2143 171 2182 ut
201 2141 245 2182 in
275 2148 363 2181 uno
394 2151 578 2195 corpore
609 2141 784 2180 servato
815 2135 926 2180 duos
957 2136 1185 2188 restituat,
1231 2135 1504 2191 spondetque
1544 2136 1585 2178 ei
1625 2137 1823 2179 certatim

118 2219 174 2262 ab
203 2225 390 2276 utroque
421 2224 593 2263 amante
622 2218 848 2263 offerenda
878 2211 992 2261 (fona
1022 2221 1067 2260 et
1106 2217 1300 2273 ipsorum
1334 2218 1379 2260 in
1410 2219 1601 2274 Olympo
1642 2208 1822 2262 deor'u'm

118 2303 444 2358 gratulationes.
513 2302 647 2345 Patet
692 2300 884 2344 formam·
907 2299 1119 2342 ‘carminis
1165 2298 1439 2342 antecedenti
1484 2300 1666 2342 similem
1706 2298 1820 2344 “esse-

119 2386 256 2428 Facta
285 2397 390 2428 vero
421 2379 573 2426 divisio
603 2383 848 2438 argumenti
877 2382 991 2424 nunc
1023 2379 1202 2435 quidem'
1228 2381 1463 2424 secundum
1498 2377 1745 2438 personas,
1772 2375 1823 2425 'et

119 2474 242 2512 ortae
282 2469 346 2512 sic
385 2467 515 2512 etiam
558 2466 628 2511 hic
657 2466 712 2510 ad
753 2465 1076 2510 similitudinem
1118 2464 1455 2520 antistrophlcae
1499 2458 1821 2521 compositionis

118 2551 266 2595 duae
315 2559 610 2606 congruae
656 2555 882 2608 partes,
926 2551 1062 2593 altera
1091 2549 1353 2605 Sulpiciam,
1403 2549 1540 2592 altera
1570 2546 1820 2594 cerinthum

117 2642 343 2694 spectans,
384 2635 708 2691 quas‘denique
747 2634 944 2678 exitus
986 2632 1209 2688 coniungit
1236 2633 1443 2688 'tanquam
1476 2632 1656 2688 epodus.
1729 2631 1820 2678 Sed

115 2721 231 2777 quod
251 2734 335 2764 non
354 2719 538 2764 vidimus
556 2713 602 2764 in
624 2715 898 2764 antecedenti
921 2720 1125 2772 carmine,
1154 2717 1266 2762 redit
1291 2718 1418 2761 simul
1442 2709 1581 2761 forma
1607 2718 1819 2773 quaedam

118 2802 388 2847 tractationis
412 2808 503 2864 per
519 2796 678 2846 omues·
697 2804 870 2868 partes,
900 2801 1086 2856 repetita
1113 2805 1182 2844 ter
1206 2793 1478 2844 invocatione
1505 2802 1601 2854 del;
1632 2801 1821 2858 explicui

120 2901 223 2931 vero
254 2886 424 2930 abunde
458 2885 590 2930 etiam
620 2885 676 2929 de
706 2879 966 2941 repetitione
995 2884 1227 2928 formarum
1245 2917 1258 2939 ,
1304 2897 1433 2939 quam
1473 2884 1599 2938 dico,
1644 2883 1688 2927 in
1719 2867 1818 2927 nisi

117 2971 352 3014 sertatione
395 2967 451 3012 de
494 2968 626 3012 Poesi
667 2967 848 3012 Tibulli.
919 2969 1064 3023 Atque
1108 2965 1215 3011 haec
1257 2965 1478 3010 hactenus.
1540 2965 1675 3011 Vides
1719 2967 1819 3023 pul-

114 3052 259 3097 chram
302 3051 659 3108 compositionem
705 3053 874 3107 elegiae
915 3051 970 3095 ab
1012 3051 1200 3107 eleganti
1242 3051 1416 3106 ingenio
1459 3048 1728 3106 profectam,
1773 3050 1818 3094 et

115 3149 327 3191 agnosces
357 3148 504 3178 verum
537 3141 708 3193 poetam
750 3136 879 3180 etiam
921 3137 965 3179 in
1005 3136 1125 3180 brevi
1168 3136 1369 3179 carmine.
1442 3134 1554 3177 Nam
1596 3128 1727 3177 etiam
1772 3136 1814 3177 in

116 3219 297 3273 singulis
338 3218 445 3261 locis
487 3219 664 3274 elegans
705 3219 907 3263 tractatio
951 3222 1045 3271 est,
1100 3219 1253 3262 ultimo
1298 3221 1445 3261 autem
1485 3215 1670 3262 disticho
1701 3214 1814 3260 nihil

115 3301 219 3356 fingi
251 3305 394 3357 potest
425 3299 609 3345 suavius.
