2086 3756
250 259 360 291 xxu
948 230 1042 280 DE
1082 227 1251 279 VITA

253 391 354 431 tate
401 381 717 447 syllabarum
762 394 885 428 vero
927 391 1025 443 par
1073 385 1231 440 esset3
1284 386 1335 426 at
1379 374 1534 425 alium
1578 385 1782 442 poetam
1825 372 1954 442 quid

255 477 468 541 cogebat
520 473 659 525 idem
707 474 903 534 facere,
966 468 1094 538 quid
1145 470 1357 535 cogebat
1403 470 1684 529 Horatium
1727 470 1955 536 puellam

257 571 453 621 Tibulli
493 569 728 620 similiter
768 566 858 617 tali
900 565 1114 616 nomine
1158 563 1451 630 designare,
1505 563 1649 633 quod
1691 580 1820 615 vero
1854 577 1959 629 par

257 676 387 717 esset
439 664 726 733 quantitate
775 656 1132 728 syl-labarum?
1206 658 1291 710 Sic
1327 659 1491 725 igitur
1524 658 1733 726 possint
1768 655 1958 706 nihilo-

258 764 430 813 minus
470 761 692 828 Glycera
739 748 812 810 et'
837 756 1075 809 Nemesis
1116 755 1303 808 ‘eadem
1344 759 1524 824 puella
1572 772 1699 808 esse.
1786 752 1960 816 Quare

260 876 397 908 nunc
449 855 636 908 addam
683 855 797 904 alia
831 859 967 923 quae
1006 853 1241 904 obstant.
1312 853 1471 903 Recte
1515 859 1775 902 motarunt
1817 850 1963 916 Hey-

259 957 405 1017 nius,
449 951 890 1003 Mitscherliehius
926 948 994 1001 ad
1026 950 1332 1014 Horatium,
1378 958 1429 1000 et
1469 946 1734 1015 Spohnius
1773 964 1827 1013 p.
1863 946 1964 1007 48„

258 1050 317 1099 in
366 1047 581 1100 Nemesi
630 1047 902 1100 avaritiam
958 1045 1249 1114 deplorari,
1309 1047 1365 1096 in
1403 1045 1632 1113 Glycera
1678 1040 1966 1111 perfidiam,

263 1144 407 1214 quod
445 1144 722 1196 discrimen
754 1144 962 1209 grav-ius
1002 1154 1077 1194 est
1114 1160 1272 1211 quam
1299 1143 1547 1193 Passovio
1577 1142 1762 1194 visum.
1833 1138 1967 1189 Lae-

263 1255 373 1291 sam
419 1239 574 1290 fidem
619 1239 676 1288 in
718 1241 1030 1290 carminibus
1081 1238 1144 1289 ad
1183 1234 1448 1289 Nemesim
1494 1248 1754 1304 nusquam
1793 1236 1969 1303 queri-

258 1345 351 1384 tur
388 1343 570 1401 poeta,
619 1349 715 1383 nec
755 1334 936 1384 'locum
984 1332 1060 1383 ibi
1111 1333 1306 1383 habere
1354 1342 1526 1399 potest
1572 1332 1701 1382 haec
1745 1330 1971 1398 querela,

267 1446 385 1479 cum
416 1428 654 1483 Nem-esis
690 1430 946 1480 meretrix
987 1439 1122 1481 esset
1165 1445 1273 1479 non
1319 1430 1415 1479 un‘i
1451 1429 1665 1479 Tibullo
1711 1427 1972 1490 obstricta,

265 1521 356 1573 sed
406 1521 678 1574 admittens
722 1523 822 1592 qui
871 1523 992 1574 satis
1040 1538 1319 1574 munerum
1367 1533 1419 1573 et
1452 1523 1705 1590 pecuniae
1745 1522 1973 1584 offerret,

266 1636 362 1670 nec
401 1619 631 1685 postulat
667 1623 832 1686 ‚poeta
876 1637 1098 1688 usquam
1144 1630 1204 1685 ut
1245 1619 1345 1670 sibi
1390 1620 1490 1670 soli
1529 1617 1702 1673 dedita
1741 1619 1834 1684 sit,
1880 1617 1974 1670 sed

267 1731 334 1764 ne
370 1724 476 1764 tam
512 1732 664 1781 saepe
694 1715 964 1766 excludat.
1036 1717 1106 1767 At
1141 1734 1261 1766 cum
1300 1715 1523 1783 Glycera
1548 1715 1750 1766 arctius
1784 1712 1972 1765 foedus

266 1809 514 1859 iunxerat
549 1809 732 1873 oredo,
779 1813 943 1863 veluti
978 1813 1102 1863 olim
1146 1830 1263 1863 cum
1299 1811 1481 1875 Delia,
1529 1821 1582 1862 et
1609 1808 1771 1863 ssfidem
1807 1812 1872 1862 ab
1913 1824 1972 1861 ea

263 1904 563 1970 »postulabat
602 1904 1044 1974 quemadmodum
1079 1929 1108 1960 a
1147 1910 1328 1972 Delia,
1372 1889 1764 1976 sed-:placuerat
1797 1908 1975 1959 iunior

268 1997 509 2067 quidam,
563 2018 679 2051 cum
699 2001 948 2052 .Nemesis
978 2002 1202 2055 <ditiores
1230 2003 1539 2070 praefer-ret.
1617 2003 1739 2054 Hoc
1790 2017 1975 2056 verum

267 2092 546 2146 discrimen
599 2106 700 2160 est,
743 2095 898 2165 quod
948 2099 1095 2148 nulla
1139 2098 1569 2164 interpretatione
1611 2095 1807 2148 deleas.
1907 2096 1976 2146 At

269 2191 409 2239 enim
445 2188 637 2254 dicunt,
673 2189 803 2242 duas
833 2201 1038 2243 tantum
1074 2194 1274 2259 puellas
1304 2209 1334 2242 a
1357 2193 1570 2243 Tibullo·
1597 2202 1788 2246 amatas
1814 2206 1975 2256 agno-

268 2284 342 2333 sci
377 2281 568 2335 Ovidio
607 2286 817 2336 Amorr
842 2285 1046 2349 111‚9:

486 2377 572 2434 Sic
612 2378 851 2431 Nemesis
887 2380 1128 2445 longum,
1163 2379 1236 2431 sic
1274 2380 1430 2432 Delia
1462 2396 1658 2432 nomen
1684 2381 1976 2441 habebunt,

630 2473 810 2531 Altera
831 2492 969 2526 cura
1005 2491 1216 2536 recens,
1261 2475 1424 2526 altera
1448 2471 1660 2542 juvimus
1688 2491 1869 2525 amor:

270 2582 379 2617 esse
429 2566 588 2631 igitur
633 2584 868 2630 necesse,
925 2576 986 2619 ut
1034 2569 1255 2636 Glycera
1303 2571 1552 2620 alterutra
1599 2570 1775 2620 fuerit.
1865 2571 1975 2636 Ego

272 2661 537 2728 quomodo
579 2658 766 2715 Ovidii
806 2665 968 2715 verba
1019 2674 1097 2715 tot
1142 2665 1267 2716 ‘viris
1304 2663 1471 2716 ,doctis
1510 2663 1756 2722 fraudem
1804 2666 1975 2717 facere
2058 2691 2060 2693 ·

265 2757 565 2821 potuerint,
612 2765 886 2825 nunquam
918 2759 1220 2824 intelligere
1243 2758 1409 2825 potui.
1491 2755 1741 2823 Ovidius,
1789 2770 1849 2810 ut
1875 2776 1976 2827 par
2060 2827 2061 2830 Ἴ

274 2858 398 2912 erat,
432 2851 562 2901 edita
594 2863 741 2918 opera
781 2853 949 2903 Tibulli
968 2853 1296 2919 respiciebat,
1333 2855 1389 2904 in
1414 2855 1619 2921 quibus
1657 2853 1791 2906 duae
1833 2872 1975 2906 com·
2055 2870 2062 2876 ’

266 2931 458 3009 parent
493 2957 718 3011 amatae,
763 2960 886 3004 nam
918 2947 1136 3004 tertium
1173 2948 1367 2999 librum
1401 2947 1544 2999 haud
1581 2947 1738 3000 dubie
1779 2949 1976 3004 sciebat
2060 2975 2061 2999 2

270 3054 379 3089 non
404 3055 527 3091 vesse
565 3043 778 3094 Tibulli.
865 3044 1075 3095 Duravit
1122 3046 1352 3100 carmina
1383 3056 1698 3113 poetarum,
1753 3047 1851 3110 ait,
1901 3048 1974 3097 sic

268 3117 507 3188 Nemesis
546 3147 597 3188 et
619 3139 774 3197 Delia
805 3156 998 3192 nomen
1043 3143 1329 3194 habebunt.
1402 3143 1561 3194 Dicas
1598 3141 1812 3212 quidem
1849 3144 1974 3210 Epi-

272 3230 476 3285 cedium
500 3234 761 3302 :scriptum
786 3255 916 3289 ·cum
946 3240 1252 3307 sepeliretur
1278 3241 1519 3291 Tibullus
1550 3249 1600 3289 et
1628 3249 1745 3291 ante
1779 3237 1975 3292 editum

272 3327 412 3378 Albii
445 3329 638 3382 librum
675 3332 1100 3401 seci‘indum7.q11i
1137 3344 1434 3401 postum1133
1473 3332 1562 3384 sed
1601 3334 1707 3386 sive
1733 3342 1846 3389 tum
1872 3344 1973 3384 sta-
