2158 3750
347 301 448 346 110
748 294 1215 350 COMB‘IENTAR.
1252 297 1328 350 IN
1364 297 1654 348 TIBULLI

346 438 567 480 illiberalis
597 442 641 479 et
674 437 883 480 invenusti
918 437 1099 482 hominis
1133 439 1304 492 dicens,
1338 451 1450 493 quae
1482 438 1829 484 iucundissimam
1861 441 2042 485 ironiam

345 519 517 561 habent.
580 518 670 561 Nos
699 520 938 562 monuimus
968 519 1023 562 de
1053 521 1172 563 exitu
1198 520 1431 563 carminum
1457 518 1886 580 παρακλαυσιθύρων
1913 524 2041 567 etiam

347 604 388 644 in
418 602 732 646 Dissertatione
763 602 818 648 de
849 603 982 647 Poesi
1013 603 1175 648 Tibulli
1209 617 1304 660 cap.
1337 605 1394 648 ΙΙ.

976 1004 1420 1060 EXPLICATIO.

465 1194 519 1237 V.
554 1197 669 1237 1-8.
731 1191 1072 1236 Exordium.
1132 1194 1312 1236 Poeta
1343 1192 1645 1236 discidium
1681 1196 1863 1236 ortum
1895 1192 2048 1236 ferre

346 1289 407 1319 se
439 1277 662 1320 diutius
695 1288 800 1318 non
843 1288 1016 1331 posse
1055 1275 1301 1330 fatetur,
1345 1287 1548 1329 magno
1589 1285 1782 1317 amore
1817 1273 2050 1326 ardens3

346 1374 587 1416 poenam
620 1361 782 1402 luere
816 1364 1079 1415 paratus,
1121 1364 1292 1415 rogat
1331 1364 1516 1401 tamen
1546 1361 1605 1400 ut
1635 1360 1837 1414 parcat
1865 1361 2050 1401 amata

350 1447 406 1485 et
449 1443 504 1485 in
547 1443 794 1496 gratiam
835 1442 991 1484 mitis
1031 1454 1220 1485 secum
1264 1440 1481 1484 redeat.

465 1526 521 1568 V.
555 1527 579 1565 1
610 1536 678 1577 sq·
742 1525 931 1578 Asper
978 1535 1150 1577 eram,
1207 1521 1334 1565 ferox
1376 1522 1455 1566 ira.
1488 1545 1542 1555 --
1605 1521 1924 1566 discidium.
1985 1522 2052 1565 De

347 1606 592 1650 discrimine
622 1606 842 1648 nominum
874 1603 1108 1646 discidium
1138 1609 1182 1648 et
1214 1603 1448 1646 dissidium
1477 1603 1589 1646 dixit
1619 1605 1832 1648 Gnonov.
1867 1603 1923 1646 ad
1953 1603 2052 1647 Liv-

345 1688 490 1742 XXV,
523 1691 594 1731 18.
627 1709 686 1720 -
727 1688 869 1730 bene
901 1686 1077 1740 ferre,
1108 1684 1150 1728 h.
1182 1699 1220 1729 e.
1253 1685 1407 1740 facile,
1445 1690 1494 1728 ut
1523 1684 1641 1727 male
1658 1684 1790 1743 ferre
1821 1690 1889 1728 est
1919 1697 2052 1741 aegre

346 1772 549 1814 tolerare.
596 1771 886 1816 Gssnffllznus
919 1773 964 1812 et
994 1769 1353 1811 Bnoucxmssms
1385 1771 1488 1823 apte
1511 1771 1763 1822 comparant
1786 1767 1924 1810 Ovm.
1941 1767 2053 1811 Met.

346 1854 469 1907 XIV,
504 1856 591 1896 79:
651 1852 836 1908 Excipit
879 1851 1070 1894 Aenean
1117 1850 1212 1892 illic
1256 1849 1492 1910 animoque
1535 1850 1772 1910 domoque,
1816 1866 1907 1894 non
1949 1849 2053 1895 bene

337 1936 585 1980 discidium
625 1935 821 1994 Phrygii
859 1935 1020 1978 latura
1058 1934 1214 1977 mariti
1249 1934 1442 1978 Sidonis.
1475 1957 1534 1968 -·
1582 1935 1724 1978 Porro
1757 1932 2055 1988 loquebar,

344 2020 575 2063 iactabam.
636 2019 719 2062 Est
748 2018 871 2077 loqui
901 2021 1122 2076 proprium
1162 2018 1554 2074 magniloquentiae
1585 2017 1791 2070 verbum,
1834 2017 1892 2068 cf.
1925 2017 2053 2060 Bux-

348 2114 498 2145 MANN.
531 2101 586 2144 ad
615 2102 794 2146 Petron.
826 2104 899 2154 11,
930 2114 969 2144 c.
1003 2104 1105 2144 117.
1147 2105 1192 2144 et
1221 2100 1278 2143 ad
1308 2099 1490 2146 Quintil.
1521 2100 1760 2143 Declamat.
1786 2098 1886 2152 XV,
1917 2101 1960 2142 3.
1990 2121 2050 2130 —

350 2184 572 2241 gloria,
604 2183 821 2238 gloriatio,
853 2188 898 2226 et
922 2183 1095 2226 fortis
1127 2187 1220 2225 est:
1251 2182 1454 2225 resistere
1478 2183 1628 2225 volens
1657 2182 1808 2236 amori,
1838 2185 1889 2224 ut
1912 2181 2050 2224 Ovrn.

349 2268 458 2311 Met.
488 2267 589 2319 Vll,
617 2270 689 2308 76.
710 2265 859 2323 fortis
891 2265 946 2308 de
976 2265 1135 2308 Medea
1165 2270 1347 2321 usurpat
1376 2266 1512 2308 amori
1541 2248 1784 2309 resistente.
1815 2289 1876 2298 -—
1920 2265 2052 2311 mihi

347 2351 519 2394 abest
547 2363 611 2406 pr.
643 2363 669 2391 a
700 2361 782 2392 me.
846 2347 1027 2392 Confert
1057 2349 1462 2402 Wunnssnnrcmus
1495 2349 1588 2393 Cic.
1617 2349 1744 2392 Brut.
1773 2351 1848 2392 80.
1879 2348 1915 2403 §.
1939 2351 2053 2392 2⁴16:

348 2436 431 2478 hoc
462 2450 600 2476 unam
631 2432 726 2480 illi,
764 2432 804 2475 si
834 2431 952 2475 nihil
982 2431 1205 2475 utilitatis
1236 2431 1459 2480 habebat,
1501 2431 1684 2491 abfuit,
1725 2432 1769 2476 si
1795 2447 1911 2489 opus
1939 2440 2054 2481 erat,

347 2518 515 2577 defuit.
576 2518 642 2561 Ae
683 2517 878 2561 diversus
918 2515 1071 2560 eodem
1113 2522 1234 2561 recte
1273 2521 1452 2560 notante
1482 2529 1634 2560 sensus
1664 2517 1894 2561 verborum
1923 2515 2053 2575 longe

349 2600 502 2643 abesse
531 2598 672 2642 alicui
698 2600 760 2654 is,
804 2613 891 2655 quo
922 2599 1027 2643 nihil
1058 2600 1265 2656 prodesse
1295 2600 1568 2654 significant,
1616 2600 1733 2654 quod
1763 2599 1819 2643 de
1849 2599 1980 2643 rebus
2009 2605 2054 2642 et

347 2686 546 2741 personis
573 2689 828 2741 usurpatur,
859 2687 908 2725 ut
938 2683 1076 2728 Ovm.
1106 2683 1215 2727 Met.
1244 2685 1320 2733 lv,
1351 2687 1455 2728 649.
1487 2687 1592 2727 650.
1637 2684 1778 2727 Vme.
1807 2684 1918 2728 Aen.
1948 2683 2051 2737 XII,

352 2773 429 2812 52.
473 2768 599 2813 Adde
630 2769 942 2812 Ounssnnom».
971 2766 1026 2810 ad
1059 2765 1186 2811 Caes.
1217 2765 1274 2808 de
1301 2765 1404 2808 bell.
1435 2766 1554 2809 Gall.
1583 2765 1620 2819 I,
1651 2768 1726 2808 36.
1755 2787 1816 2800 -·-
1845 2765 1899 2810 V.
1932 2769 1961 2808 3
1988 2779 2051 2820 sq.

348 2867 502 2909 agor.
564 2853 742 2897 Animus
782 2851 1058 2909 perturbatus
1087 2863 1235 2894 amore
1276 2855 1492 2905 tamquam
1530 2848 1703 2892 turbine
1745 2848 2054 2903 circumagitur

348 2941 395 2980 et
433 2941 655 2990 versatur,
699 2935 950 2991 στρέφεται,
997 2933 1211 2984 δονεῖται,
1243 2933 1393 2976 ¹veluti
1435 2933 1630 2976 Hermo
1673 2930 1875 2975 laudante
1914 2931 2050 2975 BroN.

349 3014 502 3072 IV,'5.
534 3018 662 3062 dicit:
700 3011 752 3074 ἢν
782 3018 832 3059 δὲ
861 3013 958 3059 νόον
987 3033 1054 3064 τις
1074 3013 1239 3074 ’Ἐρωτι
1269 3013 1518 3067 ὃονεύμενος
1550 3011 1636 3058 ἆδιῗ
1667 3015 1865 3072 uel-6607]-
1926 3015 2053 3060 Adde

349 3102 553 3144 Pmmn.
587 3098 717 3154 Pyth.
746 3100 825 3153 IV,
853 3103 958 3143 219.
989 3105 1035 3143 et
1063 3101 1240 3144 IAcons.
1271 3101 1441 3144 Delect.
1473 3100 1628 3156 Epigr.
1660 3113 1703 3154 p.
1737 3100 1842 3141 240.
1875 3118 1934 3131 -·
1976 3099 2051 3141 ci-

348 3186 442 3224 tus
489 3182 709 3225 turben.
782 3181 1016 3236 Magnifica
1062 3182 1298 3239 descriptio
1344 3183 1487 3227 Vme.
1533 3183 1640 3226 Aen.
1685 3181 1786 3234 VII,
1824 3183 1916 3223 378
1957 3193 2052 3235 sqq.

349 3264 463 3310 vide
502 3267 632 3309 etiam
676 3266 965 3309 CALLfflAcn.
1000 3266 1155 3322 Epigr.
1185 3267 1221 3319 Ι,
1253 3270 1296 3310 9.
1370 3266 1437 3310 Ad
1479 3266 1748 3322 propositum
1785 3266 1928 3308 locum
1968 3266 2052 3309 im·

351 3348 500 3403 primis
541 3348 653 3392 conf.
696 3348 915 3391 laudatum
956 3349 1011 3392 ab
1053 3350 1151 3391 aliis
1194 3349 1403 3391 Ovnntm
1446 3349 1613 3391 Amorr.
1643 3347 1701 3400 II,
1732 3351 1774 3401 9,
1805 3350 1888 3390 27:
1942 3347 2051 3388 Cum

354 3428 457 3472 bene
481 3438 737 3487 pertaesum
768 3440 835 3475 est
867 3432 1101 3492 animoque
1133 3433 1361 3492 relanguit
1391 3431 1538 3480 ardor,
1568 3430 1713 3474 nescio
1746 3446 1832 3490 quo
1866 3429 2050 3474 miserae

2147 3003 2150 3009 ⁴
2144 2868 2158 2950 *hx
