2086 3756
898 205 1206 261 TIBULLI.
1615 239 1620 244 -
1722 219 1890 252 cnxxv

193 352 310 404 Hoc
347 351 466 406 loco
505 355 700 406 notabo
740 352 956 419 figuram
995 348 1062 407 ἓν
1099 343 1191 406 dcci
1228 346 1381 404 δυοῖν
1419 347 1598 398 abesse
1636 365 1666 396 a
1702 345 1900 398 Tibulli

195 448 454 500 oratione.
534 450 677 501 Male
715 448 788 511 ΙΙ,
827 451 884 508 1,
925 451 973 498 1.
1004 446 1178 513 fruges
1210 447 1464 496 lustramus
1499 453 1544 494 et
1585 460 1729 506 agros
1766 442 1898 492 acci-

192 542 306 609 pias
341 544 633 610 pr.'fruges
669 557 931 606 agrorum.
999 541 1112 591 Nec
1149 542 1199 605 Ι,
1234 545 1294 604 6,
1329 545 1413 591 13.
1446 549 1556 591 tunc
1591 556 1756 589 succos
1790 539 1900 588 her-

194 641 372 707 basque
395 641 510 690 dedi
531 655 617 705 pra
641 653 821 688 succos
850 637 1139 686 herbarum
1169 647 1246 687 est
1273 636 1490 699 dictum,
1522 646 1582 686 ut
1605 635 1682 686 ibi
1706 634 1901 696 notavi,

194 744 284 783 aut
314 732 441 783 ibid.
474 721 632 786 v.'25.
662 719 878 795 gemmas
906 733 1179 797 signumque
1211 748 1293 796 pr.
1318 746 1640 796 gemmarum
1669 729 1902 794 signum3

194 826 349 875 etiam
396 827 448 888 Ι,
486 831 536 888 7,
573 826 661 875 49.
699 833 884 874 cattum
927 824 1052 873 ludis
1086 826 1374 891 Geniumque
1410 825 1588 873 choreis
1632 823 1904 873 concelebra

192 920 305 970 noli
349 919 661 969 chorearum·
700 915 856 969 ludos
882 917 1221 982 intelligere,
1276 927 1335 967 ut
1377 915 1654 983 probabile
1697 914 1906 973 cuidam

194 1013 312 1066 viro
349 1010 504 1063 docto
540 1011 729 1064 visum.
797 1011 974 1080 Atque
1010 1013 1141 1062 haec
1179 1009 1243 1061 de
1279 1010 1379 1062 his·
1406 1037 1480 1048 —-
1550 1010 1767 1062 Secundo
1803 1012 1904 1061 Ioco

191 1106 410 1158 nomino
444 1105 578 1157 illud
611 1116 776 1172 genus
812 1105 1206 1170 cumulationis,
1250 1103 1396 1174 quod
1429 1106 1670 1171 genitivis
1706 1104 1900 1173 utitur3

194 1218 330 1269 quae
370 1219 456 1253 res
476 1193 648 1268 ‘saepe
689 1192 1085 1269 exquisitiorem
1129 1199 1464 1267 splendorem
1508 1200 1694 1264 habet,
1744 1217 1904 1268 quam

193 1295 287 1364 qui
319 1295 541 1364 simplici
558 1295 800 1348 *orationi
832 1294 1132 1359 conveniat,
1167 1296 1333 1348 veluti
1363 1293 1510 1363 quod
1541 1312 1820 1362 perperam
1847 1295 1906 1346 in

193 1390 467 1440 Tibullum
516 1383 720 1440 illatum
769 1399 882 1440 erat
929 1389 1008 1454 ΙΙ,
1042 1393 1103 1453 1,
1143 1392 1230 1439 65.
1266 1390 1492 1439 assiduae
1529 1394 1666 1440 textis
1708 1399 1909 1458 operata

192 1485 450 1534 Minervae.
514 1482 819 1534 Lectionem
845 1480 1081 1534 codicum
1106 1481 1442 1550 quorundam
1464 1482 1556 1546 IV,
1578 1487 1626 1546 6,
1652 1486 1699 1532 1.
1720 1492 1910 1532 sanctos

195 1595 318 1646 cape
351 1581 480 1631 ,turis
523 1578 720 1627 honores
765 1576 923 1642 vulgo
970 1587 1234 1643 receptam
1283 1557 1487 1644 expulit
1533 1576 1910 1628 Lachmannus

194 1682 247 1723 et
278 1672 548 1726 revocavit
581 1689 796 1747 acervos,
829 1656 1109 1722 meliorum
1144 1669 1382 1722 codicum
1419 1672 1729 1723 auctoritate
1762 1674 1910 1723 obla-

193 1778 322 1819 tum.
394 1765 554 1830 Quod
587 1765 892 1818 tenendum.
964 1766 1108 1817 Dicit
1134 1766 1378 1818 Tibullus
1411 1772 1540 1835 turis.¹
1565 1770 1760 1819 honores
1799 1770 1840 1829 I,
1861 1774 1911 1834 7,

196 1865 290 1924 53,
328 1864 502 1930 neque
535 1861 638 1912 hoc
672 1861 952 1924 miramur,
989 1870 1041 1911 at
1069 1871 1257 1912 sanctos
1290 1865 1408 1912 turis
1442 1863 1639 1913 honores
1674 1862 1912 1914 ornatius

195 1953 421 2006 dixerim
451 1973 609 2024 quam
636 1972 738 2022 pro
769 1955 1096 2021 simplicitate
1123 1955 1340 2007 Tibulli.
1410 1954 1550 2008 Vide
1580 1972 1721 2007 nunc
1751 1957 1911 2007 huius

196 2050 630 2118 compositiones:
683 2051 798 2100 culti
834 2053 1003 2114 iugera
1049 2051 1199 2101 multa
1243 2034 1330 2100 soli
1373 2052 1428 2114 Ι,
1471 2055 1495 2101 1
1515 2087 1529 2109 ,
1566 2057 1618 2102 2.
1657 2063 1705 2102 et
1745 2056 1915 2116 iugera

194 2153 355 2194 terrae
387 2145 429 2209 Ι,
462 2148 512 2210 3,
548 2147 648 2208 75;
687 2133 814 2194 7ἤνυε
844 2149 1184 2212 praetereuntis
1219 2162 1380 2213 aquae
1419 2146 1458 2208 Ι,
1496 2150 1542 2210 1,
1576 2151 1674 2211 283
1698 2163 1701 2165 ’
1727 2148 1915 2197 Veneris

196 2254 403 2301 magnae
444 2241 640 2287 numina
678 2238 721 2301 Ι,
754 2242 806 2301 2,
842 2242 938 2302 813
987 2238 1208 2288 hibernae
1230 2237 1438 2312 ‘frigora
1487 2240 1714 2303 brumae,
1759 2245 1922 2291 aestivi

198 2341 414 2399 tempora
446 2334 578 2380 sicca
610 2330 754 2380 Canis
788 2329 831 2394 Ι,
858 2330 911 2394 4,
938 2333 987 2380 5.
1012 2334 1063 2379 6.
1099 2331 1156 2380 in
1196 2331 1544 2398 oppositione.
1615 2333 1749 2383 Mox
1785 2331 1918 2385 ibid.

199 2443 252 2479 v.
274 2429 361 2476 31.
400 2424 617 2492 infirmae
638 2422 760 2491 fata
794 2433 1023 2475 senectae.
1107 2424 1245 2474 Tum
1281 2426 1321 2489 Ι,
1355 2430 1403 2488 5,
1434 2432 1482 2478 7.
1515 2424 1687 2492 furtivi
1705 2425 1917 2493 foedera

198 2519 306 2568 lecti
315 2537 330 2583 3
376 2518 427 2581 Ι,
458 2523 515 2581 8,
543 2518 629 2569 47.
669 2521 815 2586 primi
840 2521 1059 2585 temporis
1092 2528 1252 2583 aetas3
1304 2520 1353 2582 Ι,
1385 2524 1433 2582 9,
1469 2525 1555 2570 32.
1603 2522 1726 2571 nullo
1771 2523 1922 2572 divitis

199 2616 317 2662 auri
353 2613 589 2680 pondere,
642 2609 772 2662 ibid.
821 2628 874 2664 v.
898 2616 985 2662 35.
1035 2613 1198 2662 sidera
1248 2614 1373 2662 caeli
1420 2623 1473 2663 et
1514 2632 1667 2681 puras
1700 2613 1916 2681 fulminis

201 2710 329 2769 oias,
385 2715 437 2756 et
482 2703 613 2756 ibid.
654 2723 705 2757 v.
732 2709 826 2756 ¹62.
877 2715 986 2755 rota
1022 2705 1233 2772 Luciferi
1270 2715 1408 2770 orta,
1459 2717 1572 2757 tum
1619 2709 1693 2773 ΙΙ,
1731 2712 1792 2773 1,
1829 2709 1918 2760 47.

202 2801 350 2851 calidi
389 2791 555 2851 sideris
594 2808 744 2851 aestu.
827 2798 1047 2850 Constat
1095 2818 1222 2852 vero
1259 2802 1472 2852 usitatas
1511 2803 1920 2870 compositiones

202 2911 344 2959 esse,
393 2894 541 2949 rivus
582 2911 777 2962 aquae,
828 2894 988 2945 fontis
1037 2912 1200 2962 aqua,
1253 2895 1362 2946 fata
1403 2907 1669 2962 senectae,
1722 2899 1921 2965 frigora

200 2990 450 3053 brumae,
505 2988 757 3055 temporis
807 2997 945 3039 aetas
960 2977 977 3052 ,’
1033 2987 1245 3056 pondus
1296 2990 1439 3055 auri,
1504 2992 1687 3057 iugera
1733 3002 1921 3059 terrae,

204 3082 377 3136 sidera
413 3083 570 3146 caeli,
611 3092 669 3132 ut
703 3082 836 3132 nihil
866 3083 925 3133 in
952 3083 1035 3134 his
1065 3084 1376 3151 exquisitius
1409 3085 1492 3135 sit.
1564 3085 1922 3151 Elegantiores

203 3176 566 3231 tantummodo
605 3186 730 3227 sunt
763 3178 1008 3244 phrases:
1054 3197 1209 3247 purae
1231 3178 1447 3246 fulminis
1480 3184 1606 3243 viae,
1647 3191 1756 3231 rota
1782 3183 1926 3231 Luci-

194 3274 298 3342 feri
330 3285 381 3325 et
414 3271 557 3342 quod
595 3289 663 3323 ex
700 3271 740 3337 Ι,
771 3279 820 3335 8,
847 3278 934 3325 20.
967 3272 1088 3325 addi
1122 3285 1321 3340 potest,
1358 3285 1526 3326 cantus
1562 3279 1718 3326 iratae
1754 3277 1925 3329 detinet
