2158 3750
322 250 425 298 418
716 243 1188 298 COMMENTAR.
1219 243 1298 294 IN
1334 243 1627 295 TIBULLI

327 394 471 432 autem
503 389 908 432 WnNnssRmcmus
948 391 1098 428 monet
1141 386 1366 438 transitum
1397 385 1543 428 facere
1577 385 1632 428 ad
1664 386 1928 440 singularum
1959 401 2030 432 re-

328 487 419 516 rum
452 471 809 527 explanationem.
843 493 899 501 —
948 471 1106 512 nulla
1151 470 1483 525 perlabitur
1525 469 1695 523 unda,
1735 469 1888 525 incipit
1928 471 2028 524 labi,

329 556 405 598 sed
438 568 519 596 uon
555 554 791 609 perlabitur
834 556 879 595 et
923 551 1117 594 decurrit
1146 552 1200 594 ad
1245 565 1372 606 quem
1414 553 1542 594 finem
1587 552 1752 606 tendit,
1793 552 2035 608 incepto,

328 640 585 692 liquore,
618 650 671 679 eo
702 637 898 692 liquore,
929 649 1017 691 quo
1049 642 1257 692 coeperat
1287 649 1477 679 currere.
1538 635 1622 678 Est
1648 635 1853 692 inceptus
1881 635 2029 694 liquor

325 722 470 776 paullo
518 720 722 764 audacius
765 721 933 774 dictus,
977 720 1056 764 sed
1098 721 1244 763 ferunt
1281 721 1413 764 talem
1444 719 1667 763 audaciam
1699 702 1939 776 participia.
1971 741 2029 750 —-

324 803 526 846 durata
569 805 622 846 in
658 805 934 859 glaciem,
977 804 1111 846 veluti
1152 808 1328 846 notante
1359 803 1741 846 thmznmcmo
1769 803 1882 847 Plin.
1912 804 2028 847 Hist.

324 885 380 929 N.
411 887 512 940 ΧΠ,
547 890 627 929 19:
672 894 837 945 guliae
879 883 1165 928 detrahantur
1207 886 1255 928 in
1294 900 1459 943 grana.
1489 910 1549 918 -
1596 887 1807 934 Moxpin
1848 887 2028 931 nivem

328 968 462 1022 addit,
494 969 660 1011 unciam
693 971 822 1013 etiam
853 971 1029 1014 nubium
1061 984 1194 1026 aquas
1227 971 1388 1025 dicens,
1419 985 1470 1015 ac
1502 979 1621 1015 recte
1652 971 1760 1015 vidit
1788 972 2029 1015 Wummn-

328 1057 732 1111 memus,pluvian1
759 1070 931 1111 quoque
960 1070 1046 1099 non
1071 1061 1262 1099 statuere
1287 1062 1476 1112 poetam,
1506 1059 1562 1101 ab
1590 1059 1686 1101 aliis
1717 1063 1861 1102 tamen
1891 1058 2024 1101 tribu-

328 1142 416 1190 tam
446 1139 531 1181 illis
566 1139 837 1193 regionibus,
879 1144 927 1181 ut
955 1139 1010 1181 ab
1042 1139 1224 1182 HoRAzr.
1256 1140 1334 1190 111,
1367 1143 1411 1191 3,
1451 1142 1524 1183 56.
1574 1141 1764 1182 Vmen..
1795 1141 1961 1194 Georg.
1994 1140 2028 1191 l,

323 1223 454 1273 236„
500 1220 770 1266 Enawos'ru.
813 1235 881 1277 ap.
923 1221 1100 1265 Heracl.
1142 1223 1272 1266 Pont.
1314 1222 1370 1264 de
1410 1222 1549 1277 Alleg.
1583 1222 1712 1265 Hom.
1760 1237 1803 1278 p.
1835 1225 1939 1266 476.
1970 1246 2026 1254 —

323 1315 492 1358 super
523 1305 737 1357 egerit,
769 1303 999 1347 adduxerit
1029 1310 1150 1348 ortus
1182 1317 1283 1351 suos
1313 1317 1445 1360 super
1474 1310 1650 1358 ter-ram,
1676 1306 1863 1360 elegam
1883 1307 2035 1356 lectio,

323 1399 388 1440 pr.
431 1386 503 1427 ubi
550 1400 763 1441 nunquam
807 1387 1026 1430 ortussssit
1069 1389 1134 1430 sol
1176 1400 1307 1443 supet
1349 1394 1521 1430 terram.
1583 1388 1781 1431 Contulit
1822 1387 2027 1431 Baculus

322 1470 447 1525 Virg.
484 1472 588 1513 Aen.
622 1471 700 1524 lv,
735 1474 843 1514 118:
893 1469 971 1512 ubi
1009 1470 1176 1527 primos
1209 1471 1436 1515 crastinus
1467 1480 1605 1514 ortus·
1626 1471 1843 1515 extulerit
1878 1472 2029 1514 Titan.

326 1554 530 1600 Ceterum
564 1555 735 1596 Titan
771 1567 929 1597 nomen
973 1559 1040 1598 est
1079 1568 1165 1597 non
1208 1559 1460 1611 usurpatum
1493 1555 1703 1607 Tibullo,
1745 1560 1892 1611 aptum
1923 1568 2027 1608 vero

325 1641 474 1695 epicae
505 1641 863 1694 magnificentiae.
902 1662 950 1670 --
996 1639 1051 1684 V.
1084 1641 1172 1680 158
1201 1652 1297 1693 sqq.
1342 1640 1582 1695 propior
1611 1640 1813 1694 terris,
1852 1641 2029 1696 propior

323 1727 496 1763 nostrae
520 1734 670 1762 zonae.
714 1721 837 1763 Dixit
860 1733 962 1763 vero
987 1733 1043 1763 ex
1066 1720 1232 1774 vulgari
1256 1734 1336 1762 usu
1361 1721 1579 1775 loquendi.
1622 1722 1831 1767 Similiter
1853 1724 2028 1766 aesti-

323 1816 440 1845 vum
483 1803 672 1845 orbem
705 1802 810 1845 dicit
839 1803 947 1845 caeli
978 1803 1200 1857 regionem
1233 1817 1356 1858 eam,
1403 1805 1477 1847 ubi
1508 1810 1674 1848 aestate
1705 1811 1849 1850 nostra
1881 1817 2034 1851 versam

324 1893 395 1931 tur
424 1888 504 1929 sol.
567 1889 631 1929 Ac
675 1888 778 1943 poni
819 1885 964 1928 orbem
1006 1901 1070 1943 pr.
1102 1889 1223 1931 caelo
1255 1889 1438 1932 vidimus
1468 1903 1597 1946 supra
1629 1891 1665 1944 I,
1694 1893 1737 1944 2,
1769 1892 1844 1933 52.
1905 1890 2029 1934 Alie*

319 1984 420 2015 num
467 1971 602 2026 igitur
651 1976 718 2014 est
763 1971 879 2027 quod
925 1972 1113 2017 afferunt
1159 1974 1201 2016 in
1249 1975 1398 2017 orbem
1438 1976 1504 2017 ire
1545 1976 1682 2019 solem
1722 1975 1933 2031 quotidie.
1964 1999 2023 2008 -

322 2048 595 2092 hibernas
641 2049 951 2094 decurrere
998 2052 1185 2106 luces,
1234 2052 1437 2096 hibernos
1483 2054 1577 2098 dies
1624 2068 1862 2110 peragere,
1909 2069 2022 2111 quae

325 2133 464 2189 spatia
498 2133 664 2184 dierum
696 2146 795 2176 cum
824 2133 1024 2176 breviora
1055 2136 1165 2189 sint,
1207 2135 1327 2178 addit
1357 2137 1512 2178 celer
1554 2141 1599 2179 et
1638 2144 1932 2194 properat.
1962 2160 2023 2171 -
2076 2163 2079 2165 ·

322 2227 522 2269 presso
563 2219 785 2268 aratro,
825 2216 1053 2271 impresso.
1107 2217 1246 2259 Ovn».
1281 2218 1388 2261 Met.
1419 2218 1500 2271 ΙΙΙ,
1532 2221 1632 2262 104.
1682 2221 1821 2265 Viae.
1853 2223 2020 2279 θροις.

320 2294 376 2346 11,
409 2297 511 2337 356.
573 2293 656 2336 Est
685 2295 818 2348 igitur
848 2295 1033 2350 simplex
1064 2309 1142 2351 pro
1175 2298 1430 2352 composito,
1462 2297 1517 2340 cf.
1546 2297 1601 2340 ad
1622 2298 1656 2352 Ι,
1679 2301 1723 2353 2,
1746 2303 1820 2343 80.
1882 2301 2024 2347 Porro

321 2377 590 2431 exsurgit
633 2382 697 2420 est
742 2378 955 2420 attollitur
999 2379 1198 2422 excitatis
1240 2379 1396 2435 glebis.
1433 2380 1700 2424 „Conferant
1731 2382 2027 2434 Passa-runo

319 2463 553 2511 praeeunte
588 2459 727 2501 Vino..
761 2461 928 2514 Georg.
959 2460 994 2513 l,
1027 2464 1108 2503 97:
1159 2463 1222 2502 Et
1268 2461 1370 2520 qui,
1401 2463 1632 2519 'proscisso
1673 2479 1787 2523 quae
1826 2466 2023 2508 suscivat

318 2555 507 2597 aequore
539 2548 694 2599 terga,
741 2543 922 2583 Rursus
956 2566 1007 2573 —-
1034 2543 1304 2600 prorumpit.
1378 2545 1647 2591 HUscHKws
1688 2552 1832 2605 autqm
1877 2548 2025 2603 laudat

316 2623 453 2665 PLIN.
496 2624 635 2678 Epist.
670 2625 723 2678 V,
757 2629 798 2678 6,
829 2627 882 2669 4:
949 2626 1108 2668 Tantis
1148 2626 1289 2684 glebis
1333 2629 1665 2673 tenacissimum
1706 2631 1879 2685 solam,
1921 2649 2029 2681 cum¹

308 2708 504 2764 primum
531 2719 820 2765 prosecatur,
855 2711 1090 2770 adsurgit,
1137 2720 1187 2754 ut
1219 2728 1331 2754 nono
1371 2713 1544 2755 demum
1572 2714 1697 2757 sulco
1720 2715 2020 2772 perdometur,

320 2792 400 2834 nisi
443 2793 558 2847 quod
603 2793 690 2837 illic
735 2793 788 2837 de
836 2795 1056 2837 tenaciore
1099 2796 1193 2838 solo
1234 2797 1392 2850 agitur.
1455 2798 1660 2842 Ceterum
1694 2799 1806 2843 bene
1842 2800 2019 2858 factum,

316 2872 431 2927 quod
480 2875 624 2930 paullo
679 2876 872 2931 pluribus
919 2875 1115 2932 depinxit
1161 2875 1284 2930 huius
1331 2891 1469 2929 zonae
1519 2882 1756 2936 rationem3
1815 2885 2020 2940 specialia

316 2960 431 2998 amat
461 2958 616 3012 poesis.
649 2978 708 2990 -
756 2958 807 3000 V.
843 2961 928 3021 163
961 2972 1023 3013 sq.
1088 2959 1209 3001 Non
1244 2962 1370 3003 illic
1403 2964 1544 3006 colit
1584 2978 1716 3008 arva
1751 2965 1916 3020 deus,
1961 2967 2019 3013 cf.

317 3041 763 3084 erscussamcmmu
793 3041 848 3084 ad
883 3043 1031 3085 Horat.
1065 3043 1140 3095 lv,
1173 3048 1214 3097 5,
1250 3048 1320 3087 18.
1354 3069 1413 3076 —
1468 3046 1639 3091 Nulla
1682 3061 1794 3092 uec.
1856 3051 2021 3098 lterum.
2095 3082 2099 3086 -

315 3123 413 3165 vide
449 3125 556 3166 duas
587 3125 839 3178 negationes
870 3139 948 3181 pro
982 3141 1092 3180 uua,
1124 3134 1171 3170 ut
1203 3142 1334 3186 supra
1366 3143 1405 3172 v.
1442 3134 1541 3174 127.
1605 3132 1801 3187 Denique
1836 3134 2019 3178 observa

317 3217 414 3247 nec
445 3218 510 3247 ex
542 3206 734 3253 iunctum
766 3208 980 3263 frequenti
1016 3225 1110 3265 usu,
1144 3212 1199 3257 cf.
1231 3213 1511 3258 menum-N.
1545 3216 1598 3258 ad
1623 3218 1823 3273 Propert.
1852 3233 1894 3274 p.
1914 3223 2019 3263 366.

316 3291 361 3328 et
405 3287 615 3330 HuscuK.
657 3289 695 3332 h.
739 3292 768 3334 Ι.
841 3293 982 3335 Porro
1022 3295 1075 3337 ad
1120 3309 1160 3339 v.
1208 3304 1446 3341 exustas
1491 3300 1805 3344 Passuaums
1848 3303 2020 3348 confert

314 3369 451 3413 an.
481 3370 538 3422 ΙΙ,
571 3375 654 3415 68:
699 3375 851 3416 Media
884 3392 987 3420 vero
1018 3385 1258 3428 terrarum,
1292 3398 1381 3441 qua
1414 3383 1521 3427 solis
1552 3382 1698 3426 orbita
1729 3392 1812 3433 est,
1850 3395 2015 3428 exusta
