2086 3756
850 199 1157 251 TIBULLI.
1705 213 1881 247 cxxxv

177 347 228 386 et
262 338 477 404 pinguia
512 350 694 404 musta,
731 340 823 408 qui
856 344 1055 408 stipitem
1080 347 1366 393 veneratur
1391 338 1624 388 desertum
1660 336 1715 384 in
1750 336 1884 400 agris

176 441 229 482 et
276 435 483 501 lapidem
529 412 733 491 sacrum
758 437 826 482 ·1'n
875 439 1031 498 tmbio,
1088 445 1138 486 et
1187 435 1413 485 arborum
1461 431 1664 481 fructus
1699 429 1886 478 Silvano

175 529 424 592 apponit,
497 529 662 577 Cereri
710 543 838 577 vero
896 545 1146 580 coronam
1199 533 1407 597 spiceam
1466 524 1756 592 promittit,
1835 532 1885 570 et

168 624 371 684 pomoszls·
401 620 459 668 in
489 619 656 668 hortis
682 621 867 686 Priapo
903 622 1110 686 signum
1145 632 1354 672 statuet.
1423 620 1626 671 Ferunt
1656 616 1883 684 denique

173 714 327 761 etiam
367 714 521 762 Lares
567 728 789 763 munera
837 730 961 778 sua,
1018 715 1182 765 felicis
1233 717 1387 777 olim,
1451 731 1590 763 nunc
1638 710 1884 778 pauperis

171 807 281 869 agri
329 805 567 856 custodes
579 843 595 870 ,
660 817 713 858 et
762 825 880 858 cum
934 818 1045 858 ante
1092 811 1235 858 vitula
1281 810 1529 858 lustraret
1576 808 1885 856 innumeros

166 899 441 963 iuvencos,
477 919 599 950 nunc
635 919 769 966 agna
804 904 904 954 erit
931 904 1108 968 exigui
1143 903 1243 954 soli
1277 904 1464 953 hostia.
1534 900 1698 950 Vides
1727 916 1883 967 quam

167 994 360 1043 multae
399 993 709 1059 divisioneS,
746 1007 879 1065 quot
915 997 1272 1065 oppositiones
1313 1013 1491 1046 rerum
1521 1004 1573 1044 et
1599 995 1886 1046 verborum

164 1086 220 1135 in
268 1087 447 1152 paucis
499 1089 749 1141 distichis.
834 1090 1028 1142 Similis
1076 1103 1153 1142 est
1201 1093 1370 1143 oratio
1420 1091 1478 1140 in
1525 1089 1886 1157 sequentibus.

162 1179 300 1230 Nam
335 1193 616 1252 postquam
655 1186 823 1236 otium
868 1188 926 1237 in
961 1185 1180 1253 praedio
1224 1185 1526 1253 oppositum
1561 1185 1658 1235 viis
1693 1182 1884 1233 milita-

161 1275 337 1338 ribuS,
387 1277 727 1343 progreditur
762 1277 830 1329 ad
878 1281 1033 1332 aliam
1081 1291 1287 1348 partem
1334 1280 1650 1329 rusticarum
1685 1292 1882 1337 rerum,

166 1378 218 1417 et
250 1369 483 1434 primum
521 1371 585 1422 de
631 1377 745 1436 agri
776 1371 954 1424 dicens
993 1377 1226 1437 cultura,
1277 1373 1445 1426 diviso
1485 1372 1657 1423 statim
1689 1370 1881 1421 iterum

162 1462 263 1513 hoc
298 1465 508 1530 negotio
543 1466 603 1515 in
639 1476 814 1532 partes
850 1482 1000 1532 suas,
1038 1467 1307 1519 interdum
1336 1469 1518 1518 bidente
1542 1476 1746 1519 vertere
1772 1474 1879 1515 ter-

163 1574 276 1608 ram
312 1570 403 1610 aut
435 1562 620 1611 stimulo
655 1562 820 1614 boves
859 1573 1094 1614 aratores
1136 1564 1407 1630 impellere
1443 1563 1572 1615 vult.
1656 1561 1768 1610 Iam
1816 1562 1880 1610 ab

163 1655 398 1705 aratione
449 1654 514 1706 ad
557 1662 841 1724 pecuariam
894 1658 1098 1710 transit.
1207 1660 1283 1710 Ac
1333 1675 1430 1709 suo
1483 1655 1666 1725 pecori
1713 1659 1881 1720 exiguo

161 1747 386 1799 aliorum
432 1768 658 1814 magnum
696 1769 915 1818 gregem⁴
943 1752 1194 1821 opponit,
1246 1753 1359 1820 ipse
1405 1762 1649 1821 pastorem
1695 1751 1882 1801 lustrat

158 1845 443 1912 quotannis
481 1857 533 1897 et
565 1850 737 1899 Palem
783 1851 954 1916 placat
995 1851 1152 1913 lacte,
1201 1848 1260 1900 in
1297 1866 1405 1918 quo
1442 1865 1583 1901 nova
1623 1845 1879 1898 divisione

157 1941 459 2007 pastoritiae
494 1942 762 2008 religionis
794 1943 927 1996 duos
957 1943 1091 1995 ritus
1121 1945 1356 2011 potiores
1391 1943 1560 2011 ponit.
1629 1942 1879 2008 Denique

158 2037 387 2086 tractatis
427 2035 643 2102 singulis
689 2038 977 2104 generatim
1019 2040 1232 2091 invocat
1272 2037 1400 2090 deos
1438 2048 1498 2088 ut
1539 2034 1733 2099 adsint,
1782 2053 1879 2085 nec

158 2150 186 2182 e
234 2149 395 2181 mensa
442 2150 679 2200 paupere
727 2143 980 2200 spernant
1032 2133 1173 2185 dona
1222 2152 1320 2185 nec
1373 2151 1400 2184 e
1434 2132 1667 2200 fictilibus
1715 2131 1881 2196 puris.

75 2244 79 2247 ’
156 2224 287 2275 Inde
339 2224 546 2279 divitias
594 2238 807 2294 patrum
858 2230 1136 2297 largosque
1185 2227 1384 2279 reditus
1437 2245 1684 2293 agrorum
1735 2236 1880 2292 post-

156 2321 310 2387 ponit
342 2321 482 2373 vitae
530 2322 712 2388 paucis
751 2333 1054 2388 contentae,
1106 2332 1158 2373 et
1202 2324 1371 2372 lectum
1405 2318 1699 2371 iucundum
1739 2318 1882 2370 domi

155 2413 423 2482 praedicat
459 2425 511 2466 et
554 2434 767 2467 somnum
812 2434 1057 2468 securum
1104 2435 1231 2484 prae
1268 2415 1452 2467 militia
1476 2415 1697 2483 furorem
1734 2419 1880 2466 maris

158 2519 208 2559 et
259 2511 428 2560 tristes
452 2512 654 2578 =pluoias
698 2512 931 2576 ferente,
986 2523 1038 2562 et
1081 2529 1270 2562 aurum
1313 2510 1717 2577 smaragdosque
1757 2526 1881 2561 con-

154 2603 340 2653 temnit
374 2603 478 2660 ubi,
498 2602 622 2655 fleat
658 2603 943 2657 discessum
981 2624 1102 2658 cara
1134 2607 1339 2673 puella,
1379 2615 1431 2655 et
1467 2604 1593 2655 dum
1623 2604 1879 2654 Messalae

149 2699 354 2762 gloriam
402 2701 650 2750 militarem
689 2699 898 2766 laudat,
948 2701 1061 2767 ipse
1103 2701 1204 2752 sibi
1250 2718 1462 2750 amorem
1501 2700 1686 2750 Deliae
1726 2716 1881 2764 prae-

152 2794 284 2844 fert:
322 2794 459 2844 hanc
492 2804 709 2862 spectare
745 2795 890 2862 cupit
922 2812 1168 2862 suprema
1194 2796 1355 2858 hora,
1391 2795 1528 2844 hanc
1563 2804 1718 2844 tenere
1754 2791 1879 2842 defi-

154 2888 323 2938 ciente
359 2905 540 2939 manu.
622 2888 829 2940 Rursus
871 2888 1027 2940 etiam
1062 2889 1219 2939 Delia
1255 2887 1456 2954 lugebit
1492 2887 1693 2939 Tibulli
1734 2904 1879 2937 mor-

153 2994 286 3048 tem,
332 3001 431 3035 nec
467 2983 665 3052 poterit
697 2981 760 3034 de
796 2984 985 3035 funere
1022 2988 1192 3035 iuvenis
1222 3001 1318 3035 nec
1355 2987 1484 3047 virgo
1522 2980 1697 3033 redire
1736 2982 1880 3032 siccis

154 3080 356 3144 oculis,
403 3079 460 3130 in
511 3096 620 3148 quo
671 3096 811 3152 noya
853 3066 1187 3148 oppositione
1241 3078 1445 3144 egregia
1495 3078 1590 3128 has
1639 3077 1879 3128 lacrimas

153 3175 445 3240 lugentium
480 3174 698 3227 bellicae
733 3174 930 3240 gloriae
966 3175 1215 3242 praefert.
1296 3170 1424 3223 Inde
1470 3191 1500 3222 a
1534 3174 1703 3223 luctus
1741 3173 1878 3236 cogi-

156 3270 350 3320 talione
391 3268 455 3319 ad
493 3266 683 3334 gaudia
721 3269 914 3319 amoris
951 3268 1108 3331 redit,
1163 3269 1512 3334 hortaturque
1555 3268 1782 3333 puellam
1821 3278 1877 3316 ut
