2086 3756
871 165 1180 228 TIBULLIV.
1757 189 1873 222 exet

167 313 279 364 cani
319 311 537 379 fingunt.
612 312 743 365 Cum
784 313 943 382 igitur
977 325 1095 395 post
1132 314 1265 367 dicta
1301 311 1655 366 antecedentia
1695 317 1868 366 onmia

165 407 367 457 clausae
418 419 662 460 maneant
717 411 888 473 fores3
951 411 1183 463 suaviter
1235 407 1393 461 dueta
1445 408 1570 459 inde
1619 409 1870 459 orationis

163 499 334 552 forma
369 502 622 574 exclamat
654 513 902 569 repente.
949 520 1077 554 num
1117 503 1390 556 deorum'
1373 522 1503 556 nram
1538 504 1765 567 incurri,
1813 513 1871 553 ut

162 594 341 645 irritae
384 611 540 650 voces
581 611 752 647 meae
767 592 918 647 sint?
988 595 1074 646 Sic
1119 599 1273 648 etiam
1315 600 1400 650 hic
1436 600 1661 666 abrupta
1699 598 1869 649 oratio

161 688 531 752 pulcherrima.
629 689 901 764 Ρρειιειηο
955 690 1136 740 afferri
1183 689 1339 742 debet
1389 694 1535 742 locus
1585 694 1634 758 Ι,
1677 694 1737 756 5,
1780 695 1868 745 47.

159 798 316 847 quem
358 781 599 854 Baebius
604 762 1028 879 ῥξῖξὶῠνωυιιε
1075 801 1241 851 prava
1287 785 1711 852 interpunctione
1752 804 1871 838 cor-

157 891 365 941 rupere.
436 873 539 925 Sed
606 867 607 870 ¹
817 930 823 934 ,
835 887 1026 958 §1⁰91
1051 879 1434 946 expositionem
1483 897 1870 943 aerumnarum,

157 985 287 1036 quas
339 968 525 1021 Deliae
581 952 827 1053 pefflQ
856 970 913 1024 ei
949 956 1232 1037 auderat,
1302 975 1490 1040 plenus
1547 973 1729 1025 dolore
1783 975 1866 1025 his

153 1062 330 1116 verbIs
375 1065 603 1131 graviter
639 1062 818 1133 pergit
867 1062 946 1118 ad
982 1083 1163 1119 causas
1218 1069 1496 1120 infortunii
1546 1070 1866 1138 alteramque

154 1151 422 1219 carmmn
449 1169 688 1226 partem:
752 1161 895 1212 Haec
945 1181 1145 1214 nocuere
1193 1164 1331 1227 mihi,
1373 1163 1527 1232 quod
1574 1164 1711 1215 adest
1759 1166 1869 1216 huic

153 1251 279 1302 dives
328 1263 547 1318 amator,
602 1256 734 1324 Vm&
777 1259 829 1306 ίιι
876 1261 1068 1308 cxitz'um
1114 1258 1296 1308 callida
1345 1259 1452 1308 lena
1498 1275 1678 1321 meum,
1738 1276 1867 1325 pro·

152 1348 319 1398 fectus
360 1349 517 1400 etiam
552 1349 855 1405 bicatum
891 1353 1171 1418 complexu
1213 1352 1632 1403 antecedentium
1669 1371 1866 1406 rerum.

153 1442 327 1510 Atque
368 1444 495 1494 haec
539 1442 603 1494 de
643 1430 742 1495 his.
814 1444 1087 1496 Postremo
1126 1446 1166 1497 ii
1203 1463 1414 1514 quoque
1451 1447 1555 1498 loci
1591 1448 1868 1514 abruptam

151 1538 443 1588 orationem
491 1538 713 1603 habent,
761 1538 817 1589 in
864 1539 1059 1608 quibus
1102 1541 1277 1591 subito
1317 1549 1553 1590 mutatur
1593 1541 1868 1592 sententia.

152 1630 257 1682 Sed
306 1630 371 1682 de
418 1633 517 1683 hac
558 1632 725 1698 figura
770 1649 929 1701 supra
975 1632 1185 1684 abunde
1235 1635 1548 1702 expositum.
1605 1608 1747 1687 ‘Post
1788 1639 1865 1688 vi-

151 1725 409 1776 vidiorem
457 1735 662 1778 motum
708 1738 1119 1780 consentaneum
1169 1739 1246 1780 est
1291 1728 1355 1780 ad
1401 1729 1713 1781 sedatiorem
1759 1742 1864 1781 sta-

152 1832 263 1870 tum
318 1820 557 1872 revocari
605 1832 864 1888 mentem3
930 1840 1095 1892 quare
1153 1841 1273 1874 cum
1325 1827 1553 1875 maxime
1613 1827 1865 1876 naturalis

150 1916 278 1965 haec
325 1916 544 1967 mutatio
593 1916 693 1982 sit,
751 1917 874 1967 licet
921 1902 1137 1985 repente
1186 1915 1306 1982 fiat,
1370 1935 1482 1968 non
1543 1917 1866 1970 offendimur

151 2025 323 2078 neque
347 2049 356 2073 ,.
386 2011 487 2063 hoc
553 2011 767 2065 nomine
831 2021 1143 2064 accusarunt
1206 2012 1495 2064 Tibullum.
1603 2013 1678 2064 Ut
1732 2016 1866 2065 nihil

147 2114 421 2174 praeterea
469 2105 676 2158 addam.
745 2109 829 2158 Tu
870 2125 1000 2160 vero
1047 2118 1168 2175 post
1215 2110 1344 2160 haec
1393 2110 1569 2161 omnia
1622 2128 1863 2179 quaeras,

71 2235 75 2237 -
149 2218 259 2270 quo
297 2201 415 2254 iure
465 2196 682 2253 omnino
735 2201 993 2254 exstiterit
1039 2203 1134 2254 iste
1186 2205 1383 2255 clamor
1431 2204 1495 2256 de
1544 2208 1673 2258 locis
1726 2211 1861 2258 male

151 2295 335 2347 vinctis
373 2293 514 2363 apud
545 2296 840 2359 Tibullum,
881 2295 974 2364 qui
1012 2296 1244 2362 egregius
1282 2297 1471 2348 artifex
1511 2309 1610 2363 est,
1647 2300 1863 2353 vitiosos

151 2399 324 2439 autem
375 2389 624 2440 transitus
675 2406 935 2458 nusquam
987 2390 1175 2454 habet,
1240 2393 1410 2459 qualis
1461 2390 1545 2445 hic
1595 2405 1671 2444 est
1721 2395 1864 2462 apud

150 2480 479 2550 Lygdamum
532 2483 636 2546 111,
675 2487 736 2546 6,
777 2486 860 2534 13.
948 2482 1087 2535 Nam
1141 2484 1215 2534 ibi
1249 2486 1334 2534 Ille
1386 2487 1503 2536 deus
1552 2486 1718 2539 Amor
1770 2499 1862 2554 est,

151 2593 268 2626 cum
326 2586 499 2626 tamen
561 2574 626 2626 de
689 2576 828 2627 curis
891 2575 1104 2645 quidem
1171 2579 1364 2629 amoris
1427 2577 1621 2631 dictum
1682 2582 1749 2632 sit
1807 2584 1863 2633 in

148 2668 602 2734 antecedentibus,
670 2686 780 2721 non
839 2681 1012 2724 autem
1069 2670 1132 2722 de
1192 2672 1290 2724 deo
1343 2673 1570 2739 Amore,
1646 2674 1738 2726 sed
1796 2676 1862 2727 de

147 2765 373 2817 Baccho·
466 2763 625 2832 Apud
679 2766 948 2817 Tibullum
1009 2785 1175 2817 unum
1227 2768 1506 2819 transitum
1565 2769 1864 2838 improbavi

146 2861 224 2923 Π,
267 2866 328 2926 3,
367 2865 454 2912 33.
500 2862 614 2924 34.,
684 2859 776 2911 sed
827 2879 946 2912 eum
999 2862 1054 2912 in
1105 2861 1364 2926 carmine,
1431 2861 1578 2932 quod
1624 2864 1862 2919 ultimam

146 2973 358 3006 manum
411 2956 636 3008 auctoris
688 2971 794 3006 non
844 2954 1054 3008 videtur
1103 2967 1408 3023 expertum,
1469 2975 1565 3010 nec
1612 2961 1860 3014 vitiosum

146 3051 288 3101 hunc
330 3049 477 3116 dico,
527 3049 620 3102 sed
662 3066 771 3100 non
815 3052 1099 3118 optimum,
1151 3052 1243 3120 qui
1285 3054 1404 3119 eligi
1449 3065 1672 3122 poterat.
1746 3056 1860 3112 Ob-

55 3164 57 3169 ·
146 3146 353 3199 servavi
408 3162 534 3199 vero
594 3145 747 3194 etiam
808 3147 1056 3212 pulchros
1114 3148 1422 3199 transeundi
1477 3149 1663 3201 modos
1719 3171 1861 3206 com-

146 3242 359 3307 plures,
437 3257 569 3309 quos
628 3250 812 3292 notare
870 3238 1132 3293 debebant
1188 3243 1279 3309 qui
1344 3253 1444 3294 tam
1505 3249 1735 3313 prompti
1794 3249 1858 3299 ad
