2158 3750
302 233 386 293 42
805 231 1111 289 TIBULLI
1172 230 1312 292 LIB.
1351 231 1418 288 ll.
1454 236 1495 288 1.

370 387 518 447 Hinc
565 400 618 446 et
656 386 933 445 femineus
981 383 1143 443 labor
1179 398 1277 456 est,
1321 383 1455 442 hinc
1500 405 1677 465 pensa
1714 382 2020 470 colusque„

451 495 636 553 Fusus
678 509 732 551 et
770 493 1030 575 apposito
1076 491 1279 574 pollice
1325 504 1508 550 versat
1551 513 1724 572 opus:

300 600 559 682 65Atque
606 599 793 683 aliqua
843 599 1103 659 assiduae
1151 600 1347 659 textrix
1395 612 1622 680 operata
1667 595 1983 656 Minervae,

460 708 689 780 Cantat‚
735 722 788 767 et
831 707 1106 790 applauso
1148 707 1255 767 tela
1293 721 1458 767 sonat
1492 705 1788 789 laterefflffl

365 816 494 896 Ipse
534 815 794 898 interque
836 839 1036 897 greges
1071 816 1329 898 interque
1376 827 1626 874 armenta
1670 811 1895 895 Cupido

448 922 628 982 Natus
670 936 723 982 et
767 922 1072 983 indomitas
1120 923 1329 983 dicitur
1372 923 1519 981 iuter
1563 943 1752 1004 equas.

361 1026 482 1091 Illic
525 1031 758 1092 indocto
796 1032 1044 1114 primun]
1090 1055 1148 1091 se
1196 1031 1441 1090 exercuit
1485 1053 1650 1090 arcu:

296 1151 357 1194 70
458 1139 562 1198 Hei
607 1139 766 1211 mihi,
812 1163 981 1220 quam
1023 1122 1218 1198 doctas
1245 1162 1397 1197 nunc
1428 1138 1600 1196 habet
1643 1136 1735 1196 ille
1767 1137 1999 1195 manus!

364 1246 481 1306 Nec
520 1246 799 1328 pecudes,
856 1245 1007 1306 velut
1051 1260 1212 1318 ante,
1263 1245 1431 1327 petit:
1493 1244 1679 1303 fixisse
1717 1242 1935 1326 puellas

442 1353 626 1413 Gestit
664 1367 719 1413 et
764 1353 1008 1414 audaces
1045 1343 1438 1435 perdomuisse
1482 1353 1648 1411 viros.

362 1460 470 1521 Hic
513 1461 702 1521 iuveni
748 1461 989 1522 detraxit
1029 1484 1196 1544 opes,
1246 1443 1340 1522 hic
1386 1460 1585 1521 dicere
1622 1459 1786 1518 iussit

445 1568 643 1629 Limen
690 1574 765 1630 ad
809 1570 983 1629 iratae
1027 1570 1199 1630 verba
1244 1568 1515 1652 pudenda
1561 1590 1786 1628 senem:

294 1690 353 1734 75
369 1678 492 1737 Hoc
538 1678 682 1739 duce
727 1679 990 1739 custodes
1037 1679 1231 1738 furtim
1257 1693 1630 1757 *transgressa
1667 1677 1913 1736 iacentes

445 1784 540 1844 Ad
584 1785 843 1846 iuvenem
879 1786 1127 1846 tenebris
1166 1785 1286 1846 sola
1325 1785 1514 1869 puella
1558 1784 1711 1844 venit

360 1891 430 1952 Et
466 1893 711 1976 pedibus
755 1909 1070 1977 praetentat
1113 1895 1220 1954 iter
1264 1917 1542 1978 suspensa
1585 1893 1816 1965 timore,

450 2000 725 2084 Explorat
768 2025 962 2062 caecas
1000 2003 1091 2062 cui
1131 2025 1335 2062 manus
1375 2017 1503 2062 ante
1546 2002 1684 2062 vias·

360 2107 455 2167 Ah
502 2109 727 2184 miseri,
773 2134 916 2192 quos
961 2109 1054 2171 hic
1094 2110 1339 2191 graviter
1383 2110 1522 2170 deus
1564 2111 1760 2191 urget!
1806 2123 1863 2169 at
1903 2108 1997 2168 ille

293 2232 354 2275 80
451 2216 637 2303 Felix,
697 2218 788 2278 cui
832 2217 1093 2300 placidus
1139 2218 1340 2278 leniter
1379 2218 1535 2278 afflat
1577 2217 1771 2278 Amor.

361 2325 596 2398 Sancte,
656 2326 783 2385 veni
825 2326 1070 2408 dapibus
1114 2326 1306 2399 festiS‚
1362 2326 1463 2385 sed
1505 2349 1655 2409 pone
1699 2325 1930 2406 sagittas

454 2433 526 2492 Et
568 2432 769 2515 procul
814 2433 1077 2493 ardentes
1120 2433 1256 2493 hino
1301 2457 1507 2516 precor
1550 2433 1697 2494 abde
1741 2433 1908 2493 faces.

360 2543 477 2600 Vos
522 2540 800 2602 celebrem
846 2557 1066 2602 cantate
1112 2541 1280 2601 deum
1326 2542 1632 2624 pecorique
1675 2556 1869 2602 vocate

431 2652 615 2710 Voce:
679 2648 868 2733 palam
914 2650 1138 2732 pecori,
1195 2648 1339 2710 clam
1384 2650 1493 2710 sibi
1538 2650 1777 2733 quisque
1822 2665 1994 2711 vocet.

410 2957 463 3000 V.
484 2959 557 3000 65.
598 2957 745 3012 Vulgo
786 2958 926 3000 textis
968 2958 1023 3002 de
1060 2959 1307 3002 coniectura
1348 2959 1582 3002 Fnu'rssnn
1627 2959 1800 3004 minime
1840 2974 1994 3004 neces-

290 3039 416 3082 saria.
444 3062 503 3071 -
563 3039 864 3084 Minervae
902 3041 1033 3084 Imm
1075 3046 1220 3095 recte,
1260 3041 1358 3084 libri
1389 3040 1656 3086 Minervam.

410 3151 465 3195 V.
482 3153 554 3193 82.
590 3164 796 3207 precor
824 3152 923 3195 libri
954 3153 1105 3209 optimi
1137 3157 1181 3196 et
1212 3154 1395 3210 plurimi.
1457 3155 1604 3209 Vulgo
1636 3166 1692 3196 ex
1722 3154 1817 3196 aliis
1848 3155 1992 3210 placet

287 3232 447 3288 procul
486 3233 616 3276 etiam
662 3232 743 3276 hic.
831 3235 921 3278 Sed
969 3242 1183 3291 repugnat
1224 3235 1329 3279 haec
1371 3235 1637 3280 vehementia
1678 3237 1861 3280 affectus
1903 3238 1988 3280 leni

291 3317 412 3359 initio
446 3315 640 3359 distichi:
670 3318 859 3369 Sancte,
893 3317 990 3359 veni
1024 3317 1226 3375 (lapibus.
