2086 3756
246 221 406 254 vam
932 203 1027 251 DE
1066 203 1105 252 P
1112 181 1266 256 OESI

250 348 423 402 nuerit
458 345 640 398 Deliae
689 363 788 397 usu
838 346 1030 410 iratus,
1086 344 1177 397 sed
1229 348 1395 398 statim
1442 358 1591 413 rogat
1638 349 1844 401 Deliam
1891 363 1947 402 ut

248 445 421 513 potius
457 441 734 495 condonet.
819 439 987 489 Porro
1025 440 1064 503 I,
1108 444 1155 502 9,
1194 442 1246 490 5.
1279 441 1517 509 loquitur
1554 441 1617 493 de
1657 460 1832 510 poena
1868 444 1948 495 di-

246 541 370 607 vina
404 537 557 606 pueri
596 534 809 603 perfidi,
857 533 948 585 sed
983 536 1075 586 vix
1109 536 1314 587 locutus
1347 538 1682 589 miseratione
1718 541 1948 604 tangitur

246 647 298 687 et
349 635 656 702 deprecatur
709 650 839 683 eam.
933 632 1072 683 Tum
1120 651 1169 686 v.
1218 638 1433 684 11-12.
1492 634 1558 685 ad
1610 637 1741 687 iram
1795 635 1949 686 redit.

246 732 416 802 Carm.
453 731 492 792 Ι,
531 734 613 793 10,
650 729 767 778 init.
815 729 1084 780 invehitur
1129 731 1353 795 graviter
1402 731 1459 780 in
1495 732 1723 797 primum
1760 733 1946 782 inven-

243 837 410 878 torem
447 825 650 876 ensium
683 823 1006 886 bellicorum,
1044 839 1172 873 mox
1208 841 1334 877 vero
1374 835 1586 875 excusat
1623 842 1743 875 eum
1780 834 1832 874 et
1863 842 1947 874 ce-

242 934 382 974 teros
418 922 656 973 homines
694 929 914 971 accusat.
981 921 1254 972 Postremo
1282 921 1350 981 II,
1382 922 1428 985 6,
1459 927 1486 971 7
1518 936 1632 987 sqq.
1670 917 1947 969 exordium

241 1020 396 1087 plane
448 1015 787 1068 dramaticum
836 1025 942 1066 est:
996 1017 1159 1082 surgit
1195 1016 1370 1067 animo
1409 1018 1684 1068 consilium
1718 1015 1948 1066 abeundi

238 1113 294 1163 in
330 1114 542 1176 bellum,
577 1122 690 1162 tum
726 1112 931 1162 fortiter
967 1111 1184 1177 capitur,
1222 1111 1314 1163 sed
1346 1113 1438 1164 vix
1475 1122 1684 1180 captum
1719 1111 1945 1180 denique

241 1209 482 1259 abiicitur
516 1208 726 1269 iterum,
763 1223 879 1256 cum
917 1208 996 1259 vis
1033 1206 1166 1256 desit
1203 1207 1395 1257 animo.
1464 1207 1628 1258 Vides
1666 1223 1826 1274 quam
1860 1207 1944 1256 hic

238 1304 416 1356 varius
452 1313 626 1354 motus
663 1303 727 1352 sit
763 1303 952 1354 suavis·
1035 1302 1161 1353 Post
1207 1302 1484 1353 exordium
1528 1304 1585 1353 in
1621 1300 1795 1354 medio
1834 1320 1946 1354 car-

236 1401 405 1464 mine,
441 1411 501 1450 ut
535 1400 636 1450 hoc
673 1399 842 1449 statim
880 1396 1096 1462 addam,
1135 1397 1215 1448 bis
1253 1396 1538 1448 adhibitam
1573 1414 1686 1448 rem
1722 1395 1877 1450 video
1915 1415 1948 1448 a

236 1498 478 1562 Tibullo,
528 1496 757 1562 primum
793 1495 833 1559 Ι,
867 1498 922 1544 ’6.
957 1495 1052 1544 ubi
1088 1512 1204 1544 cum
1244 1512 1295 1546 v.
1335 1498 1419 1544 16.
1458 1494 1706 1560 abreptus
1741 1492 1822 1543 ira
1858 1510 1947 1543 ze-

234 1595 464 1662 lotypiae
523 1591 738 1644 dixisset
788 1591 996 1658 coniugi
1044 1591 1258 1642 Deliae:
1317 1608 1400 1641 me
1453 1607 1668 1660 quoque
1722 1599 1944 1651 servato,

236 1700 415 1756 peccet
462 1697 521 1738 ut
569 1688 659 1737 illa
706 1687 864 1750 nihil,
918 1705 969 1738 v.
1007 1692 1092 1738 23,
1131 1696 1329 1737 mutata
1365 1688 1621 1737 sententia
1657 1684 1944 1738 custodiam

233 1784 439 1850 puellae
486 1781 586 1832 sibi
631 1778 870 1830 mandari
909 1782 1048 1844 vult,
1100 1791 1150 1831 et
1195 1782 1260 1844 ΙΙ,
1299 1786 1348 1847 3,
1387 1782 1475 1832 49.
1522 1783 1617 1832 ubi
1661 1781 1842 1849 opinio
1878 1780 1943 1833 de

234 1880 526 1947 frugalitate
562 1878 799 1929 Nemesis
836 1878 1010 1929 subito
1043 1888 1304 1941 mutatur,
1357 1897 1416 1930 ac
1454 1877 1663 1937 docebit
1696 1890 1747 1930 te
1785 1878 1943 1931 Com-

233 1977 519 2028 mentarius
556 1973 686 2043 quid
722 1974 821 2025 sibi
856 1975 981 2026 velit
1016 1976 1091 2024 ibi
1121 1992 1223 2026 res.
1297 1974 1401 2026 Sed
1427 1977 1584 2027 unica
1611 1987 1785 2028 tamen
1813 1978 1942 2028 haec

234 2073 499 2138 exempla3
549 2071 705 2135 vulgo
745 2069 884 2119 enim
918 2071 1091 2120 minus
1127 2073 1302 2120 locum
1338 2071 1498 2121 habet
1540 2072 1706 2137 figura
1749 2074 1806 2122 in
1851 2074 1943 2124 tali

230 2180 377 2238 parte
416 2167 635 2233 elegiae,
671 2168 764 2217 ubi
801 2167 912 2215 fere
950 2168 1230 2218 continuus
1257 2185 1562 2234 progressus
1597 2187 1775 2221 rerum
1813 2173 1942 2222 solet

232 2284 357 2329 esse,
401 2263 589 2313 eximie
625 2276 752 2313 vero
792 2271 911 2326 apta
946 2261 1000 2310 in
1042 2261 1270 2312 exordiis
1305 2273 1382 2314 est
1418 2274 1468 2313 et
1503 2264 1561 2314 in
1599 2267 1770 2331 exitu3
1809 2268 1942 2318 etin

231 2363 331 2411 hoc
373 2357 612 2426 quidem,
668 2374 784 2407 cum
823 2358 1154 2424 abrumpitur
1191 2375 1372 2409 cursus
1410 2361 1560 2426 prior
1597 2362 1817 2427 elegiae,
1872 2363 1938 2414 de

230 2471 338 2523 quo
375 2454 556 2520 paullo
594 2462 712 2519 post
751 2449 946 2514 dicam,
1001 2451 1058 2501 in
1097 2452 1326 2504 exordiis
1378 2435 1551 2506 autem
1600 2466 1659 2506 ut
1709 2467 1760 2508 et
1807 2457 1940 2512 vivi-

231 2552 376 2615 dior,
426 2549 645 2599 liberior
691 2557 863 2597 motus
910 2547 1125 2596 affectus
1171 2549 1337 2613 possit
1375 2566 1514 2613 esse,
1566 2560 1618 2599 et
1650 2550 1824 2602 redire
1855 2563 1938 2604 ›ta-

228 2664 350 2697 men
402 2642 525 2695 inde
571 2644 720 2693 facile
773 2653 927 2710 queat
972 2653 1156 2709 poeta,
1218 2661 1437 2711 eamque
1486 2646 1626 2697 viam
1674 2651 1937 2717 persequi,

229 2759 387 2810 quam
425 2740 585 2805 elegia
621 2756 762 2787 nunc
797 2739 1042 2804 postulet.
1111 2735 1244 2788 Satis
1278 2735 1342 2789 de
1372 2739 1472 2791 his.
1542 2739 1627 2791 Ad
1663 2744 1937 2809 superiora

227 2849 287 2887 ut
324 2835 561 2901 redeam,
618 2834 826 2885 abunde
863 2832 1090 2885 indicavi
1125 2834 1202 2884 ibi
1239 2834 1366 2902 quid
1401 2838 1571 2887 inesse
1608 2839 1666 2888 in
1704 2839 1935 2892 exordiis

227 2935 417 2998 soleat,
471 2951 528 2984 ac
566 2947 686 2983 cum
725 2929 865 2997 apud
910 2932 1038 2981 alios
1083 2931 1330 2988 introitus
1378 2934 1568 2999 elegiae
1613 2953 1767 3003 saepe
1811 2954 1935 3004 per-

226 3029 402 3079 brevis
439 3028 532 3090 sit,
583 3037 643 3076 ut
676 3029 987 3095 plerumque
1025 3027 1166 3093 apud
1202 3030 1536 3096 Propertium
1577 3041 1629 3082 et
1665 3030 1932 3099 Ovidium,

227 3123 548 3175 contrarium
578 3139 780 3174 morem
817 3123 1055 3190 sequitur
1083 3123 1341 3186 Tibullus,
1379 3124 1526 3174 cuius
1565 3125 1783 3177 exordia
1819 3129 1930 3180 fero

222 3220 464 3285 longiora
513 3228 634 3270 sunt
684 3230 732 3269 et
778 3219 1036 3271 vestibula
1084 3219 1285 3284 egregia
1331 3220 1636 3272 carminum.
1708 3222 1928 3276 Minime

226 3316 384 3380 igitur
429 3312 545 3367 dico
594 3315 720 3366 alios
766 3317 922 3382 plane
961 3313 1177 3366 eandem
1213 3317 1470 3367 rationem
1507 3319 1656 3387 sequi
1668 3339 1682 3385 3
1731 3320 1928 3373 Tibulli
