2158 3750
622 233 808 286 LIBR.
843 234 936 287 IV.
1006 234 1222 292 GARM.
1258 234 1402 289 VIII.
1750 243 1854 292 453

560 514 604 572 C
658 512 711 572 A
762 515 816 574 R
869 514 932 573 M
987 514 1035 574 E
1089 514 1140 575 N
1271 517 1451 578 VIII.

155 823 364 896 Dicit
405 848 676 906 Sulpicia
718 847 966 892 invisum
1005 849 1119 891 sibi
1157 860 1284 892 esse
1314 851 1561 894 natalem
1594 863 1770 904 suum,
1803 852 1853 894 si

156 933 278 974 ruri
308 937 366 976 et
395 934 520 976 sine
542 929 815 975 Cerintho
845 931 1235 977 celebrandus
1265 934 1365 987 sit,
1394 942 1678 990 rogatque
1707 935 1852 979 Mes-

154 1018 351 1070 salam,
395 1017 492 1072 qui
537 1029 600 1059 eo
640 1016 995 1061 abducturus
1035 1021 1163 1061 erat
1192 1019 1466 1076 puellam,
1506 1025 1565 1063 ut
1594 1021 1698 1064 iam
1731 1022 1851 1076 qui-

152 1099 268 1143 dem
310 1101 523 1143 itinere
566 1100 834 1144 desistat.

270 1184 325 1227 V.
360 1187 383 1226 l
420 1197 514 1239 sqq.
575 1183 804 1228 Invisus
847 1186 1063 1230 natalis
1106 1186 1287 1232 adest.
1362 1188 1429 1233 De
1458 1201 1539 1231 sno
1569 1189 1701 1232 natali
1728 1189 1847 1243 loqui

149 1267 387 1323 Sulpiciam
419 1265 550 1308 verba
579 1266 696 1309 clare
737 1267 923 1321 docent3
963 1281 1105 1324 neque
1135 1269 1249 1313 enim
1281 1269 1471 1314 Cerinthi
1501 1274 1688 1315 natalem
1723 1271 1847 1316 dixe-

147 1349 206 1392 rit
234 1350 414 1392 invisum
442 1348 559 1392 diem
585 1349 678 1392 sine
709 1349 916 1395 Cerintho
946 1352 1190 1408 agendum,
1234 1360 1437 1398 monente
1470 1357 1600 1399 etiam
1634 1355 1843 1400 Hssrmo.

147 1433 264 1475 Mire
293 1433 498 1474 mems
528 1431 745 1476 Messalae
774 1435 959 1478 natalem
990 1436 1171 1490 cogitat.
1205 1459 1264 1467 --
1306 1450 1372 1479 an
1413 1438 1552 1481 villa
1593 1440 1672 1481 sit
1711 1444 1848 1495 apta

146 1515 403 1572 puellae,
446 1519 496 1557 ut
536 1515 578 1556 in
608 1515 721 1557 ruris
749 1514 982 1558 solitudine
1025 1516 1140 1560 diem
1170 1517 1302 1560 ducat
1331 1520 1482 1574 procul
1513 1532 1539 1561 n
1571 1519 1739 1574 gaudiis
1769 1533 1847 1563 ur-

146 1599 248 1642 bis?
279 1621 338 1630 —-
389 1598 666 1641 Arretino
696 1611 849 1654 agro.
910 1599 1005 1643 Illic
1034 1600 1168 1655 igitur
1193 1600 1308 1657 apud
1340 1602 1560 1644 Arretium
1592 1603 1636 1645 in
1668 1601 1847 1644 Etruria

145 1682 227 1725 fuit
258 1683 359 1725 villa
387 1682 632 1735 Messalae3
660 1696 761 1727 nam
792 1683 910 1740 quod
941 1685 1189 1741 oppositum
1224 1689 1294 1728 est
1326 1682 1425 1728 huic
1454 1686 1629 1729 lectioni
1660 1699 1687 1728 a
1720 1685 1846 1728 Cn,-

144 1778 304 1818 Lumo,
335 1765 618 1819 Scsmessno,
658 1765 767 1820 aliis,
809 1767 1084 1810 remotiorem
1117 1766 1227 1810 lianc
1256 1767 1479 1822 regionem
1510 1767 1565 1810 ab
1596 1767 1703 1810 urbe
1734 1780 1846 1821 esse,

143 1861 271 1903 quam
311 1852 361 1889 ut
390 1860 445 1890 eo
477 1847 606 1890 animi
647 1860 780 1890 causa
819 1847 1051 1891 duceretur
1083 1849 1251 1902 puella,
1295 1862 1374 1905 per
1403 1862 1453 1892 se
1482 1862 1568 1891 non
1600 1848 1760 1892 sufficit
1789 1847 1845 1891 ad

142 1945 239 1975 eam
269 1930 606 1974 convellendam.
667 1930 785 1977 Quid
815 1933 953 1985 enim,
996 1931 1258 1988 respondeat
1287 1932 1468 1987 aliquis,
1515 1933 1551 1975 si
1583 1944 1676 1974 eam
1706 1932 1844 1987 ipsam

143 2017 200 2060 ob
231 2030 404 2061 causam
434 2017 637 2073 placebat
666 2015 748 2060 hoc
778 2018 864 2060 iter
892 2016 1170 2073 parentibus,
1213 2017 1287 2071 qui
1329 2023 1540 2060 remotam
1579 2017 1711 2059 filiam
1752 2016 1844 2058 vel-
1878 2011 1891 2023 ⁴

142 2101 233 2143 lent
262 2112 287 2142 e
326 2099 479 2142 vicinia
511 2096 740 2141 Cerinthi?
801 2096 893 2140 Sed
925 2099 1123 2140 nolumus
1154 2095 1382 2150 hariolari3
1430 2097 1538 2140 illud
1570 2097 1689 2140 vides
1719 2095 1764 2139 in
1796 2109 1844 2139 re

140 2184 385 2239 incognita,
412 2182 486 2225 ubi
520 2183 665 2239 plures
693 2182 877 2236 cogitari
907 2187 1090 2238 possunt
1116 2182 1282 2225 itineris
1313 2195 1498 2236 causae,
1538 2181 1842 2224 abstinendum

141 2279 237 2309 esse
267 2279 293 2307 a
322 2264 552 2307 temerarIa
574 2263 813 2307 mutatione
843 2263 1070 2316 lectionis;
1115 2264 1360 2307 emendavit
1390 2269 1535 2307 autem
1567 2264 1841 2307 Cnmmus

140 2347 327 2390 Eretino
374 2346 430 2389 ab
476 2345 637 2402 oppido
682 2345 835 2388 Eretio
881 2358 966 2388 non
1018 2346 1148 2399 longe
1198 2359 1226 2388 a
1271 2345 1517 2399 Nomento,
1569 2345 1843 2389 Huscmuus

140 2430 358 2477 Reatino,
410 2441 537 2484 quem
577 2427 773 2482 sequitur
815 2427 1117 2470 Gonnsaxtm.
1190 2426 1281 2469 Sed
1327 2439 1389 2483 pr.
1433 2439 1473 2471 v.
1519 2426 1700 2469 amnis
1743 2439 1842 2470 cum

140 2512 352 2565 mesm,
386 2512 594 2565 Hermo,
623 2512 804 2564 Vossm,
832 2510 1012 2553 Bicmo
1044 2509 1229 2556 Arnus,
1262 2509 1379 2565 quod
1410 2509 1552 2552 codex
1583 2510 1842 2554 'Pitumnus

140 2597 283 2650 habet,
312 2597 367 2638 ab
399 2601 576 2639 anctore
605 2596 803 2638 carminis
831 2595 1018 2651 positum
1046 2594 1204 2646 credo;
1236 2606 1334 2636 nam
1365 2594 1557 2637 ieIunum
1586 2591 1656 2636 hic
1687 2594 1841 2649 appel-

138 2680 328 2731 lativum,
359 2678 459 2733 quia
490 2677 749 2720 indefinitius
777 2682 857 2731 est,
886 2677 1095 2733 optimum
1126 2689 1230 2719 vero
1255 2689 1410 2719 nomen
1442 2675 1679 2732 proprium.
1738 2675 1842 2719 Fuit

139 2762 279 2804 Arnus
310 2760 435 2803 liuius
466 2760 681 2815 regionis,
723 2758 988 2802 descendens
1019 2758 1092 2801 ille
1123 2770 1179 2800 ex
1210 2758 1466 2814 Apennino,
1514 2770 1566 2800 ac
1595 2755 1710 2812 quod
1741 2755 1840 2799 fri-

138 2843 306 2896 gidus
345 2842 523 2899 dicitur,
564 2841 761 2884 videntur
801 2843 968 2886 Vossro
1014 2840 1200 2883 nebulae
1242 2840 1488 2895 frigidiores
1530 2840 1646 2882 circa
1680 2838 1839 2882 flumen

140 2927 310 2982 respici,
342 2939 478 2981 prope
508 2925 624 2980 quod
657 2926 771 2979 villa,
801 2926 951 2980 quales
982 2925 1066 2968 isto
1102 2929 1299 2980 tempore
1329 2925 1428 2967 anni
1460 2926 1696 2980 potuerunt
1725 2935 1836 2966 esse.

136 3009 404 3051 Huscnst
453 3010 565 3052 male
611 3023 759 3050 annus
803 3010 1046 3062 revocavit,
1093 3008 1297 3064 frigidum
1344 3022 1499 3052 annum
1551 3010 1838 3064 interpretans

138 3100 440 3145 auctumnum,
485 3094 558 3147 qui
606 3091 741 3135 hiems
783 3097 850 3136 est
890 3094 1030 3137 Vina.
1069 3094 1175 3137 Aen.
1223 3095 1297 3148 Vl,
1337 3097 1441 3138 311.
1487 3118 1544 3125 -
1608 3094 1834 3137 nimium

137 3180 242 3222 mei
273 3177 564 3229 studiose,
595 3177 814 3230 officiose,
845 3178 1140 3232 quiescas,
1171 3178 1355 3221 desistas
1387 3177 1442 3219 ab
1471 3177 1556 3219 isto
1585 3175 1727 3219 studio
1759 3182 1836 3218 tuo

137 3266 183 3305 et
224 3274 344 3303 cessa
388 3274 456 3302 me
500 3271 706 3315 premere.
758 3259 931 3301 Pmu‘r.
969 3259 1160 3302 Mostell.
1194 3261 1247 3312 V,
1287 3262 1331 3312 2,
1362 3262 1445 3301 51:
1493 3257 1677 3315 Quiesce
1720 3257 1837 3297 lzcmc

138 3360 228 3390 rem
259 3344 384 3387 modo
409 3351 575 3400 petere.
602 3367 659 3374 -
707 3342 816 3386 Mox
849 3342 968 3385 Non
1013 3344 1360 3399 tempestiva
1403 3342 1491 3384 via
1534 3346 1599 3384 est
1640 3341 1722 3384 iter
1753 3352 1837 3382 non
