2086 3756
222 204 329 238 Lxx
404 225 407 227 -
905 182 1002 232 DE
1043 177 1245 233 POESI

229 350 342 383 eam
380 333 420 397 Ι,
458 331 507 395 4,
536 336 598 380 81
631 347 744 398 sqq.
785 335 834 392 5,
876 333 940 378 67
974 345 1090 396 sqq.
1127 335 1176 391 8,
1204 331 1270 378 67
1297 344 1412 396 sqq.
1450 328 1517 391 ΙΙ,
1554 328 1603 390 4,
1640 331 1703 378 51
1734 344 1851 396 sqq.
1889 332 1937 389 6,

228 430 292 478 41
334 443 452 496 sqq.
497 426 589 489 IV,
629 429 712 490 13,
752 429 816 474 17
857 440 974 491 sqq.
1046 423 1250 489 Nempe
1289 424 1457 473 exitus
1496 422 1714 473 carmini
1746 432 1835 472 aut
1870 421 1939 473 si-

227 522 367 574 milis
417 522 711 588 imponitur
761 518 1055 585 principio,
1116 519 1225 570 sive
1286 528 1557 585 repetatur
1610 517 1943 584 principium,

216 600 340 670 'sive
379 618 480 666 alia
519 614 777 666 sententia
807 613 1094 664 conformis
1132 612 1339 664 claudat
1375 624 1561 678 totum,
1595 641 1669 652 --
1700 612 1868 665 veluti
1899 613 1944 663 si

226 712 407 763 laudes
454 712 513 761 in
558 721 742 762 votum
793 719 983 762 exeant
1032 720 1093 761 ut
1140 725 1281 761 nova
1331 708 1521 760 decora
1562 709 1806 772 veniant,
1854 716 1944 758 aut

230 807 565 874 querimonia
598 806 657 856 in
689 821 872 873 preces
912 815 970 855 ut
1005 814 1171 855 cesset
1208 803 1354 871 quod
1391 803 1646 871 querariS‚
1681 802 1772 853 fiat
1800 799 1946 868 quod

230 903 437 970 cupiaS,
486 926 559 940 --
595 912 685 953 aut
725 919 836 953 non
873 912 950 953 est
982 901 1161 952 similis
1200 900 1492 967 principi0‚
1542 897 1636 950 sed
1670 897 1947 961 dissimilis,

234 1000 542 1064 contrarius,
587 1000 680 1068 qui
715 1017 812 1066 per
847 1000 1193 1051 mutationem
1223 997 1510 1048 sententiae
1543 995 1821 1047 adducitur
1856 997 1948 1047 ab·

230 1107 390 1162 rupto
436 1097 615 1164 priore
655 1113 813 1146 cursu
848 1113 1044 1146 rerum.
1128 1094 1213 1146 Sic
1250 1095 1343 1145 ubi
1380 1094 1598 1162 querela
1616 1102 1818 1158 regnat
1850 1109 1950 1159 per

236 1191 480 1256 elegiam,
517 1191 869 1259 tranquillitas
905 1191 1234 1255 invenietur,
1271 1191 1318 1241 si
1350 1199 1520 1240 mutet
1553 1189 1863 1239 sententiam
1897 1199 1950 1239 et

232 1286 333 1335 alia
368 1286 590 1336 meliora
630 1303 841 1353 sperare
879 1285 1094 1352 incipiat
1129 1294 1304 1352 poeta.
1389 1285 1564 1351 Atque
1604 1291 1674 1333 ut·
1704 1281 1809 1333 alia
1850 1297 1948 1349 po-

230 1396 381 1440 nam,
418 1381 484 1443 ΙΙ,
523 1381 573 1446 4,
611 1385 698 1431 51.
744 1379 1136 1432 irae'carminis
1181 1378 1443 1430 finiuntur
1483 1380 1586 1443 sic,
1637 1386 1699 1428 ut
1730 1385 1948 1444 repente

231 1487 430 1527 mutata
471 1479 729 1528 sententia
768 1495 823 1529 se
863 1478 1134 1530 submittat
1173 1478 1417 1528 Tibullus
1454 1475 1718 1528 voluntati
1754 1474 1951 1526 Neme-

231 1571 319 1622 sis.
391 1571 462 1622 At
496 1572 562 1636 ΙΙ,
601 1576 650 1636 6,
687 1574 774 1624 41.
807 1583 930 1640 post
965 1573 1261 1641 querelam,
1311 1570 1714 1623 obtestationem
1753 1570 1952 1635 gravis-

233 1667 418 1717 simam
466 1677 683 1733 repente
731 1667 937 1718 inhibet
986 1682 1226 1732 cursum,
1283 1677 1498 1718 excusat
1541 1667 1772 1733 puellam
1810 1675 1861 1715 et
1893 1665 1953 1715 in

230 1764 405 1814 lenam
447 1765 655 1830 culpam
692 1782 904 1816 omnem
940 1765 1125 1816 reiicit.
1196 1764 1315 1815 Alio
1351 1766 1468 1815 loco
1505 1764 1600 1829 IV,
1629 1766 1715 1826 13,
1744 1766 1809 1813 17
1835 1777 1952 1831 sqq.

232 1862 327 1911 ubi
374 1879 429 1914 se
478 1861 655 1913 multis
702 1865 879 1915 verbis
915 1864 973 1914 in
1020 1874 1335 1931 perpetuum
1374 1861 1637 1914 addictum
1673 1861 1955 1914 affirmavit

233 1957 442 2020 amicae,
464 1969 698 2024 repente
730 1977 796 2010 ex
836 1961 1027 2011 affectu
1056 1959 1123 2010 ad
1156 1976 1210 2010 se
1244 1959 1380 2009 redit
1417 1957 1554 2028 (quid
1561 1957 1702 2025 facio
1725 1953 1953 2027 demens),

232 2053 385 2120 quasi
410 2053 780 2119 imprudenter
807 2053 1019 2121 prodito
1050 2053 1254 2117 ardore,
1293 2052 1554 2122 siquidem
1585 2055 1767 2120 puella
1793 2069 1952 2116 nunc,

233 2164 416 2199 secura
455 2149 648 2200 amoris
683 2150 794 2213 sui,
846 2151 1026 2200 futura
1071 2151 1135 2200 sit
1178 2149 1400 2200 difficilis
1443 2160 1496 2200 et
1529 2150 1776 2217 superba.
1848 2147 1955 2200 Sed

232 2243 318 2294 vel
356 2244 427 2292 sic
466 2244 539 2294 ait
575 2261 630 2293 se
667 2261 977 2298 mansurum
1013 2245 1071 2294 in
1108 2243 1210 2303 fide
1250 2255 1301 2295 et
1337 2243 1646 2296 constantia.
1715 2243 1952 2294 Maxime

233 2355 361 2390 vero
401 2339 605 2390 illustre
644 2342 945 2408 exemplum
980 2342 1061 2392 rei
1092 2341 1167 2399 4in
1217 2341 1371 2392 tertia
1414 2341 1577 2408 elegia
1619 2340 1745 2391 libri
1792 2340 1954 2408 primi

238 2446 422 2501 exstat,
460 2438 554 2489 ubi
579 2449 700 2504 post
729 2437 996 2489 dimidiam
1026 2450 1233 2506 partem
1262 2441 1507 2490 carminis
1541 2441 1954 2506 paullatim'mu-

231 2541 375 2581 tatur
410 2533 566 2584 facies
602 2552 810 2597 rerum,
861 2546 913 2585 et
959 2547 1080 2602 post
1116 2537 1468 2587 tristissimum
1502 2537 1712 2586 initium
1756 2535 1814 2585 in
1848 2536 1952 2588 fine

229 2627 543 2678 laetissimus
571 2629 741 2679 exitus
768 2630 1009 2682 habetur.
1084 2630 1268 2681 Discas
1299 2630 1456 2681 simul
1483 2647 1552 2680 ex
1580 2631 1745 2682 allatis
1774 2646 1953 2682 exem-

232 2723 333 2790 plis
365 2741 476 2775 non
513 2725 643 2775 oriri
669 2726 959 2775 mutatione
998 2726 1286 2776 sententiae
1323 2743 1504 2777 veram
1536 2728 1953 2794 repugnantiam,

235 2838 371 2887 quae
408 2822 662 2873 unitatem
699 2821 942 2872 carminis
971 2825 1136 2887 tollat,
1179 2821 1271 2873 sed
1297 2820 1485 2873 adduci
1517 2824 1674 2874 etiam
1708 2826 1780 2876 sic
1811 2842 1952 2876 com·

234 2917 451 2967 modum
499 2918 676 2971 finem.
759 2919 971 2970 Prolata
1009 2920 1123 2968 ista·
1147 2918 1202 2969 vi
1251 2935 1456 2983 rerum,
1508 2936 1643 2986 quae
1687 2921 1952 2987 implebat,

231 3015 452 3076 urgebat
486 3022 680 3078 pectus,
719 3029 1047 3082 consequens
1075 3023 1186 3064 erat
1211 3024 1271 3064 ut
1307 3013 1505 3065 rediret
1541 3014 1607 3066 ad
1643 3033 1697 3067 se
1733 3016 1952 3080 animuS,

232 3107 674 3176 succederentque
713 3111 843 3162 tales
887 3127 1102 3173 sensus,
1150 3096 1239 3159 in'
1260 3112 1453 3178 quibus
1491 3110 1702 3162 tandem
1743 3112 1951 3179 acquie-

234 3220 378 3253 scere
417 3204 625 3267 liceret3
667 3221 831 3272 quare
869 3205 980 3275 ipsa
1020 3217 1207 3256 natura
1245 3218 1454 3273 poetam
1489 3209 1544 3257 in
1586 3209 1761 3259 multis
1798 3226 1950 3274 argu-

232 3301 420 3350 mentis
463 3298 527 3350 ad
582 3301 675 3351 has
719 3304 1038 3354 mutationes
1086 3305 1373 3356 sententiae
1421 3304 1659 3356 ducebat.
1743 3303 1847 3355 Sed
1892 3317 1949 3356 ut
