2158 3750
315 305 380 347 60
703 296 1169 350 COMMENTAR.
1206 296 1283 349 IN
1320 295 1606 347 TlBULLI

746 517 1314 578 ELEGIA
1442 519 1558 577 111.

911 835 986 887 IN
991 833 1327 888 TRODUCT
1331 831 1423 887 10.

313 998 390 1073 P
390 1033 459 1071 ost
504 1040 692 1085 pugnam
731 1029 950 1072 Actiacam
990 1033 1222 1072 auctumno
1265 1041 1362 1072 ann.
1394 1029 1495 1070 723.
1541 1027 1698 1069 factam
1729 1022 1919 1067 Messala
1958 1021 2011 1064 ab

312 1114 510 1167 Augusto
552 1112 758 1156 adversus
802 1113 1038 1167 Aquitanos
1080 1113 1338 1159 rebellantes
1380 1125 1460 1167 pro
1502 1111 1678 1155 consule
1719 1109 1875 1152 missus
1917 1110 2016 1150 erat

313 1207 475 1248 eosque
517 1194 836 1247 debellaverat,
885 1194 940 1236 cf.
985 1195 1178 1238 Apmn.
1221 1193 1276 1237 de
1316 1194 1417 1236 bell.
1462 1194 1572 1236 civil.
1615 1193 1693 1245 lv,
1723 1195 1798 1235 38.
1848 1190 2012 1234 Tibull.

314 1277 427 1331 eleg.
454 1276 553 1320 Vll.
614 1275 874 1319 Interfuerat
906 1275 969 1319 his
1002 1277 1130 1320 rebus
1160 1277 1292 1320 etiam
1318 1277 1532 1330 Tibullus,
1561 1277 1635 1331 qui
1663 1280 1764 1319 ante
1795 1275 2018 1319 Actiacam

311 1370 503 1414 pugnam
529 1359 797 1401 valedixerat
823 1359 1017 1412 militiae,
1049 1371 1146 1400 cum
1177 1358 1302 1402 civile
1323 1358 1429 1401 illud
1460 1359 1619 1402 bellum
1649 1362 1783 1412 esset,
1813 1357 1855 1400 in
1879 1357 2018 1418 Aqui-

311 1443 470 1485 taniam
500 1455 604 1485 vero
635 1443 758 1497 sequi
788 1447 1018 1499 patronum
1049 1456 1251 1486 recusare
1284 1444 1494 1486 noluerat.
1571 1443 1760 1486 Peracto
1790 1440 1872 1484 hoc
1903 1441 2018 1484 bello

314 1525 506 1567 Messala
537 1524 591 1568 ad
622 1525 846 1568 Orientem
877 1526 1221 1581 componendum
1252 1530 1456 1568 evocatus
1488 1523 1694 1568 continuo
1736 1537 1762 1568 e
1792 1524 1937 1567 Gallia
1973 1522 2017 1566 in

312 1606 460 1650 Asiam
490 1609 777 1663 proficiscitur
807 1622 888 1653 nec
927 1611 1114 1652 Romam
1147 1610 1276 1653 rediit
1317 1611 1398 1653 nisi
1439 1623 1535 1652 ann.
1568 1612 1701 1663 727„
1741 1608 1816 1673 ubi
1860 1608 2013 1651 trium-

311 1686 442 1743 phum
474 1691 579 1745 egit.
641 1691 842 1734 Tibullus
871 1696 1015 1734 autem
1047 1693 1332 1735 comitabatur
1362 1705 1460 1735 eum
1492 1693 1620 1734 etiam
1651 1691 1693 1733 iu
1731 1690 1814 1734 hoc
1846 1690 2016 1744 itinere,

318 1776 435 1814 terra
465 1773 685 1828 marique,
715 1778 764 1816 ut
798 1774 884 1827 ait,
918 1788 958 1816 v.
990 1778 1091 1827 56.‚
1122 1787 1306 1829 sequens
1341 1779 1593 1831 patronum,
1625 1773 1703 1816 sed
1735 1785 1836 1816 mox
1866 1771 2017 1816 morbo

316 1861 538 1899 contracto
578 1857 751 1911 cogitur
795 1869 1019 1900 remanere
1060 1857 1102 1899 in
1135 1856 1328 1911 Corcyra
1365 1856 1621 1900 abeuntibus
1652 1855 1825 1898 ceteris.
1890 1852 2018 1900 Quod

314 1938 476 1981 sactum
506 1952 602 1982 ann.
630 1931 734 1983 72'4.
765 1947 996 1984 auctumno
1028 1947 1072 1984 et
1096 1947 1196 1997 post
1226 1947 1452 1995 aestatem,
1484 1946 1532 1983 ut
1563 1940 1675 1983 bene
1705 1939 1874 1994 colligit
1898 1938 2018 1983 Vos·

312 2035 407 2064 sius
441 2036 466 2065 e
498 2037 609 2067 verS.
641 2027 744 2078 85.,
782 2024 857 2066 ubi
899 2025 1100 2066 lucernae
1141 2025 1413 2080 vespertinae
1459 2024 1621 2066 mentio
1663 2022 1885 2066 breviores
1926 2019 2020 2063 dies

310 2087 495 2147 indicat(
546 2106 690 2159 Atque
721 2105 803 2149 hoc
833 2111 1030 2162 tempore
1062 2107 1204 2160 elegia
1236 2106 1458 2164 proposita
1490 2107 1664 2161 scripta,
1692 2117 1805 2159 quae
1834 2118 1859 2148 e
1888 2117 2018 2162 prae-

312 2188 586 2230 stantissimis
617 2188 794 2232 Tibulli.
857 2189 1093 2232 Videamus
1127 2190 1497 2245 compositionem.
1560 2190 1738 2231 Summa
1781 2187 1888 2231 haec
1926 2192 2018 2230 est:

310 2269 452 2312 Poeta
498 2280 681 2314 mortem
725 2271 806 2315 sibi
853 2273 1014 2315 instare
1057 2273 1238 2316 credens
1278 2275 1323 2317 in
1370 2273 1599 2329 peregrlna
1640 2278 1756 2315 terra
1798 2273 1950 2328 procul
1993 2285 2018 2314 a

313 2353 644 2406 consanguineis
675 2361 721 2396 et
751 2368 776 2396 a
809 2354 933 2397 Delia
964 2355 1208 2407 carissima,
1256 2356 1375 2397 luctu
1417 2356 1584 2410 ingenti
1618 2355 1849 2412 corripitur
1879 2359 1923 2398 et
1955 2355 2019 2396 la-

315 2436 567 2478 mentabiles
608 2438 806 2491 querelas
848 2436 1014 2490 fundit,
1061 2437 1192 2492 erigit
1235 2442 1378 2480 tamen
1423 2437 1580 2481 deinde
1611 2439 1799 2480 animum
1831 2443 1875 2480 et
1916 2437 2018 2479 dum

314 2518 562 2560 consolatur
593 2518 813 2574 dolorem,
858 2526 1079 2576 postremo
1113 2534 1211 2563 eum
1242 2521 1510 2564 obliviscitur
1540 2522 1629 2576 sic,
1675 2527 1724 2564 nt
1753 2523 1896 2565 exitus
1928 2523 2022 2564 lae-—

314 2602 502 2645 tissimus
539 2603 608 2645 sit.
667 2603 895 2647 Enarrabo
939 2618 1053 2649 nunc
1095 2607 1277 2660 singula.
1340 2607 1485 2661 Atque
1516 2606 1812 2648 exordium
1843 2604 2017 2660 quidem

317 2686 618 2739 proficiscens,
660 2692 709 2729 ut
739 2688 831 2728 fieri
863 2688 999 2740 solet,
1041 2701 1067 2729 a
1099 2688 1447 2743 praesentissimo
1479 2700 1635 2742 sensu,
1690 2689 1828 2742 ipsum
1859 2691 2018 2729 statum

314 2767 624 2823 deplorabilem
666 2776 823 2825 poetae
864 2772 1058 2813 tristibus
1101 2772 1243 2814 verbis
1284 2771 1476 2816 exhibet.
1557 2774 1670 2814 Tum
1700 2772 1894 2814 succedit
1924 2785 2018 2814 am—

314 2852 424 2905 plior
456 2866 597 2895 rerum
629 2854 770 2907 orbis,
813 2857 1013 2909 querela,
1061 2861 1108 2897 ut
1139 2857 1212 2909 fit,
1256 2856 1310 2898 ad
1355 2870 1506 2898 causas
1550 2861 1595 2899 et
1637 2857 1778 2899 sontes
1821 2857 2018 2899 miseriae

314 2936 550 2991 redeunte3
591 2939 633 2980 in
665 2950 752 2992 quo
784 2937 924 2980 vivida
955 2938 1164 2992 cogitatio
1197 2944 1352 2994 poetae
1384 2941 1525 2981 omnia
1558 2941 1721 2993 tangit,
1753 2952 1863 2993 quae
1895 2938 2019 2981 huius

314 3018 398 3060 loci
432 3032 527 3061 esse
559 3018 825 3072 videbantur,
858 3017 1034 3075 pulchre
1067 3020 1348 3076 progrediens
1379 3035 1403 3063 a
1437 3023 1707 3078 propioribus
1740 3027 1784 3065 et
1816 3023 2020 3080 speciali-

323 3102 403 3144 bus
449 3103 502 3145 ad
549 3104 781 3146 remotiora
825 3107 868 3146 et
898 3105 1168 3158 generaliora
1200 3119 1279 3162 per
1308 3105 1620 3160 gradationem.
1683 3107 1875 3149 Primum
1908 3107 2019 3150 enim

316 3201 361 3226 ,se
392 3192 579 3240 accusat,
611 3187 728 3241 quod
760 3188 910 3231 Deliae
941 3190 1082 3231 timori
1110 3203 1300 3244 suaeque
1330 3191 1464 3246 ipsius
1494 3195 1593 3232 ante
1626 3190 1860 3233 discessum
1891 3204 2018 3246 prae-

317 3270 504 3313 sensioni
534 3284 619 3313 non
651 3264 882 3314 obsecutus
916 3278 1077 3316 temere
1109 3274 1264 3316 abierit
1287 3274 1419 3315 invito
1446 3277 1619 3326 Amore,
1651 3287 1747 3317 cum
1781 3275 1821 3316 vi
1853 3275 2016 3318 descri-
2080 3284 2085 3287 “
2127 3271 2140 3299 ·’

320 3354 424 3396 bens
458 3356 626 3410 puellae
672 3370 816 3400 curam
860 3371 1044 3412 suasque
1085 3360 1403 3412 cunctationes,
1446 3361 1565 3407 cuius
1612 3360 1864 3403 temeritatis
1907 3374 2018 3403 nunc

317 3450 498 3491 poenam
529 3453 576 3483 se
612 3441 701 3497 pati
733 3441 948 3496 intelligit.
1013 3444 1200 3489 Accusat
1232 3444 1386 3488 deinde
1417 3443 1579 3486 Isidem
1613 3445 1868 3499 salutarem,
1901 3444 2015 3500 quod
