2158 3750
294 217 395 267 376
685 209 1156 279 οΟΜΜΕΝΤΑΒ.
1187 211 1264 265 1N
1301 211 1590 264 TJBULLI

300 359 413 402 enim
455 356 531 401 ille
572 357 680 399 deus
711 357 794 411 sit,
842 369 898 400 ex
929 358 1015 400 fine
1047 344 1218 412 quidem
1250 357 1403 411 disciS‚
1448 370 1504 401 ex
1534 356 1885 409 antecedentibus
1913 371 1991 403 an-

297 446 385 483 tem
417 454 548 495 aegre
579 441 784 494 colligas,
829 441 904 482 ubi
944 440 998 483 de
1031 441 1204 484 Baccho
1238 446 1405 484 tantum
1440 442 1523 484 deo
1564 455 1708 485 sermo
1748 442 1902 487 fuerat.
1933 466 1993 476 -—

298 524 407 566 Sed
450 524 678 578 poscite
721 521 931 566 Bacchi
974 537 1213 566 munera.
1274 524 1325 565 In
1355 524 1466 566 viam
1499 524 1668 567 redita
1700 521 1995 579 digressione3

295 603 363 645 hic
418 610 485 646 est
538 618 689 648 sensus
736 607 973 662 particulae
1022 607 1115 649 sed.
1189 608 1309 650 Male
1355 609 1572 661 Vossms,
1627 621 1754 663 quem
1803 609 1997 662 sequitur

295 687 526 741 Bmmus,
559 690 619 731 ita
649 690 981 745 interpretatur:
1013 693 1234 744 Amorem,
1267 693 1458 746 quamvis
1489 706 1645 746 magna
1675 693 1740 735 vis
1772 697 1839 734 est
1868 691 1997 744 illius,

295 771 529 824 negligite,
562 771 782 815 Bacchum
814 787 918 815 vero
951 774 1095 816 colite.
1159 773 1363 816 Ceterum
1395 787 1632 828 poscere
1664 772 1732 816 hic
1762 774 1998 829 proprium,

295 861 345 894 ut
376 857 559 895 constat.
622 855 720 898 C1c.
752 856 878 898 Verr.
910 854 989 908 111,
1019 857 1105 897 26:
1156 856 1390 896 Hortatur
1437 855 1622 911 hospes:
1668 861 1861 910 poscunt
1903 869 2002 894 ma-

295 933 464 977 ioribus
482 936 673 992 poculis.
697 960 757 969 --
787 938 843 980 V.
869 940 924 979 19
956 950 1049 991 sqq.
1081 937 1369 979 Convenit
1401 951 1468 979 ex
1498 949 1692 992 aequo.
1756 937 1998 979 Hermus:

297 1020 480 1073 „Malim
515 1021 745 1063 convenire
776 1023 976 1076 accipere
1007 1035 1086 1076 pro
1115 1018 1258 1073 adite,
1290 1021 1399 1064 itare
1432 1021 1514 1074 ad,
1546 1026 1590 1063 et
1621 1027 1818 1075 quartum
1850 1033 1999 1063 casum

301 1106 645 1161 subintelligere.
707 1106 804 1149 Hos
837 1104 1034 1148 Bacchus
1068 1119 1232 1160 aequus
1264 1111 1308 1148 et
1339 1106 1446 1148 lenis
1477 1107 1688 1148 convenit.
1750 1104 1821 1147 Ex
1860 1117 2000 1158 aequo

298 1195 364 1234 est
395 1205 583 1247 aequus,
624 1192 847 1248 placidus»,
882 1191 1098 1248 placide-‘²‘
1159 1193 1285 1236 Quae
1317 1191 1538 1234 verIssima
1570 1190 1781 1232 videntur.
1843 1190 2001 1232 Verbis

296 1287 350 1313 ex
381 1287 524 1332 aequo
554 1274 598 1316 in
629 1274 909 1328 sequentibus
941 1275 1176 1329 opponitur
1206 1274 1421 1327 iratus,
1454 1277 1499 1315 et
1528 1273 1659 1316 docet
1687 1271 1871 1314 eundem
1900 1284 2002 1314 sen-

297 1368 390 1398 sum
433 1355 548 1410 quod
591 1357 734 1398 statim
777 1355 1031 1398 subiicitur:
1079 1370 1158 1398 nec
1201 1362 1358 1396 torvas
1400 1363 1482 1398 est.
1555 1355 1642 1400 Qui
1684 1354 1912 1397 formulam
1947 1354 2004 1398 ad

298 1438 664 1493 comparationem
699 1437 1149 1492 Amoris'Bacchique
1183 1442 1432 1490 traxerunt,
1472 1437 1604 1480 obliti·
1626 1443 1726 1480 sunt
1757 1436 1811 1479 de
1845 1438 2004 1479 Amore

298 1533 378 1579 per
419 1520 733 1575 digressionem
756 1520 967 1564 'locutum
1012 1527 1210 1577 poetam,
1257 1535 1369 1564 nunc
1408 1526 1553 1563 autem
1597 1506 1649 1563 ad
1682 1520 1900 1563 Bacchum
1931 1521 2006 1563 re-

299 1603 429 1644 diisse
459 1605 711 1646 orationem.
776 1605 1042 1646 Huscnxms
1074 1605 1247 1647 scribit:
1297 1604 1453 1656 „Haeo
1493 1603 1679 1646 formula
1719 1602 1772 1646 ad
1803 1603 2005 1645 convivas

297 1685 486 1738 pertinet
513 1698 651 1738 aequa
680 1686 779 1739 lege
811 1686 1056 1728 bibentes.“
1117 1686 1306 1740 Supplet
1347 1686 1483 1739 igitur
1522 1683 1664 1727 bibere
1696 1685 1750 1728 ad
1789 1683 2007 1732 convenit,

300 1765 418 1820 quod
449 1765 736 1809 durissimum.
768 1791 829 1800 —
874 1774 1069 1810 torvus
1099 1768 1154 1810 in
1185 1769 1309 1810 illis
1341 1781 1405 1823 pr.
1437 1767 1484 1809 in
1514 1767 1641 1814 illos,
1671 1774 1776 1811 noto
1804 1782 1916 1821 usu3
1947 1768 2005 1814 ef.

299 1846 599 1892 Bnoucxums.
632 1850 684 1891 ad
718 1849 758 1892 h.
793 1851 847 1904 1.‚
889 1852 1142 1896 Romamn.
1176 1852 1230 1894 ad
1263 1851 1390 1895 Ovid.
1425 1852 1534 1894 Met.
1566 1851 1646 1905 IX,
1675 1855 1778 1895 472.
1841 1852 2008 1896 Cunna

299 1930 355 1972 ad
401 1931 519 1985 Virg.
567 1933 673 1975 Aen.
719 1933 775 1986 Π,
820 1936 922 1976 541.
986 1934 1214 1976 Pssmzox.
1260 1934 1314 1976 ad
1362 1934 1507 1978 Valer.
1550 1934 1673 1976 Max.
1716 1934 1884 1987 1V,·1‚
1933 1937 2007 1978 10.

299 2015 544 2058 DRAKENB.
579 2017 632 2058 ad
668 2018 763 2060 Liv.
795 2017 1003 2071 XXVIII,
1034 2021 1106 2071 43,
1142 2022 1186 2062 8.
1247 2019 1463 2061 Similiter
1502 2018 1688 2070 Graeci,
1733 2022 1784 2060 ut
1821 2022 2006 2069 constat,

301 2099 434 2141 veluti
466 2101 694 2143 Sommct..
726 2098 794 2143 Ai.
827 2103 940 2143 366:
987 2102 1030 2142 ἓν
1066 2096 1246 2153 α’φόβοις
1278 2116 1324 2149 με
1356 2103 1495 2156 θηρσὶ
1527 2095 1664 2141 decaedat
1689 2101 1836 2156 χέρας.
1901 2099 2010 2141 Cul-

301 2180 469 2223 toribus
498 2181 632 2235 igitur
668 2183 757 2224 suis
800 2183 906 2224 levis
939 2187 1004 2224 est
1036 2183 1142 2224 deus
1175 2196 1317 2237 neque
1347 2188 1477 2237 urget
1520 2196 1596 2226 eos
1635 2184 1827 2237 graviter
1861 2181 2008 2224 furore

303 2263 517 2316 immisso,
549 2265 625 2306 sed
659 2264 871 2306 exhilarat
900 2265 1090 2307 suaviter
1120 2266 1322 2319 levatque
1353 2278 1491 2307 curas.
1516 2286 1576 2296 —
1609 2263 1727 2307 Non
1758 2265 1920 2307 venit
1949 2286 2009 2294 —

303 2360 553 2390 severus.
635 2347 808 2389 Eximie
864 2348 1184 2390 LAouMANNth
1240 2347 1448 2388 convenit
1491 2370 1548 2379 -
1590 2360 1764 2389 severos
1811 2345 2010 2399 coniecit,

303 2430 419 2484 quod
459 2431 584 2472 unice
624 2443 771 2472 verum
813 2429 964 2473 habeo.
1029 2433 1141 2474 Sunt
1174 2436 1319 2474 autem
1360 2430 1503 2473 severi
1534 2428 1575 2474 h.
1607 2431 1635 2474 Ι.
1677 2429 1825 2473 sobrii.
1886 2429 2009 2472 Lau-

303 2511 407 2553 dant
438 2512 643 2554 CATULL.
675 2511 862 2565 XXVII,
892 2516 945 2555 5:
991 2511 1112 2553 abite
1139 2512 1351 2570 lymphae
1365 2499 1379 2559 ,Δ
1414 2515 1455 2555 V
1455 2512 1520 2553 ini
1544 2511 1764 2568 pernicies
1793 2511 1858 2553 acl
1888 2525 2013 2552 seve-

305 2609 378 2636 ros
409 2594 637 2652 Migrare,
682 2599 726 2636 et
756 2594 943 2636 HonA-r.
975 2594 1113 2651 Epist.
1146 2595 1180 2644 1,
1215 2599 1284 2649 19,
1311 2599 1356 2639 8.
1386 2616 1446 2627 -
1492 2584 1600 2638 Mox
1642 2596 1842 2651 quales
1883 2607 2014 2649 qua-

306 2678 401 2730 lis,
446 2684 496 2721 ut
535 2692 667 2734 saepe
699 2680 861 2722 Graeci
893 2676 978 2726 οἶος
1012 2675 1105 2733 οἶα,
1152 2673 1250 2725 ὅσος
1283 2673 1385 2730 ὅσα,
1429 2679 1514 2721 vid.
1546 2679 1721 2721 IAoons.
1753 2679 1808 2721 ad
1840 2676 2012 2721 Anthol.

306 2763 385 2804 Gr.
421 2760 476 2803 T.
508 2761 626 2804 VIII.
659 2776 702 2815 p.
733 2764 838 2803 395.
897 2761 1085 2803 ΜοΝοΚ.
1118 2761 1174 2802 ad
1203 2761 1355 2816 Eurip.
1389 2761 1549 2803 Alcest.
1584 2764 1686 2803 145.
1738 2760 1923 2804 Rsslsm.
1956 2759 2012 2802 ad

305 2844 439 2902 Sopb.
475 2846 583 2888 Oed.
618 2846 710 2888 Col.
748 2845 989 2887 Comment.
1021 2845 1116 2887 crit.
1161 2860 1204 2900 p.
1240 2848 1346 2888 306.
1415 2845 1560 2887 Porro
1604 2845 1797 2898 qualis
1844 2856 1944 2900 qua
1959 2851 2011 2887 ³1-

307 2934 540 2985 tusque,
571 2935 619 2971 ut
649 2930 787 2971 VIRG.
819 2929 926 2970 Aen.
955 2928 1033 2980 ΙΙΙ,
1066 2930 1180 2970 6412
1230 2926 1380 2985 qualis
1412 2933 1700 2985 quantusque
1732 2939 1842 2967 cavo
1872 2926 2017 2982 Poly-

301 3012 488 3069 phemus
519 3010 566 3051 in
597 3016 728 3050 antro
761 3008 1014 3065 Laniger-as
1046 3007 1219 3050 claudit
1251 3008 1444 3065 pecudes
1476 3016 1615 3066 atque
1649 3006 1786 3050 ubera
1815 3017 2020 3064 pressat,

309 3095 490 3148 aliisque
521 3094 565 3135 in
608 3093 713 3134 locis
753 3092 867 3147 apud
902 3093 1137 3147 Vunpmnr.
1200 3093 1300 3136 Hoc
1342 3095 1440 3135 loco
1485 3105 1662 3135 sensus:
1712 3105 1839 3146 quam
1872 3093 2016 3145 gravis

314 3191 529 3232 quamque
578 3166 763 3233 potens}
803 3191 943 3231 neque
989 3179 1104 3222 enim
1144 3178 1226 3222 huc
1270 3179 1459 3234 pertinet
1497 3177 1614 3232 quod
1660 3177 2018 3219 Bnoucxnusms

313 3263 455 3317 docet,
487 3264 592 3305 deos
623 3264 756 3305 iratos
785 3264 915 3305 solito
947 3265 1134 3307 maiores
1165 3277 1375 3322 apparere
1406 3265 1607 3308 creditos.
1672 3262 1906 3314 Humerus,
1941 3262 2014 3316 qui

310 3345 393 3389 hoc
435 3346 672 3399 intellexit,
717 3346 811 3402 ipse
853 3352 995 3390 tamen
1039 3363 1123 3391 non
1164 3351 1303 3393 minus
1347 3363 1492 3392 errans
1532 3347 1587 3390 de
1630 3350 1840 3401 perpetua
1872 3346 2018 3401 specie
