2158 3750
641 256 825 308 LIBR.
863 258 929 308 11.
1002 257 1204 310 ELEG.
1239 259 1332 310 111.
1738 266 1837 311 251

137 402 335 461 Serezfen
350 429 360 442 .
403 401 586 444 Ranken
628 415 715 443 von
757 398 1022 456 Goldlalm).
1081 400 1159 444 Sic
1190 400 1528 456 interpretantur
1557 398 1843 444 Bnoucxms-

137 497 246 538 sius,
281 485 497 537 Vism‘ms,
528 483 729 536 Vossrus,
759 482 961 537 favetque
986 482 1188 525 sssnvms
1211 482 1266 525 ad
1289 482 1443 537 Virgil.
1469 484 1574 526 Aen·
1592 482 1844 536 v111‚·660.

139 567 295 610 verba:
337 566 531 625 virgatis
571 564 722 607 lucent
761 563 938 622 sagulis
978 563 1043 606 sic
1082 564 1328 619 explicans:
1376 578 1493 622 quoe
1532 561 1757 605 habebant
1798 562 1847 606 in

140 653 370 708 virgarum
399 650 575 692 modum
603 648 821 690 deductas
850 647 966 690 vias.
1027 646 1303 690 Huscnxms
1347 648 1518 692 confert
1547 661 1587 692 v.
1618 639 1737 698 οἶμος
1774 659 1846 703 ap.

138 733 265 776 Hon-
284 733 335 776 ΙΙ.
359 732 439 786 ΧΙ,
460 733 543 774 242
577 730 656 772 τοῦ
689 725 734 770 δ’
752 725 849 784 ἤτοι
869 728 975 769 δέκα
1006 720 1120 777 οἶμοι
1148 726 1249 770 ἕσαν
1272 729 1456 778 μέλανος
1479 726 1664 772 κυάνοιο.
1725 729 1846 773 Idem

139 827 243 858 vero
285 815 467 870 egregie
510 818 626 857 errat
669 813 875 856 Pmmm
922 809 1053 865 Pyth.
1094 811 1174 864 IX,
1215 814 1303 855 222
1358 812 1487 856 ἱστῶν
1541 809 1847 868 παλιμβάμους

138 892 267 944 ὁδούς
313 895 396 939 huc
438 893 624 938 trahens,
697 893 919 935 anmus
966 891 1068 934 vias
1108 894 1282 937 omuino
1329 894 1385 938 de
1431 897 1674 940 subtemine
1716 897 1848 954 cepit,

139 980 211 1022 vix
241 984 374 1031 recte,
403 989 484 1021 nec
515 976 736 1033 probanda
766 980 834 1019 est
862 977 1086 1020 Samusn
1115 978 1263 1034 opinio
1296 977 1339 1021 in
1369 977 1512 1035 Epist.
1543 980 1718 1025 Sarrav.
1743 984 1846 1024 139.

137 1063 192 1106 cf.
227 1060 409 1104 eundem
440 1060 496 1103 ad
534 1061 768 1104 luscum-1¹.
799 1060 1017 1104 Hssnoms
1049 1063 1216 1105 Arm-101
1251 1076 1293 1118 p.
1324 1065 1428 1105 271.
1474 1062 1548 1117 qui
1579 1068 1745 1106 vestem
1775 1076 1847 1106 re—

135 1145 316 1187 ticulato
363 1156 497 1200 opere
543 1148 790 1186 contextam
837 1143 1044 1198 intelligit
1089 1149 1136 1187 et
1179 1146 1254 1188 fila
1301 1158 1433 1189 aurea
1482 1146 1743 1190 reticulatim
1792 1159 1845 1188 ac

136 1227 345 1272 fundatim
374 1229 541 1271 intexta
571 1228 662 1270 vias
687 1225 756 1270 hic
785 1227 884 1270 dici.
915 1250 974 1258 —
1007 1229 1059 1272 V.
1086 1233 1146 1272 55
1176 1242 1273 1285 sqq.
1322 1230 1422 1272 Illi
1454 1230 1572 1272 sint
1602 1228 1849 1272 comites

137 1312 287 1355 fusci
317 1316 403 1355 etc.
464 1311 759 1365 comitentur,
808 1313 893 1366 ait,
936 1325 1015 1368 per
1044 1313 1196 1356 urbem
1225 1313 1498 1357 incedentem
1528 1314 1642 1356 servi
1673 1326 1728 1356 ex
1759 1313 1848 1354 Ae-

138 1394 323 1451 thiopia,
366 1395 442 1450 qui
481 1395 566 1438 iam
607 1400 708 1438 ante
740 1396 910 1438 Romae
951 1396 1064 1439 inter
1105 1397 1390 1440 instrumenta
1435 1398 1562 1440 luxus
1592 1396 1846 1439 seminarum

138 1482 277 1522 erant.
335 1478 413 1521 Sic
454 1477 569 1520 enim
609 1490 709 1520 esse
748 1482 901 1520 notant
942 1477 1159 1521 Tannum.
1190 1477 1390 1521 Eunuch.
1423 1479 1458 1532 Ι,
1488 1482 1532 1531 2,
1563 1482 1648 1520 85:
1690 1477 1848 1519 Nonne

139 1563 217 1606 ubi
246 1562 364 1604 dixti
396 1576 554 1619 cupere
583 1568 628 1603 te
658 1575 713 1602 ex
744 1561 994 1620 Aethiopia
1024 1561 1314 1611 ancillulam,
1345 1562 1514 1605 relictis
1543 1560 1674 1604 rebus
1707 1559 1849 1603 omni-

137 1647 219 1691 bus
265 1643 502 1706 quaesivi?
559 1646 763 1690 Laudant
801 1639 1030 1704 praeterea
1071 1648 1263 1692 Vnum..
1306 1628 1468 1690 Moret.
1512 1650 1612 1700 32.‚
1660 1649 1706 1689 et
1747 1644 1848 1688 vide

140 1736 350 1778 Parnon.
383 1747 421 1776 c.
456 1735 558 1775 102.
619 1732 754 1775 Plura
799 1731 856 1775 de
899 1731 1059 1774 talibus
1101 1733 1239 1775 servis
1270 1732 1551 1775 delicatorum
1583 1732 1771 1774 virorum
1807 1733 1852 1772 et

139 1817 366 1859 mulierum
402 1814 533 1858 babet
571 1813 793 1856 Rumam
835 1811 892 1856 ad
930 1812 1081 1859 Iuveu.
1112 1814 1167 1866 V,
1199 1817 1274 1868 53,
1306 1828 1408 1870 pag.
1438 1817 1543 1857 218.
1573 1835 1632 1846 —
1684 1812 1849 1855 India

139 1911 254 1941 nunc
296 1901 364 1940 est
402 1894 685 1952 Aethiopica,
732 1908 831 1939 cum
872 1895 1003 1938 etiam
1044 1893 1089 1938 hi
1119 1896 1271 1951 populi
1299 1896 1395 1939 Indi
1426 1896 1675 1940 dicerentur
1705 1896 1848 1939 latiori

137 1994 295 2033 sensu,
338 1979 425 2025 vid.
465 1980 699 2024 Hssrmuu
741 1984 786 2024 et
824 1981 1028 2023 Vossum
1074 1979 1131 2022 ad
1175 1980 1330 2035 Virgil.
1363 1982 1531 2034 Georg.
1561 1980 1620 2033 ΙΙ,
1656 1983 1756 2023 116.
1789 2003 1845 2011 -

51 2109 55 2113 ,
137 2065 355 2107 fuscum
384 2068 530 2107 autem
559 2064 750 2107 colorem
780 2077 808 2107 a
837 2064 991 2107 vicinia
1022 2065 1128 2107 solis
1157 2064 1415 2120 repetebant
1444 2068 1644 2116 veteres,
1686 2067 1737 2105 ut
1766 2076 1848 2106 no—

137 2153 254 2200 tum,
286 2145 343 2190 cf.
369 2147 607 2189 Pnopnnr.
636 2145 714 2200 IV,
743 2149 788 2199 3,
820 2148 893 2190 10.
923 2146 1027 2201 ibiq.
1059 2147 1304 2202 interprett.
1370 2147 1607 2203 Comparat
1637 2158 1736 2188 cum
1767 2145 1849 2188 Ti-

71 2239 75 2242 '
139 2229 257 2272 bullo
286 2229 591 2272 Tnssonsscwxs
630 2243 803 2273 carmen
834 2229 1134 2273 CAsmnosz
1164 2230 1218 2273 ad
1250 2230 1455 2273 Strabon.
1487 2230 1610 2283 XIII,
1642 2244 1684 2285 p.
1720 2232 1854 2274 1019.

140 2317 185 2355 et
214 2311 295 2355 hoc
324 2312 423 2354 loco
452 2312 692 2354 Scamcssa
722 2315 767 2354 et
795 2311 1043 2354 Hssxmnsz
1069 2298 1154 2358 tHc
1186 2308 1454 2368 ἀγχιτέρμων
1487 2305 1606 2368 ἥλιος
1633 2311 1852 2368 διφρηλα-

139 2396 227 2437 τῶν
253 2389 479 2436 Σκοτεινδν
509 2389 647 2440 ἄνθος
679 2393 875 2450 ἓξέχρωσε
902 2388 1072 2446 λιγνύος
1102 2394 1182 2441 Εἰς
1210 2389 1376 2443 σώματ’
1408 2388 1592 2450 ἀνδρῶν,
1627 2394 1699 2434 καὶ
1729 2393 1850 2435 συνέ-

140 2491 321 2534 οτρεψεν
355 2472 491 2525 κόμας
512 2477 720 2533 Μορφατς
750 2470 1017 2533 ἀναυξὴτῃσι
1047 2470 1260 2532 συντήξας
1288 2471 1439 2532 πυρός.
1501 2476 1690 2518 Annotat
1717 2474 1852 2518 ΗΒΥ-

141 2575 273 2606 mus:
303 2562 499 2615 „Solem,
528 2561 605 2614 ait,
634 2561 829 2604 imbuere
860 2572 1043 2616 corpora
1074 2560 1263 2614 nigrore.
1326 2562 1384 2602 At
1414 2555 1584 2616 μορφᾰς
1610 2554 1748 2617 πυρός
1778 2560 1850 2602 vix

140 2644 335 2700 explices
377 2647 423 2686 et
463 2644 578 2685 inest
617 2642 779 2685 ultimis
820 2643 1046 2697 stribligo,
1090 2642 1168 2685 sed
1211 2643 1267 2686 de
1306 2657 1436 2686 sensu
1477 2648 1670 2687 constat:
1721 2657 1853 2687 causa

140 2729 307 2784 crispae
338 2739 488 2771 comae
513 2730 581 2769 est
609 2726 723 2769 idem
753 2727 844 2780 sol,
876 2727 949 2781 qui
982 2726 1113 2769 radiis
1141 2728 1232 2770 suis
1264 2740 1390 2770 omne
1421 2727 1732 2770 incrementum
1763 2726 1850 2768 tol-

139 2810 327 2853 lentibus
355 2810 643 2854 contabel'acit
673 2810 869 2866 adeoque
908 2811 1087 2868 impedit
1129 2812 1355 2866 quominus
1395 2813 1673 2868 promittatur
1711 2822 1849 2854 coma.

142 2893 268 2937 Conf.
298 2893 398 2936 Tib.
431 2893 542 2937 infra
571 2894 649 2948 IV,
678 2897 724 2948 2,
756 2898 828 2938 19.
859 2896 1100 2939 Pnopmvr.
1133 2897 1211 2951 ΙΙΙ,
1245 2900 1316 2951 13,
1352 2901 1419 2940 16.
1453 2898 1530 2951 lv,
1561 2898 1604 2950 3,
1641 2898 1714 2938 10.
1746 2895 1850 2950 ibiq.

144 2978 441 3021 Bnotscnws.
501 2977 673 3020 Sanno.
704 2975 884 3033 Thyest.
915 2978 1050 3020 603.“
1079 3002 1140 3012 —
1171 2980 1432 3023 selectos
1461 2980 1709 3022 colores.
1741 2977 1853 3021 Cum

147 3061 373 3104 libertinae
406 3058 740 3102 versicoloribus
770 3059 962 3102 vestibus
1005 3065 1254 3115 uterentur,
1305 3061 1635 3119 pretiosissimos
1668 3061 1853 3116 denique

144 3145 314 3187 colores
339 3143 553 3199 promittit
583 3140 881 3198 puniceum
913 3145 957 3184 et
989 3155 1348 3199 purpureum.
1411 3145 1615 3200 Disputat
1643 3143 1699 3186 de
1729 3147 1852 3187 utro-

144 3241 228 3283 que
269 3241 430 3283 genere
471 3228 728 3271 SAmrAsws
761 3224 973 3269 Exercitt.
1003 3227 1114 3271 Plin.
1148 3242 1188 3284 p.
1222 3231 1354 3271 1331.
1429 3229 1494 3271 Ac
1527 3227 1702 3271 coccina
1731 3226 1850 3270 Afri-

145 3325 277 3364 cana,
318 3312 461 3367 qualia
493 3310 669 3355 Meninx
703 3314 747 3352 et
778 3311 980 3353 Gaetulia
1013 3311 1254 3366 habebant,
1297 3312 1426 3355 rubra
1470 3315 1591 3354 erant
1633 3310 1776 3365 vegeti
1807 3313 1852 3352 et

147 3394 351 3449 fulgentis
384 3394 555 3447 coloris,
587 3392 730 3438 collat.
766 3392 959 3436 Vn‘rnuv.
989 3393 1083 3447 Vll,
1116 3398 1185 3438 13.
1248 3395 1409 3449 Tyriae
1440 3399 1585 3438 autem
1619 3404 1848 3450 purpurae,
