2158 3750
284 249 383 298 μμ.
674 243 1143 298 οοιιιιιιΕΝΤΑΗ.
1178 243 1254 294 IN
1293 245 1580 298 TIBULLI

287 403 364 446 per
395 402 441 433 se
472 402 556 432 uon
589 401 709 431 esse:
760 386 878 429 adire
923 400 1040 442 eum..
1094 387 1195 443 Ego
1227 393 1370 431 tamen
1409 389 1570 432 dictum
1602 391 1733 436 credo
1762 405 1829 449 pr.
1863 393 1979 436 adite

285 486 367 526 me,
397 473 569 514 domum
601 483 740 512 meam
771 470 1056 526 frequentate,
1089 472 1143 516 cf.
1175 473 1230 516 ad
1259 472 1297 526 I,
1329 476 1372 527 6,
1408 476 1476 517 17.
1510 478 1553 516 et
1583 487 1716 529 aegre
1745 477 1980 520 concedam

213 562 223 566 “
287 559 505 602 celebrare
547 557 798 611 magistrum
843 570 964 600 esse:
1007 558 1192 614 probare
1236 563 1282 600 et
1327 559 1490 612 eligere
1521 559 1773 613 magistrum
1799 560 1884 602 nisi
1915 574 1979 616 pr.

287 642 405 683 adire
438 641 614 682 dicatur.
678 639 800 682 Talis
831 653 934 684 vero
964 653 1116 684 sensus
1144 640 1212 683 hic
1243 641 1486 695 requiritur.
1517 662 1578 670 -—
1623 641 1767 682 male
1797 638 1982 695 habet,

286 726 414 764 vexat
442 722 740 776 repugnantia.
771 745 829 754 —
860 722 913 766 V.
946 726 1004 766 77
1035 736 1129 778 sqq.
1194 724 1335 766 Ducta
1367 723 1506 765 oratio
1539 736 1565 764 a
1596 722 1874 766 similitudine
1905 736 1982 767 eo—

283 817 405 858 rum,
455 803 612 858 quide
643 804 736 846 iure
766 804 1098 859 respondebant.
1161 806 1364 848 Ceterum
1410 806 1614 860 sperni
1659 805 1882 861 proprium
1929 804 1982 856 de

284 887 538 940 amantibus,
569 887 641 941 qui
673 886 963 942 fastidiuntur,
994 889 1050 931 cf.
1075 889 1211 932 Ovn).
1241 890 1381 931 Amm.
1412 888 1492 942 ΙΙΙ,
1522 891 1567 942 6,
1597 891 1671 931 65.
1702 887 1883 930 Heroid.
1906 887 1985 941 lv,

286 975 386 1014 168.
434 972 735 1016 Bnoucmms.
767 970 991 1016 hocloco.
1026 994 1082 1006 -
1129 973 1439 1026 ferentem,
1488 986 1572 1016 nou
1614 978 1682 1016 est
1722 971 1985 1029 afferentem

287 1055 409 1107 aliis,
456 1068 553 1098 nam
587 1053 630 1097 hi
666 1059 835 1111 poetam
867 1055 1053 1106 adeunt,
1103 1067 1188 1096 non
1229 1060 1359 1110 poeta
1393 1055 1483 1097 adit
1515 1068 1618 1108 eos,
1660 1054 1738 1098 sed
1757 1053 1985 1112 ferentem

285 1152 475 1184 mecum,
524 1142 572 1179 ut
618 1136 890 1190 thesaurum',
937 1135 1185 1178 habentem.
1248 1137 1373 1192 Apud
1404 1139 1609 1181 PLNDAR.
1642 1138 1767 1189 Nem.
1801 1138 1881 1193 III,
1910 1142 1983 1182 30.

284 1217 440 1262 habes:
472 1220 634 1276 ἔρωτας
653 1222 804 1276 φέρειν,
836 1227 880 1263 et
899 1219 1046 1263 lsthm.
1071 1220 1106 1273 I,
1131 1223 1212 1262 40:
1243 1216 1326 1276 νόῳ
1356 1216 1631 1277 προμάθειαν
1657 1223 1809 1278 φέρειν,
1839 1235 1986 1267 secum

286 1304 400 1347 ferre
431 1308 476 1346 et
506 1303 693 1358 habere,
737 1304 1096 1359 quemadmodum
1126 1305 1274 1348 Isthm.
1308 1305 1384 1359 VI,
1409 1308 1494 1349 22:
1539 1301 1654 1358 ἄγειν
1686 1299 1868 1361 ἀρετάν,
1911 1304 1986 1349 ubi

285 1387 383 1429 vide
414 1388 733 1429 annotationem
765 1391 968 1430 nostram.
999 1410 1058 1419 --·
1103 1385 1305 1429 sedula
1352 1387 1545 1440 turba,
1588 1386 1796 1438 officiosa.
1858 1385 1985 1440 Vide,

285 1484 411 1524 quem
444 1470 644 1524 laudaut,
676 1472 956 1514 Gnouovlmu
989 1473 1032 1515 in
1064 1472 1310 1514 Observatt.
1342 1471 1378 1524 I,
1409 1475 1482 1514 23.
1513 1494 1572 1504 -—
1618 1471 1907 1524 Deducat,
1937 1474 1987 1514 ut

210 1605 218 1610 ,
285 1566 381 1596 eum
423 1554 497 1607 qui
540 1553 595 1595 de
636 1555 729 1596 iure
765 1554 1000 1610 respondet
1029 1554 1210 1596 clientes
1245 1554 1406 1608 aliique
1438 1555 1616 1597 iuvenes
1649 1552 1816 1596 nobiles
1848 1551 1985 1596 dedu—

283 1643 384 1680 cunt
425 1638 468 1679 in
509 1637 649 1680 sorum
693 1643 739 1680 et
780 1651 805 1680 e
834 1637 941 1680 'foro
985 1638 1172 1680 domum.
1236 1637 1422 1680 Omnino
1453 1640 1623 1681 constat
1654 1637 1796 1683 locum
1827 1633 1985 1678 habere

281 1719 485 1771 verbum,
528 1719 602 1760 ubi
633 1721 759 1762 amici
790 1725 866 1763 ant
897 1723 1083 1777 populus
1118 1721 1250 1773 officii
1275 1734 1412 1764 causa
1442 1721 1703 1764 comitantur
1733 1719 1873 1769 virum
1901 1718 1983 1763 ali-

280 1814 407 1855 quem
433 1802 657 1855 insignem.
717 1803 827 1845 Cum
853 1802 1030 1845 Tibullo
1060 1802 1288 1845 conferunt
1312 1802 1509 1845 CALnnr.
1537 1801 1788 1856 Fragment.
1817 1815 1859 1856 p.
1878 1801 1984 1843 420.

279 1886 425 1928 Bentl.
455 1889 501 1926 Γ
498 1881 674 1942 ηράσκει
703 1883 746 1928 δ’
778 1881 799 1927 ὅ
828 1889 962 1943 γέρων
995 1896 1128 1934 κεῖνος
1157 1883 1454 1944 ἐλαφρότερον,
1486 1887 1633 1944 μοῦροι
1654 1882 1733 1928 ,τᾶν
1759 1885 1983 1936 φιλέουσιν,

280 1967 346 2011 ἑὼ]
379 1971 428 2011 δέ
472 1988 543 2019 μιν
576 1967 644 2011 οἶα
677 1973 812 2027 τοκῆα
842 1968 987 2028 χειρός
1017 1969 1082 2013 ἐπ’
1111 1974 1266 2027 οὶκείην
1287 1970 1431 2030 ’ἄχρις
1461 1968 1614 2027 ἄγουσι
1652 1968 1821 2029 θύρην,
1869 1971 1983 2027 uude

282 2059 426 2096 tamen
473 2054 696 2096 Romanus
748 2058 879 2109 poeta
928 2067 1005 2096 sua
1052 2067 1137 2097 nou
1197 2053 1348 2106 hausit.
1438 2054 1638 2097 Tibullus
1687 2054 1981 2097 Romanorum

283 2139 480 2194 publicos
520 2151 662 2181 mores
705 2141 804 2181 ante
846 2139 993 2182 oculos
1035 2136 1190 2191 habet,
1243 2142 1288 2180 et
1328 2150 1425 2181 cum
1458 2138 1590 2192 vulgo
1631 2150 1660 2180 a
1689 2137 1866 2190 senibus
1896 2150 1979 2180 non

281 2221 420 2262 soleat
453 2222 542 2275 peti
575 2234 643 2262 ars
674 2221 869 2274 amandi,
915 2233 1013 2263 sese
1042 2226 1188 2277 sperat
1218 2222 1375 2264 famam
1407 2222 1449 2264 in
1479 2220 1574 2264 dies
1605 2225 1870 2275 crescentem
1901 2219 1981 2264 ha-

282 2304 497 2357 biturum3
539 2304 826 2347 Callimachus
870 2305 1046 2348 omnino
1085 2305 1140 2346 de
1185 2305 1323 2360 probo
1367 2309 1412 2347 et
1442 2303 1676 2347 venerabili
1696 2316 1810 2357 ¹sene
1840 2305 1982 2359 loqui-

283 2394 378 2441 tur,
418 2401 543 2442 quem
574 2388 773 2431 iuventus
804 2393 852 2429 ut
884 2394 1104 2443 parentem
1142 2401 1289 2431 amans
1321 2401 1448 2431 manu
1480 2387 1652 2430 domum
1686 2385 1805 2435 ducit
1834 2388 1907 2431 ubi
1941 2388 1982 2430 in

280 2470 346 2511 via
391 2469 559 2522 videat,
602 2482 657 2511 ne
698 2469 854 2525 pedem
898 2469 1090 2511 offendat
1129 2475 1204 2512 aut
1246 2469 1407 2511 viribus
1451 2469 1723 2522 destituatur,
1785 2470 1981 2527 Denique

282 2558 332 2594 nt
362 2552 416 2594 de
449 2553 770 2596 constructione
801 2551 1081 2607 grammatica
1117 2551 1334 2605 dicamus,
1366 2556 1433 2594 est
1464 2551 1594 2595 lectio
1625 2556 1744 2595 certa
1776 2550 1979 2595 deducat.

279 2636 513 2679 Contendit
542 2636 810 2678 Huscuxms
840 2636 999 2678 Latine
1030 2635 1116 2679 dici
1147 2639 1244 2678 aut:
1284 2639 1453 2690 tempus
1487 2636 1594 2689 erit,
1614 2647 1712 2689 ¹quo
1742 2647 1812 2677 me
1839 2632 1977 2679 ,dedu-

278 2723 349 2763 cat
379 2721 447 2763 vel
478 2719 691 2773 deducet,
723 2725 825 2763 aut:
859 2733 956 2762 cum
988 2732 1058 2770 me
1090 2719 1300 2774 deducet,
1331 2725 1568 2773 censetque
1599 2719 1730 2764 etiam
1760 2717 1830 2770 hic
1862 2719 1980 2761 futu-

276 2816 371 2845 rum
403 2804 710 2859 reponendum.
753 2803 948 2854 Frustra,
995 2803 1399 2850 Wunnnnmcmus
1436 2803 1582 2846 laudat
1607 2803 1795 2855 Vmcn..
1825 2803 1978 2858 Eclog.

275 2887 396 2941 VIII,
430 2892 482 2930 7:
528 2902 583 2929 en
612 2887 699 2929 erit
731 2901 931 2944 unquam
961 2885 1038 2928 ille
1070 2870 1193 2933 dies.
1235 2887 1343 2928 milzi
1386 2902 1485 2929 cum
1531 2886 1666 2928 liceat
1692 2893 1796 2939 vnaa
1839 2886 1980 2940 dicem

267 2971 447 3030 sacta!
506 2971 567 3014 Et
612 2971 798 3014 conferri
845 2973 972 3014 etiam
1019 2976 1165 3027 potest
1213 2985 1238 3014 e
1280 2972 1462 3015 Graecis
1502 2971 1763 3014 Homericus
1805 2983 1978 3016 versus:

276 3055 446 3098 ἔσσεται
477 3044 620 3113 ἦμαρ,
667 3049 772 3097 ὅταν
813 3052 911 3097 ποτ’
942 3051 1083 3112 ὄλώλῃ
1118 3051 1247 3103 Ἴλιος
1291 3053 1387 3112 ῗρη,
1437 3057 1509 3097 καὶ
1539 3055 1743 3112 Πρίαμος
1774 3057 1847 3096 καὶ
1875 3050 1978 3100 λαός

276 3138 485 3187 ἐϋμμελίω
518 3133 753 3194 Πριάμοιο.
785 3161 843 3169 -
891 3139 945 3183 V.
977 3141 1034 3181 81
1067 3152 1161 3194 sqq.
1223 3137 1500 3182 Recordatur
1520 3150 1641 3187 -nunc
1671 3141 1851 3192 repente
1880 3137 1976 3180 vul-

274 3219 392 3260 neris
423 3219 691 3273 gravissimi,
731 3232 818 3274 quo
849 3219 933 3262 iam
964 3219 1038 3262 diu
1069 3219 1250 3264 laborat.
1314 3220 1648 3263 conversionem
1680 3219 1975 3264 suavissimam

278 3301 492 3343 illustrant
523 3302 652 3344 simili
685 3302 937 3345 transitione
967 3302 1081 3358 apud
1114 3303 1294 3346 ΗοΙιΑΤ.
1325 3303 1403 3357 IV,
1435 3307 1477 3357 1,
1505 3307 1566 3346 33
1585 3316 1679 3358 sqq.
1706 3325 1763 3334 —-
1796 3302 1975 3346 Mara-

278 3381 418 3427 thus.
481 3384 668 3428 Ductum
699 3398 854 3429 nomeu
885 3391 1080 3430 statuunt
1113 3402 1138 3431 a
1170 3387 1432 3431 Phoenicum
1465 3387 1572 3431 urbe
1605 3385 1830 3440 Maratho,
1875 3399 1972 3430 cum

2149 3020 2158 3035 ,ν
2156 3004 2158 3006 ,
2149 2935 2158 2992 mr
2152 2850 2158 2910 ,--.-
2147 2627 2158 2828 ι-ῑ-..ιωᾈ-ε.
2143 2470 2158 2616 ..nn—baa?
2156 2443 2158 2446 .
