2158 3750
687 258 869 311 LIBR.
905 260 944 310 1.
1018 258 1215 314 ELEG.
1254 261 1348 312 IX.
1766 269 1862 312 183

167 397 334 447 Αἰδοῦς
373 400 516 450 μέλλει
553 396 742 457 τᾶγαλμ’
765 399 1039 462 ἀναπλήσειν.
1066 428 1125 436 -
1180 405 1436 449 subesse·
1496 404 1686 449 Annotat
1716 403 1860 448 WUN-

166 471 472 527 »summumst
518 485 703 542 Proprie
742 485 799 529 de
839 487 919 540 iis,
960 499 1074 540 quae
1114 487 1158 531 in
1188 487 1333 542 aliqua
1373 498 1421 531 re
1449 487 1614 533 inclusa
1643 486 1780 530 latent
1809 491 1858 529 ut

162 577 247 608 non
279 566 670 610 animadvertantur
698 571 746 610 et
773 567 1004 623 decipiant,
1033 569 1394 623 quemadmodum
1424 569 1563 624 dome,
1603 568 1722 613 fraus
1751 568 1858 612 sub-

160 653 251 702 est,
287 650 419 692 veluti
449 650 614 694 Timr.
643 649 758 693 Hist.
786 649 866 702 IV,
897 652 979 693 16:
1020 648 1198 692 subesse
1225 650 1447 708 fraudem
1475 650 1658 694 coneilio
1679 649 1858 708 patuit.

160 733 261 776 L1v.
295 734 371 788 vl,
402 736 474 777 15.
520 733 686 778 TAcrm.
714 733 867 778 Annal.
899 733 957 787 11,
986 735 1062 777 41.
1092 753 1153 767 —
1199 733 1311 776 Mox
1353 747 1554 790 aspera
1597 735 1744 780 Venus
1775 741 1856 790 est,

159 816 274 859 idem
322 815 428 858 dicit
472 815 904 867 thnnaucmus,
958 825 1073 869 quae
1117 813 1244 859 malis
1286 814 1470 858 infelicis
1518 817 1675 859 amoris
1719 817 1857 873 punit,

157 899 468 953 difficilis,
513 911 626 954 quae
655 911 738 941 nec
767 897 968 955 precibus
997 911 1079 949 nec
1108 900 1243 943 sacris
1274 901 1445 943 exorari
1475 913 1524 944 se
1553 901 1653 944 sinit
1675 882 1732 944 ¹ut
1760 902 1855 944 ani-

155 994 271 1024 mum
310 980 476 1024 reddat.
537 980 742 1024 Ceterum
771 979 838 1024 cf.
881 979 936 1024 ad
978 980 1014 1034 Ι,
1056 983 1101 1035 2,
1141 983 1215 1027 29.
1245 1004 1305 1014 -
1353 983 1407 1026 V.
1438 985 1511 1026 21.
1552 985 1627 1027 22.
1702 983 1850 1027 Malim

151 1064 295 1119 potius
325 1063 497 1106 servilia
525 1063 738 1120 supplicia
767 1062 883 1119 pati,
915 1061 1142 1117 dicebam,
1181 1075 1311 1118 quam
1341 1065 1559 1120 periurum
1589 1069 1636 1107 te
1667 1065 1848 1109 videam.

153 1147 307 1201 Servi,
343 1153 394 1190 ut
422 1152 626 1201 constat,
658 1147 1124 1204 severissimispoenis
1151 1147 1451 1191 afficiebantur
1480 1161 1507 1191 a
1539 1146 1720 1191 dominis
1751 1161 1852 1190 cru-

151 1230 321 1274 delibus
354 1230 423 1278 vel
462 1231 581 1273 leves
610 1229 669 1272 ob
698 1242 879 1284 causas,
915 1229 1151 1273 urebantur
1179 1229 1364 1273 admotis
1395 1230 1562 1274 facibus
1589 1234 1666 1273 aut
1698 1230 1853 1272 lamina

150 1313 376 1367 candente,
406 1313 742 1356 vulnerabantur
770 1311 910 1365 ferro,
941 1311 1281 1355 verberabantur
1309 1313 1506 1367 flagellis.
1535 1335 1596 1344 -
1625 1312 1851 1354 intorto

148 1397 421 1450 verbere,
450 1397 649 1452 flagello,
677 1401 728 1439 ut
755 1397 792 1451 Ι,
821 1400 864 1450 6,
893 1399 967 1439 46.
1000 1419 1059 1428 —-
1100 1409 1302 1440 secare
1334 1396 1390 1440 de
1422 1395 1673 1440 verberibus
1704 1407 1851 1450 saepe,

146 1485 196 1524 ut
227 1480 409 1523 Hom-r.
441 1478 586 1535 Epod.
613 1479 693 1532 lv,
724 1481 793 1522 11.
839 1478 1079 1521 Mummi..
1110 1478 1168 1532 X,
1198 1482 1243 1532 5,
1273 1481 1346 1522 14.
1376 1502 1432 1510 —
1479 1479 1534 1522 V.
1564 1482 1623 1520 23
1653 1491 1718 1532 sq.
1764 1489 1850 1519 ce·

147 1564 300 1608 laudi
341 1576 474 1620 spes
517 1563 619 1616 sit,
669 1562 830 1607 diserte
866 1563 1062 1607 defendit
1090 1563 1388 1615 Huscuxms,
1430 1573 1511 1604 nec
1542 1560 1716 1603 dubium
1748 1558 1850 1601 reii-

144 1647 341 1691 ciendam
369 1648 551 1690 alteram
578 1645 834 1690 lectionemz
881 1644 1048 1687 celanti
1067 1643 1158 1703 fas
1193 1644 1281 1692 sit,
1321 1657 1449 1699 quam
1479 1645 1722 1700 explicant:
1768 1654 1848 1685 nec

145 1731 275 1774 liceat
305 1729 385 1772 tibi
415 1729 573 1772 celanti
603 1740 803 1785 peccare,
833 1741 914 1785 pro
942 1741 1030 1783 quo
1059 1729 1204 1785 potius
1234 1729 1581 1784 exspectaveris:
1611 1740 1693 1770 nec
1712 1727 1849 1789 ‘liceat

59 1847 64 1850 .
144 1813 288 1856 celare
330 1811 543 1868 peccanti.
574 1833 634 1843 —
691 1809 831 1855 deus
878 1810 950 1855 bic
990 1817 1036 1854 et
1077 1812 1121 1854 in
1163 1811 1443 1866 sequentibus
1485 1813 1621 1854 Amor
1663 1814 1742 1854 est.
1787 1833 1844 1840 -·—

143 1897 198 1941 V.
229 1899 304 1938 25.
336 1899 409 1938 26.
470 1895 571 1951 Ipse
610 1893 747 1948 deus,
792 1894 880 1948 ait,
929 1894 1062 1948 vulgo
1103 1898 1257 1948 tegens
1289 1894 1402 1936 furta
1441 1893 1701 1946 amantium,
1745 1891 1848 1933 talia

143 1984 286 2021 tamen
325 1977 502 2033 periurii
544 1982 722 2033 peccata
764 1976 959 2032 permisit
1002 1980 1051 2018 ut
1093 1975 1396 2031 proderentur.
1455 1976 1545 2019 Sed
1588 1980 1687 2032 post
1723 1987 1845 2030 per-

141 2062 295 2106 misit
333 2061 438 2116 quid
479 2061 674 2117 posuerit
714 2059 941 2115 Tibullus,
986 2061 1228 2115 quaeritur.
1284 2060 1471 2115 Legitur
1508 2058 1603 2100 lene
1644 2063 1689 2101 et
1727 2055 1843 2110 leva,

140 2158 269 2191 seva,
311 2142 429 2190 leve,
469 2155 550 2200 pro
589 2155 677 2198 quo
709 2141 807 2186 Itali
836 2157 969 2199 saepe
997 2143 1270 2187 invexerunt.
1343 2143 1668 2186 LAchANNth
1702 2155 1844 2183 nonne

59 2217 63 2220 V
139 2226 338 2280 coniicit,
384 2225 463 2268 sed
503 2224 773 2268 incommoda
817 2225 1127 2280 interrogatio,
1170 2239 1268 2269 cum
1310 2239 1495 2281 sequens
1536 2224 1748 2269 distichon
1790 2239 1842 2269 ea

138 2316 296 2354 careat.
355 2309 651 2352 'Huscmcms
696 2321 794 2352 cum
842 2310 1018 2353 Sumo
1063 2315 1109 2352 et
1153 2310 1443 2352 Passum-1¹10
1469 2308 1592 2351 Iena
1636 2308 1841 2360 defendit,

138 2394 365 2451 probatum
406 2393 538 2437 etiam
579 2392 796 2446 Hermo,
838 2392 955 2447 quod
998 2393 1189 2436 Vossws
1230 2393 1469 2436 certissime
1512 2393 1700 2436 alienum
1744 2404 1840 2435 esse

138 2476 350 2528 affirmat3
380 2476 443 2518 uti
475 2488 656 2532 puerum
686 2490 813 2520 servo
845 2477 1106 2520 internuntio
1138 2478 1180 2520 in
1210 2477 1429 2520 amoribus
1459 2477 1576 2530 suis,
1608 2489 1694 2519 non
1726 2477 1836 2519 lena.

137 2558 267 2605 Quod
294 2565 438 2602 tamen
469 2559 634 2602 Vossro
664 2559 747 2614 ipsi
780 2560 923 2614 placet
949 2558 1072 2607 leva,
1121 2558 1161 2603 h.
1194 2571 1232 2602 e.
1273 2559 1429 2612 stulte,
1475 2556 1557 2602 hoc
1588 2559 1735 2614 lingua
1767 2572 1839 2602 re-
1883 2571 1955 2613 xl

134 2641 251 2697 spuit
294 2653 374 2683 nec
420 2646 576 2697 poetae
618 2641 842 2684 consilium
886 2640 1101 2684 convenit.
1177 2639 1393 2696 Equidem
1435 2653 1533 2684 cum
1574 2641 1667 2684 aliis
1707 2641 1837 2684 credo

133 2723 356 2767 meliorem
385 2724 679 2767 coniecturam
709 2723 946 2778 excogitari
992 2736 1075 2766 non
1119 2734 1248 2779 posse
1292 2736 1420 2778 quam
1461 2724 1603 2767 lena.
1678 2723 1838 2769 Quidni

135 2806 248 2849 enim
278 2807 403 2849 lenae
447 2819 532 2862 ope
573 2810 742 2849 amator
781 2804 903 2848 dives
934 2806 993 2848 uti
1030 2806 1220 2861 potuerit
1250 2805 1305 2848 ad
1336 2804 1697 2862 corrumpendum
1728 2816 1837 2861 pue-

134 2887 266 2931 rum?
326 2890 391 2931 Ac
437 2888 535 2932 vide
577 2889 848 2933 commodam
894 2889 1225 2946 oppositionem.
1298 2891 1443 2946 Saepe
1485 2891 1545 2933 ait
1591 2890 1749 2933 factum
1790 2894 1837 2933 ut

135 2977 307 3015 tacente
335 2984 476 3026 servo,
519 2973 678 3016 comite
709 2972 815 3028 beri,
847 2975 944 3017 lena
975 2974 1092 3018 ebria
1126 2987 1215 3018 rem
1247 2974 1466 3030 proderet,
1497 2987 1604 3027 quas
1636 2973 1836 3016 mulieres

132 3060 303 3100 constat
339 3056 509 3099 vinosas
552 3056 688 3100 fuisse
716 3057 929 3110 maxime,
974 3056 1032 3101 cf.
1062 3058 1199 3101 Ovrn.
1235 3059 1404 3102 Amorr.
1435 3057 1472 3110 I,
1502 3060 1544 3112 8,
1574 3057 1665 3099 init.
1712 3057 1832 3100 Fast.

134 3136 189 3191 11,
220 3139 326 3181 380.
366 3138 606 3182 Pnopnn.
636 3137 715 3192 lv,
745 3141 791 3193 6,
818 3140 862 3182 2.
893 3138 1071 3183 mer.
1104 3139 1282 3183 Curcul.
1314 3139 1350 3193 1,
1380 3143 1425 3182 2.
1488 3140 1618 3186 Quod
1651 3139 1835 3195 denique

134 3220 460 3265 collocationem
510 3235 548 3264 v.
596 3220 701 3264 lena
753 3223 907 3266 attinet
954 3224 1066 3266 inter
1121 3221 1264 3265 tacito
1304 3246 1362 3255 --
1411 3221 1626 3269 ministro,
1688 3221 1838 3266 confer

136 3305 364 3348 Wourmu
398 3304 453 3349 ad
484 3305 639 3350 Horat.
669 3306 764 3351 Sat.
797 3306 832 3359 1,
865 3310 905 3359 1,
936 3310 1039 3361 88„
1085 3307 1366 3351 Huscnxnm
1407 3307 1475 3351 hic
1507 3309 1562 3351 ad
1592 3307 1752 3350 Tibull.
1791 3311 1834 3349 et

135 3387 178 3429 in
223 3386 349 3430 Wolf.
396 3388 589 3432 Analect.
634 3389 685 3432 V.
727 3388 759 3441 1,
801 3391 899 3433 1⁴12.
943 3396 985 3433 et
1030 3388 1141 3434 adde
1184 3394 1375 3435 nostram
1418 3392 1735 3436 annotationem
1780 3387 1832 3430 ud
