2086 3756
298 263 466 296 xxxw
512 219 515 223 '
996 246 1091 295 DE
1130 245 1300 295 VITA

297 383 534 437 dedicant
572 402 796 436 carmen.
882 382 986 434 Sed
1027 399 1143 433 cum
1179 384 1286 436 sive
1325 401 1357 434 a
1392 384 1602 436 Tibullo
1640 386 1747 437 sive
1786 385 1851 436 ab
1891 383 1998 436 edi-

296 493 410 535 tore
449 492 579 534 esset
627 484 683 532 in
721 482 893 550 quarti
927 481 1052 532 libri
1089 480 1318 547 elegidiis
1356 481 1594 534 Cerinthi
1629 498 1823 534 nomen
1857 484 1998 549 posi-

297 589 434 642 tum,
484 577 664 629 debuit
711 576 880 628 editor
925 576 1064 629 idem
1097 572 1433 631 'constantiae
1473 595 1628 631 causa
1674 579 1732 628 in
1769 574 1996 628 secundo

294 672 488 736 facere,
544 690 661 722 cum
699 671 880 723 cadem
914 689 1141 738 persona
1179 683 1335 737 esset,
1388 672 1531 741 quod
1574 690 1683 724 non
1721 670 1998 725 dubitabis,

294 769 467 834 Atque
503 768 576 816 ita
611 766 841 820 redimus
882 766 1021 819 unde
1057 769 1279 836 profecti
1314 789 1508 835 sumne,
1552 787 1670 831 cum
1708 769 1997 836 diceremus

293 864 504 914 ultimos
545 874 648 915 tres
684 866 848 916 libros
893 867 1048 917 simul
1094 865 1257 917 editos
1294 865 1461 926 videri
1495 875 1616 933 post
1649 876 1874 919 mortem
1906 866 1996 916 Ti-

291 962 423 1012 bulli
457 962 522 1011 ab
559 961 662 1012 alio
702 962 932 1030 quodam
967 963 1198 1015 homine.
1270 965 1353 1014 De
1382 981 1488 1033 qua
1515 981 1572 1015 re
1602 961 1798 1014 dictum
1828 979 1995 1030 quan-

293 1068 402 1108 tum
441 1059 580 1110 satis.

436 1152 658 1219 Priapea
694 1152 802 1203 duo
842 1157 1084 1217 carmina,
1123 1172 1259 1222 quae
1294 1156 1549 1220 Iosephus
1584 1153 1812 1220 Scaliger
1847 1171 1901 1207 se
1937 1154 1996 1203 in

289 1248 462 1302 codice
501 1249 781 1299 Cuiaciano
830 1251 969 1300 inter
1003 1250 1202 1301 Tibulli
1249 1267 1410 1316 opera
1455 1251 1712 1316 reperisse
1759 1260 1994 1314 testatur,

288 1341 554 1411 quomodo
590 1344 692 1394 huc
729 1344 969 1395 venerint
1002 1344 1266 1410 ignotmn3
1302 1358 1402 1412 pro
1441 1343 1753 1403 Tibullianis
1787 1362 1851 1404 ea.
1881 1361 1993 1402 non

285 1442 493 1492 habeas.
1420 1455 1422 1458 ’
1537 1495 1539 1498 ,

428 1534 660 1586 Subiicio
710 1543 1041 1601 conspectum
1090 1534 1303 1586 brevem
1356 1537 1490 1588 vitae
1541 1534 1768 1598 Tibulli,
1833 1543 1994 1601 prout

282 1647 365 1681 res
404 1629 646 1682 ordinare
684 1631 1012 1683 tentavimus.

291 1831 426 1883 Circ.
469 1838 534 1883 69
554 1839 602 1884 5.
657 1834 824 1887 Natus
861 1834 1071 1887 videtur
1101 1836 1358 1887 Tibullus.-

317 1945 436 1978 ann.
476 1933 597 1979 712.
656 1931 874 1982 Penates
909 1930 1125 1999 reliquit
1162 1929 1419 1999 stipendia
1468 1927 1730 1998 equestria
1772 1928 1987 1979 meritu-

725 2046 815 2078 rus
864 2037 1029 2077 aetate
1079 2027 1307 2077 militari.
1383 2024 1587 2091 Scripta
1624 2023 1786 2090 elegia
1820 2023 1878 2087 I‚.
1903 2029 1987 2075 10.
2056 2093 2063 2097 Δ

314 2136 437 2168 ann.
472 2125 591 2170 722.
650 2119 824 2171 Rediit
855 2132 976 2187 post
1007 2118 1184 2171 decem
1212 2136 1395 2183 annos,
1435 2118 1680 2170 confectis
1715 2115 1984 2183 stipendiis

722 2218 1066 2283 equestribus·
1154 2215 1218 2266 In
1251 2215 1507 2265 Messalae
1546 2212 1822 2264 amicitiam
1851 2208 1982 2261 reci·
2071 2215 2074 2218 ’

715 2311 876 2376 pitur.
918 2336 986 2348 -
1044 2308 1253 2362 Eodem.
1288 2319 1526 2374 tempore
1563 2295 1774 2360 Deliam
1809 2323 1998 2364 amare

718 2406 905 2477 coepit.

312 2517 433 2549 ann.
461 2505 580 2551 723.
643 2499 836 2552 Scribit
872 2501 998 2565 eleg.
1042 2499 1083 2562 Ι,
1123 2505 1198 2562 1.,
1257 2516 1374 2549 cum
1408 2498 1654 2550 invitatus
1691 2516 1722 2548 a
1747 2498 1982 2551 *Messala

714 2603 775 2642 ut
809 2609 984 2642 secum
1018 2593 1119 2641 iret
1153 2592 1211 2640 in
1237 2590 1432 2640 bellum
1467 2601 1649 2642 contra
1673 2591 1979 2652 Antonium,
2058 2579 2060 2582 ’

715 2685 866 2752 sequi
903 2687 1082 2736 nollet.
1156 2684 1240 2737 Ad
1271 2686 1518 2736 rusticam
1565 2687 1724 2738 vitam
1767 2685 1979 2741 tandem
2056 2683 2058 2685 ’

713 2797 766 2830 se
804 2777 1098 2830 rediturum
1141 2778 1281 2831 dicit.
1355 2776 1459 2848 (Ab
1497 2779 1598 2831 alio
1632 2782 1829 2832 iuvene
1864 2790 1979 2832 tum

715 2894 871 2929 carm.
902 2878 993 2939 IV,
1028 2879 1074 2926 1.
1113 2871 1399 2944 scriptum.)
1473 2876 1674 2929 Tamen
1706 2877 1805 2927 sub
1839 2876 1981 2931 eius·
2036 2935 2042 2945 ,

713 2970 831 3022 dem
878 2970 1003 3020 anni
1049 2969 1208 3021 finem
1255 2989 1372 3022 cum
1406 2971 1629 3023 Messala
1663 2971 1722 3022 in
1755 2972 1974 3040 Aquita·
2039 2983 2043 2989 “

713 3065 855 3114 niam
891 3061 1254 3131 proficiscitur.

305 3174 425 3208 ann.
460 3158 578 3209 724.
639 3160 936 3213 Auctumno
979 3176 1098 3211 cum
1135 3159 1359 3216 Messala
1407 3163 1462 3215 in
1503 3159 1771 3217 Orientem
1811 3161 1970 3228 profi-

713 3254 933 3317 ciscen5‚
985 3255 1173 3306 morbo
1219 3256 1476 3309 retinetur
1510 3257 1566 3307 in
1603 3256 1832 3325 Corcyra
1866 3259 1965 3309 ibi-

713 3365 814 3413 que
852 3348 1030 3400 scribit
1068 3351 1192 3414 eleg.
1228 3349 1268 3411 Ι,
1308 3355 1357 3399 3.
