2158 3750
298 297 399 343 ‘152
695 284 1162 339 COMMENTAR.
1202 283 1276 334 IN
1316 281 1607 337 TIBULLI

426 431 471 476 V.
508 431 681 474 13-48.
744 426 990 471 Medium
1023 438 1262 470 carmen.
1326 429 1362 468 A
1397 426 1660 483 proxima
1691 427 1862 470 laude
1891 426 2008 471 diei

310 514 505 572 pergit
549 510 615 554 ad
648 516 878 553 ceteras
917 522 1007 552 res
1037 523 1063 551 a
1097 509 1352 552 Messala
1394 509 1770 563 sequentibus
1799 515 2010 567 tempo-

314 597 476 640 ribus
529 593 581 650 in
633 593 872 644 Cilicia,
929 591 1299 643 Palaestina,
1355 589 1701 643 Phoenicia,
1755 592 2012 648 Aegypto

308 682 539 731 gestas,
581 674 953 728 deductaque
1000 673 1085 716 sic
1128 671 1192 714 ad
1234 671 1418 714 Nilum
1461 677 1516 715 et
1559 672 1850 716 Osiridem
1895 687 2014 716 ora-

307 761 467 802 tione
509 758 792 815 imprimis
834 755 977 799 bunc
1018 755 1216 798 multis
1258 753 1455 797 verbis
1495 754 1774 797 celebrat.

430 841 480 884 V.
515 843 569 884 13
599 855 665 896 sq.
726 840 961 884 Debellatis
994 839 1216 895 Aquitanis
1257 839 1482 882 Orientem
1526 838 1774 893 composuit
1810 837 2013 891 Messala,

307 924 422 969 unde
453 931 583 982 poeta
613 929 712 982 post
741 924 994 968 bellicosum
1026 925 1254 968 exordium
1285 923 1340 966 de
1371 922 1629 977 Aquitanica
1660 920 1870 975 victoria,
1918 922 2020 976 pul—

310 1005 413 1050 chra
435 1007 702 1051 tractationis
723 1008 934 1050 varietate
958 1021 1071 1050 nunc
1093 1011 1294 1063 pacatum
1317 1012 1478 1049 statum
1498 1007 1770 1049 orientalium
1795 1005 2020 1060 regionum

310 1089 549 1132 adumbrat.
612 1089 791 1143 Cydnus
816 1089 971 1131 leniter
995 1089 1148 1140 fluens,
1173 1087 1348 1129 Taurus
1372 1089 1536 1131 incolas
1560 1090 1694 1141 alens,
1724 1086 2018 1130 columbarum

317 1173 359 1215 in
387 1172 516 1227 Syria
547 1171 719 1214 candidi
749 1183 923 1225 greges,
954 1169 1127 1211 nautica
1156 1169 1299 1210 studia
1326 1168 1448 1222 Tyri,
1479 1169 1634 1211 fertilis
1660 1169 1786 1212 Nilus
1817 1173 1862 1210 et
1884 1168 2022 1210 Osiris

311 1257 519 1300 arationis
551 1260 596 1298 et
634 1255 786 1298 vitium
815 1255 1014 1296 inventor
1043 1258 1143 1296 sunt
1173 1252 1354 1295 totidem
1385 1265 1540 1295 suaves
1577 1251 1790 1306 imagiues
1821 1251 1939 1306 pacis
1979 1258 2022 1292 et

312 1338 455 1394 pacati
485 1349 628 1380 rerum
649 1341 804 1381 statuS.
866 1335 948 1379 Est
978 1335 1111 1389 igitur
1141 1334 1315 1378 omniuo
1346 1334 1594 1388 notandum,
1622 1338 1851 1376 tractatum
1883 1336 2022 1375 totum

313 1420 455 1462 locum
486 1426 739 1474 sequentem
771 1421 833 1462 ita
863 1433 889 1462 a
920 1425 1079 1476 poeta,
1108 1423 1157 1462 ut
1183 1418 1238 1462 de
1264 1419 1448 1474 singulis
1479 1418 1610 1461 rebus
1639 1417 1776 1472 gestis
1808 1416 2023 1461 Messalae

314 1505 420 1560 ipsis
462 1502 566 1547 nihil
596 1509 823 1561 praeterea
857 1503 1050 1558 diceret,
1095 1503 1173 1547 sed
1205 1504 1302 1547 loca
1342 1507 1496 1559 pacata
1525 1501 1724 1545 laudaret
1753 1501 1827 1543 ubi
1857 1506 2022 1554 gestae.

314 1585 426 1628 Cum
457 1586 569 1630 enim
600 1587 761 1642 ubique
792 1587 884 1630 fere
926 1587 1041 1631 idem
1082 1587 1260 1631 fecisset
1292 1587 1506 1641 Messala,
1545 1586 1629 1630 hoc
1671 1587 1844 1642 quidem
1887 1589 2024 1632 minus

313 1670 535 1713 varietatis
565 1669 778 1725 habebat,
809 1676 855 1714 at
886 1673 1081 1715 locorum
1113 1672 1387 1715 diversitates
1416 1669 1640 1727 pulchrum
1670 1677 1867 1714 ornatum
1896 1685 2024 1728 prae-

315 1750 512 1795 buerunt.
584 1753 767 1796 Accedit
808 1754 892 1796 alia
934 1766 1019 1796 non
1060 1753 1196 1795 levior
1235 1765 1365 1796 causa
1406 1751 1536 1806 baec,
1578 1753 1694 1808 quod
1737 1754 1910 1797 omnino
1938 1766 2025 1798 non

317 1835 521 1882 bellicosa
559 1841 654 1879 erat
683 1838 812 1881 Musa
842 1837 1007 1880 Tibulli
1038 1850 1180 1891 neque
1219 1837 1278 1879 ita
1310 1836 1365 1879 ad
1407 1837 1617 1880 militares
1646 1850 1716 1880 res
1746 1837 2026 1882 celebrandas

317 1919 432 1963 facta
474 1925 522 1963 ut
563 1921 618 1964 ad
658 1922 768 1975 alia3
813 1922 907 1964 iure
950 1922 1085 1976 igitur
1125 1921 1261 1975 elegit
1291 1921 1683 1965 convenientiorem
1712 1921 1887 1976 ingenio
1919 1934 2026 1978 poe-

315 2014 417 2044 seos
458 2015 564 2046 suae
606 2005 922 2047 tractationem.
983 2007 1128 2058 Atque
1170 2003 1252 2048 hoc
1293 2005 1424 2048 modo
1464 2005 1594 2047 etiam
1639 2005 1799 2053 factum
1841 2011 1934 2060 est,
1979 2011 2027 2049 ut

316 2084 503 2129 deducta
533 2086 587 2128 ad
620 2088 866 2143 Aegyptum
898 2089 1096 2130 oratione
1126 2087 1182 2131 de
1212 2101 1419 2143 agrorum
1450 2087 1699 2141 fertilitate,
1730 2087 1785 2130 de
1816 2089 2024 2142 aratione,

316 2168 371 2211 de
402 2169 604 2212 arborum
635 2171 873 2225 vitiumque
903 2173 1094 2225 satione,
1139 2185 1225 2215 uno
1256 2172 1390 2214 verbo
1423 2171 1478 2215 de
1510 2172 1682 2214 rusticis
1714 2171 1845 2214 rebus
1877 2178 2024 2227 posset

318 2250 489 2304 dicere,
537 2251 655 2306 quod
683 2258 987 2306 argumentum
1018 2253 1130 2294 nosti
1162 2266 1291 2307 quam
1324 2253 1381 2295 sit
1412 2253 1622 2296 familiare
1658 2253 1816 2296 Musae
1846 2253 2023 2306 Tibulli.

316 2334 436 2377 Idem
467 2334 653 2390 denique
684 2336 916 2378 ostendent
943 2335 1122 2378 inferius
1153 2342 1327 2380 ceterae
1358 2336 1544 2379 Osiridis
1577 2335 1740 2379 laudes.
1809 2334 1924 2379 Nam
1951 2349 2027 2379 se-

318 2417 471 2471 positis
503 2430 582 2472 per
611 2422 749 2461 totum
781 2417 894 2462 hunc
925 2421 1067 2464 locum
1101 2421 1358 2464 militaribus
1389 2426 1434 2464 et
1464 2421 1653 2478 politicis
1683 2420 1815 2464 rebus
1845 2401 1897 2463 ea
1928 2420 2026 2463 nbi—

316 2510 401 2552 que
433 2498 614 2542 adscivit
645 2506 690 2544 et
721 2502 902 2546 adduxit
934 2506 977 2548 in
1009 2505 1227 2559 medium,
1274 2520 1384 2561 quae
1407 2519 1487 2549 suo
1522 2512 1566 2548 et
1598 2518 1783 2560 poeseos
1813 2517 1920 2548 suae
1958 2505 2025 2547 in-

315 2583 446 2635 genio
476 2586 664 2628 maxime
695 2589 988 2632 convenirent.
1050 2590 1230 2632 Minime
1261 2603 1364 2632 vero
1395 2589 1476 2633 hoc
1507 2603 1605 2633 cum
1638 2587 1796 2630 damno
1826 2587 2026 2631 carminis

316 2662 502 2718 factum,
533 2666 610 2709 sed
643 2669 788 2723 potius
818 2670 1112 2714 suavissimam
1145 2684 1240 2714 esse
1273 2671 1381 2714 hanc
1412 2673 1709 2727 oppositarum
1739 2683 1883 2714 rerum
1916 2683 2023 2712 con-

316 2746 580 2792 iunctionem
640 2753 882 2795 monuimus
941 2754 1071 2796 etiam
1121 2753 1165 2795 in
1213 2753 1527 2796 Dissertatione
1580 2753 1635 2810 de
1676 2752 1810 2797 Poesi
1858 2752 2024 2796 Tibulli

317 2845 356 2874 c.
385 2832 442 2875 11.
475 2857 534 2864 -
582 2835 796 2888 Cydne.
861 2838 922 2880 Ut
954 2838 1150 2880 Ciliciam
1183 2837 1406 2891 designet,
1459 2837 1685 2892 Cydnum,
1732 2838 1805 2892 qui
1847 2850 2021 2893 campe-

315 2921 447 2959 strem
479 2922 600 2960 secat
633 2924 825 2973 partem,
857 2925 901 2964 et
932 2926 1120 2963 montem
1151 2920 1343 2963 Taurum
1376 2922 1591 2975 nominat,
1622 2920 1739 2975 quod
1770 2919 1831 2962 ita
1862 2919 2019 2962 intelli-

313 3012 419 3053 ges,
466 3005 599 3044 totam
645 3003 838 3045 Ciliciam
875 3019 901 3044 a
943 3005 1131 3048 Messala
1177 3011 1373 3062 pacatam
1413 3019 1521 3048 esse.
1586 3005 1740 3059 Neque
1783 3004 1896 3047 enim
1939 3005 2022 3045 alia

313 3079 382 3123 llic
414 3084 510 3125 loca
540 3095 781 3127 memorare
814 3087 980 3141 potuit,
1028 3102 1156 3142 quam
1200 3103 1311 3144 quae
1355 3103 1504 3132 revera
1546 3089 1693 3143 attigit
1733 3087 1820 3130 dux
1851 3088 2015 3130 Roma—

314 3178 412 3208 nus.
442 3190 502 3199 —
556 3168 767 3212 tacitis
809 3171 1022 3214 leniter
1066 3174 1231 3216 undis
1276 3173 1494 3228 serpiS,
1542 3172 1597 3215 cf.
1627 3170 1794 3216 dehac
1823 3172 2018 3213 cumula-

309 3251 427 3292 tione
468 3251 522 3293 ad
569 3252 602 3303 Ι,
647 3255 691 3304 5,
736 3256 808 3296 65.
885 3256 1007 3299 Adde
1057 3259 1111 3301 de
1159 3257 1300 3301 verbis
1344 3258 1641 3300 Masonem..
1684 3256 1736 3299 ad
1784 3256 1940 3298 Horat.
1983 3256 2018 3307 ,1,

311 3337 384 3386 31,
417 3337 459 3377 7.
493 3358 550 3366 ——
585 3337 904 3381 Caeruleus
935 3340 987 3383 ad
1022 3355 1173 3397 purum
1207 3343 1397 3384 colorem
1426 3345 1596 3396 spectat
1627 3339 1769 3392 fluvii,
1800 3340 1874 3392 qui
1905 3337 2014 3380 Ov1·

316 3431 393 3460 mo
427 3419 519 3461 Art.
554 3421 644 3462 Am.
679 3419 755 3472 ΙΙΙ,
785 3424 886 3465 204.
921 3423 1098 3467 lucidus
1131 3425 1295 3468 dicitur.
1361 3426 1435 3468 Sic
1477 3425 1604 3469 etiam
1646 3423 1760 3479 apud
1803 3424 2018 3467 Sui-uu
