2086 3756
211 220 334 254 xmv
891 193 989 245 DE
1026 190 1225 247 POESI

212 339 465 408 imprimis
503 340 806 401 exornavit3
861 352 984 386 nam
1020 335 1160 385 inter
1203 333 1395 401 pocula
1431 321 1693 385 canuntur
1733 334 1914 387 laudes

212 438 351 490 ruris
402 447 454 488 et
499 435 756 486 ruralium
803 430 1052 495 deorum,
1109 441 1264 499 atque
1312 439 1372 479 ut
1418 439 1554 479 ante·
1573 429 1821 480 sacrificio
1862 440 1914 480 et

213 533 483 599 precibuS,
534 531 605 580 sic
642 544 782 578 nunc
817 523 1203 591 praedieatione
1239 523 1614 575 beneficiorum
1649 524 1915 573 uberrima

213 603 546 678 honorantur
599 634 648 674 et
694 622 1050 690 propitiantur
1102 619 1192 671 dii.
1290 620 1537 669 Alienum
1583 634 1711 670 vero
1762 617 1916 667 etiam

212 724 297 772 hic
336 721 496 784 nihil;
531 719 674 787 ipsos
714 728 916 782 autem,
954 733 1086 785 quos
1121 713 1280 767 modo
1317 713 1554 776 distinxi,
1592 711 1723 763 duos
1755 721 1914 773 actuS,

210 816 536 884 longitudine
585 815 963 878 dissimiliores),
1022 823 1179 880 poeta
1222 814 1344 863 scite
1390 809 1568 863 vivida
1613 809 1916 860 tractatione

214 913 286 964 sic
330 912 630 974 coniunxit,
685 921 744 961 ut
779 929 886 961 una
925 910 1101 960 omnia
1137 909 1480 976 perpetuitate
1519 905 1800 957 decurrant
1838 904 1918 952 fa-

214 1007 428 1072 cillime,
491 1017 542 1057 et
583 1016 758 1056 tamen
808 1006 973 1055 clarae
1018 1003 1216 1069 ubique
1266 1002 1546 1054 divisiones
1595 1017 1775 1051 rerum
1821 999 1918 1048 ha·-

213 1103 466 1167 beantur,
516 1101 792 1167 proprium
834 1098 978 1166 quod
1023 1108 1099 1148 est
1136 1098 1465 1148 Tibullianae
1509 1096 1650 1148 artis.
1731 1094 1918 1144 Exitus

215 1196 456 1246 carminis
485 1196 694 1244 nuntiat
723 1193 891 1245 noctis
922 1190 1223 1243 adventum.
1281 1193 1426 1242 Haec
1457 1193 1724 1242 hactenus.
1779 1189 1919 1241 Vide

211 1293 318 1342 iam
365 1292 544 1359 paullo
591 1289 848 1343 diversam
897 1291 1123 1341 formam
1169 1287 1411 1338 carminis
1450 1288 1525 1350 II,
1558 1290 1608 1337 5.
1681 1284 1922 1336 Celebrat

212 1387 455 1438 Tibullus
495 1385 952 1451 inaugurationem
995 1383 1264 1435 Messalini
1313 1383 1371 1432 in
1417 1383 1690 1447 collegium
1733 1379 1920 1432 XVvi-

212 1497 398 1532 rorum
436 1481 596 1533 modo
635 1482 850 1548 recepti.
934 1482 1105 1549 Atque
1130 1480 1199 1530 'in
1237 1478 1456 1531 exordio
1490 1489 1708 1532 vocatur
1728 1476 1921 1543 Apollo

212 1576 512 1639 Palatinus,
561 1585 621 1626 ut
659 1587 874 1626 ornatus
909 1574 1213 1641 triumphali
1246 1576 1398 1625 lauro
1438 1572 1571 1624 adsit
1610 1560 1923 1624 ‘solennibhs

215 1668 320 1719 diei
355 1688 473 1721 cum
509 1670 707 1721 cithara
742 1669 1192 1735 carminibusque,
1233 1678 1283 1718 et
1319 1667 1553 1718 admittat
1581 1667 1923 1738 Messalinum

215 1763 280 1815 ad
318 1764 663 1816 sacerdotium
698 1782 851 1815 suum
886 1775 936 1815 et
967 1766 1263 1816 chartarum
1294 1780 1558 1814 sacrarum
1588 1763 1924 1813 intellectum.

217 1859 420 1922 Quodsi
468 1862 630 1927 elegia
677 1872 737 1911 ut
785 1860 1095 1912 antecedens
1139 1861 1281 1927 ipsos
1320 1870 1463 1910 actus
1500 1860 1620 1910 festi
1663 1856 1923 1920 redderet,

214 1956 271 2005 in
319 1954 492 2005 medio
545 1956 770 2006 carmine
821 1958 926 2007 iam
972 1968 1247 2008 caneretur
1293 1955 1624 2020 inauguratio
1672 1957 1816 2021 ipsa,
1870 1960 1925 2002 at

214 2066 323 2099 non
362 2052 490 2100 haec
526 2069 667 2102 nunc
703 2069 787 2102 res
837 2063 948 2102 erat
982 2070 1155 2120 neque
1197 2053 1299 2102 hoc
1342 2061 1548 2118 poterat
1580 2050 1714 2104 velle
1753 2058 1924 2115 poeta,

218 2147 311 2213 qui
343 2147 662 2198 luculentius
697 2149 955 2199 honorem
989 2150 1090 2200 hoc
1124 2149 1350 2199 carmine
1385 2149 1612 2198 celebrat
1636 2146 1923 2196 Messalino

215 2242 488 2293 tributum.
560 2242 702 2306 Quid
749 2245 908 2311 igitur
951 2243 1112 2296 fecit?
1184 2246 1268 2296 De
1309 2242 1708 2308 inauguratione
1753 2241 1925 2290 statim

216 2336 275 2386 in
332 2336 552 2388 exordio
623 2337 756 2390 dixit
825 2351 1079 2407 quantum
1150 2340 1301 2402 satie,
1367 2337 1494 2388 dum
1555 2344 1708 2390 vocat
1768 2334 1927 2386 simul

220 2446 377 2481 orans
428 2430 611 2496 deum,
672 2444 734 2483 ut
783 2434 921 2484 sinat
976 2445 1184 2499 tangere
1232 2434 1575 2484 Messalinum
1622 2433 1827 2482 chartas
1875 2438 1927 2480 et

221 2522 405 2576 doceat
438 2528 726 2592 intelligere
765 2530 919 2579 effata
956 2528 1205 2595 Sibyllae.
1288 2531 1351 2578 In
1389 2527 1562 2578 medio
1601 2537 1775 2577 autem
1811 2542 1926 2575 car-

219 2621 359 2670 mine
391 2639 533 2670 nunc
560 2622 821 2672 illustrare
850 2622 1031 2673 debuit
1057 2622 1425 2688 praestantiam
1449 2621 1583 2672 sacri
1606 2621 1926 2687 Apollinaris

223 2725 275 2765 et
318 2717 476 2767 huius
527 2717 830 2783 sacerdotii,
881 2717 1043 2786 idque
1084 2721 1339 2785 praestitit
1381 2719 1607 2784 egregie,
1656 2718 1926 2785 praeclara

220 2810 523 2862 inventione
574 2811 776 2863 duabus
825 2813 1061 2880 partibus
1108 2831 1288 2864 rerum
1335 2815 1510 2877 factis,
1561 2831 1681 2864 cum
1720 2822 1925 2879 tempus

220 2906 633 2971 inaugurationis
670 2909 727 2957 in
762 2926 855 2959 ver
888 2907 1166 2971 incideret,
1206 2906 1647 2976 quemadmodum
1681 2925 1791 2958 non
1828 2905 1926 2957 du·

223 3001 352 3050 bito.
448 3001 651 3067 Nempe
702 3002 931 3067 primum
981 3002 1088 3052 fata
1137 3003 1407 3067 magnifica
1453 3003 1601 3053 urbis
1652 3013 1927 3063 canuntur,

227 3111 362 3160 quae
416 3092 544 3144 duce
596 3095 838 3162 Apolline
891 3094 1091 3162 Sibylla
1143 3096 1268 3146 olim
1317 3097 1663 3158 nuntiaverit,
1737 3093 1924 3146 deinde

227 3198 409 3238 oratur
444 3188 570 3239 deus
608 3201 667 3239 ut
702 3191 858 3241 etiam
883 3191 943 3239 'in
978 3202 1249 3258 posterum
1283 3193 1543 3259 propitius
1581 3193 1646 3242 sit
1676 3201 1726 3244 et
1760 3191 1925 3243 felicis

227 3283 352 3333 anni
384 3285 555 3336 fausta
588 3285 671 3337 his
707 3286 863 3336 sacris
900 3286 1128 3351 auspicia
1160 3288 1436 3354 praebeat,
1472 3287 1734 3337 referente
1769 3295 1927 3352 poeta
