2158 3750
357 266 467 345 42q
759 259 1228 316 COMMENTAR.
1263 261 1339 313 IN
1375 261 1665 314 TIBULLI

356 410 526 456 veneis,
559 409 649 449 Nec
674 404 825 461 pecori
854 409 1108 459 opportuna
1140 417 1292 460 seges,
1322 416 1400 443 nec
1431 401 1655 443 commoda
1690 401 1882 447 Baccho.
1943 405 2062 447 Dixit

357 493 411 535 de
452 506 490 533 v.
532 489 600 531 hic
641 487 770 529 etiam
802 486 1172 527 Bnoucxnusms.
1236 484 1372 528 Vides
1401 490 1547 528 autem
1577 490 1774 528 nostrum
1803 498 1974 529 versum
2004 487 2061 530 ad

355 572 658 617 antecedentes
703 569 814 611 duos
856 563 1153 622 referendum3
1198 581 1296 610 cum
1341 569 1455 610 enim
1483 568 1550 617 ¹de
1590 570 1786 612 aratione
1824 575 1871 613 et
1896 571 2062 615 'vitium

356 660 525 702 cultura
565 656 747 708 dixerit,
789 667 902 697 nnnc
945 653 1075 696 etiam
1117 653 1172 696 de
1216 654 1472 696 collectione
1511 654 1735 708 utriusque
1765 656 1940 709 generis
1968 656 2061 699 fru-

355 757 458 798 gum
497 741 624 794 dicit,
668 745 717 782 ut
760 752 838 795 par
877 743 959 781 est.
1022 738 1169 783 Quare
1202 736 1382 778 tondere
1413 737 1468 779 ad
1500 739 1655 782 aristas
1686 743 1732 782 et
1765 752 1870 783 uvas
1901 741 2062 796 pariter

354 827 551 882 pertinet.
585 847 640 855 -
689 823 990 865 Tondetur
1020 834 1204 863 annua
1237 820 1278 865 h.
1309 835 1348 864 e.
1390 822 1643 876 quotannis,
1688 827 1738 864 ut
1767 836 1898 879 supra
1929 823 1988 878 11,
2020 827 2059 877 1,

353 911 424 951 48.
456 931 515 939 -—
558 906 711 948 ferro
743 907 923 948 tellus
955 904 1331 948 confinditur.
1393 905 1684 948 Instrumenta
1710 907 1871 950 rustica
1901 907 2062 950 intelli-

351 993 439 1046 git,
486 996 675 1033 aratrum
717 994 761 1032 et
804 990 1050 1043 bidentem,
1097 1002 1149 1031 ac
1190 1002 1246 1031 ne
1288 990 1400 1032 male
1446 995 1489 1033 te
1534 989 1690 1033 habeat
1733 1005 1830 1034 cum
1867 993 2062 1046 BAcmo,

350 1076 465 1131 quod
495 1075 577 1117 iam
609 1073 720 1116 dixit
750 1073 804 1116 de
836 1075 1004 1115 cultura
1036 1082 1263 1127 agrorum,
1309 1073 1491 1115 observa
1531 1075 1761 1117 artificium
1800 1075 1888 1117 iam
1929 1087 2062 1130 supra

350 1159 610 1215 explicatum
641 1158 676 1211 Ι,
707 1160 781 1209 10,
809 1160 881 1199 49.
943 1155 1180 1197 Additurus
1222 1155 1334 1196 enirn
1380 1167 1534 1197 novam
1575 1168 1667 1197 rem
1710 1156 1892 1211 primum
1935 1163 2059 1200 ante-

2138 1198 2139 1203 ‘
2140 1059 2158 1140 mm*

351 1244 550 1287 cedentia
581 1242 716 1286 verbo
750 1242 1053 1297 complectitur
1083 1244 1300 1296 repetenS,
1331 1245 1424 1282 tum
1455 1239 1557 1282 inde
1587 1241 1733 1296 pergit
1763 1241 1817 1283 ad
1849 1242 1981 1287 aliud.
2006 1265 2061 1274 —-
2134 1287 2136 1290 ,

349 1342 495 1371 aere.
558 1327 704 1371 Naves
748 1326 859 1367 enim
901 1329 946 1367 et
987 1325 1133 1367 clavos
1176 1323 1334 1366 habent
1373 1337 1526 1367 aereos
1569 1329 1616 1367 et
1657 1325 1744 1368 alio
1786 1326 1918 1369 modo
1959 1339 2061 1370 aere

349 1413 607 1454 muniuntur.
686 1408 892 1450 Ceterum
945 1406 1164 1449 Hmmus
1222 1419 1404 1449 acumen
1456 1419 1606 1462 parum
1659 1412 1829 1462 gratum
1883 1408 2058 1454 iudicat.

349 1496 439 1548 Sed
486 1497 527 1537 in
572 1494 649 1536 tali
690 1493 827 1535 forma
873 1491 1079 1534 orationis
1122 1490 1435 1546 propemodum
1477 1494 1632 1546 sponte
1674 1491 1969 1546 oppositiones
2011 1506 2059 1535 se

348 1578 547 1619 offerunt.
580 1598 636 1605 —
698 1577 1036 1627 exsurgunt.
1110 1572 1291 1614 Confert
1338 1571 1609 1614 Huscmzms
1653 1572 1748 1621 Liy.
1784 1573 1859 1626 VI,
1891 1575 1945 1616 4:
1995 1575 2059 1615 Et
2126 1614 2131 1625 ‚

347 1660 490 1699 Roma
523 1672 620 1697 cum
642 1653 913 1712 frequentia
944 1665 1158 1698 crescere,
1201 1659 1298 1693 tum
1340 1659 1442 1693 tota
1481 1652 1620 1694 simul
1659 1668 1900 1713 exsurgere
1931 1655 2056 1695 aedi-

336 1740 476 1796 ficiis.
510 1763 569 1771 —
616 1739 667 1780 V.
704 1740 789 1778 175
819 1750 911 1790 sqq.
974 1737 1064 1778 Pro
1107 1736 1287 1777 ierint
1328 1735 1649 1780 LAcnmnmth
1691 1742 1818 1781 acute
1857 1739 2056 1781 coniicit:
2132 1739 2137 1754 ⁷

346 1823 517 1870 cierint,
550 1821 588 1865 h.
621 1836 659 1865 e.
691 1821 912 1864 moverint.
976 1820 1143 1861 Tamen
1174 1819 1356 1861 debilior
1387 1819 1556 1862 videtur
1588 1822 1751 1864 locutio
1784 1835 1887 1877 prae
1919 1823 2056 1865 altem

340 1923 424 1963 per
456 1907 600 1948 claros
632 1906 764 1947 ierint
784 1932 794 1951 ‚
840 1909 888 1946 ut
920 1905 1161 1946 ScAmGnn
1196 1904 1428 1959 scripserat
1472 1910 1517 1946 et
1554 1906 1686 1960 vulgo
1717 1907 1944 1962 probatum
1974 1913 2056 1951 est.

346 1993 490 2035 Recte
522 1991 676 2046 opinor
706 1989 893 2031 dixeris:
941 1987 1055 2030 facta
1098 2001 1177 2043 per
1219 1987 1368 2030 laudes
1413 1986 1631 2031 hominum
1673 1989 1763 2042 ire,
1806 2001 1886 2044 per
1914 1990 2054 2032 claros

346 2075 531 2117 honores
563 2075 653 2125 ire,
696 2071 737 2114 h.
770 2086 808 2115 e.
854 2072 1041 2126 experiri
1083 2085 1185 2124 eosg
1231 2071 1284 2113 ad
1317 2085 1443 2125 quam
1476 2085 1669 2114 normam
1700 2073 1736 2115 si
1768 2073 2053 2128 explicueris:

346 2157 420 2198 ubi
458 2170 536 2212 per
567 2153 878 2209 triumphorum
910 2154 1048 2195 claros
1081 2150 1265 2194 honores
1297 2152 1412 2194 facta
1445 2157 1520 2194 tua
1550 2154 1732 2208 iverint,
1774 2160 1926 2197 ornata
1957 2156 2054 2198 fue-

345 2244 431 2284 rint
471 2239 702 2296 splendore
746 2224 1087 2292 triumphornm‚
1135 2236 1324 2292 placebit
1354 2237 1580 2289 magnifica
1621 2237 1756 2281 forma
1799 2240 2052 2284 sententiae.

346 2327 553 2368 Bicnms
596 2323 651 2364 ad
690 2326 841 2364 cantus
871 2321 1053 2362 militum
1086 2321 1128 2362 in
1160 2318 1380 2375 triumpho
1410 2321 1715 2375 imperatorem
1748 2321 2054 2364 celebrantium
2132 2311 2133 2314 ¹

347 2409 501 2465 respici
535 2411 681 2462 putat,
713 2419 798 2448 non
829 2405 1019 2447 sentiens
1050 2404 1112 2446 sic
1145 2404 1276 2446 minui
1307 2405 1392 2447 vim
1423 2405 1653 2448 locutionis
1683 2405 1738 2448 ad
1769 2410 1908 2450 totum
1939 2405 2053 2450 haud

346 2491 475 2533 dubie
506 2489 710 2532 honorem
744 2493 788 2530 et
819 2488 1000 2542 gloriam
1034 2487 1235 2544 triumphi
1267 2489 1538 2544 pertinentis.

465 2575 518 2618 V.
555 2573 744 2615 177-ad
777 2573 918 2614 finem.
982 2571 1206 2614 Exitus.
1271 2573 1466 2615 Denuo
1511 2579 1751 2616 excusat
1797 2576 2052 2618 tenuita-

346 2663 455 2698 tem
498 2657 727 2710 virium,
775 2661 832 2698 et
875 2655 1167 2699 addictum
1209 2669 1266 2698 se
1301 2656 1594 2700 Messalae
1635 2657 1958 2713 profitetur
1997 2660 2051 2702 in

343 2746 695 2797 perpetuum.

464 2825 519 2867 V.
552 2827 638 2867 177
671 2837 764 2878 sqq.
830 2823 948 2866 Non
983 2837 1086 2879 ego
1118 2836 1234 2867 sum
1265 2824 1423 2867 satis.
1466 2823 1644 2868 Lucam.
1676 2824 1713 2878 I,
1744 2827 1818 2868 66.
1847 2823 2050 2868 laudante

343 2904 609 2949 Huscmno:
661 2909 729 2947 Tu
772 2907 889 2948 satis
932 2907 995 2946 ad
1036 2907 1149 2949 vires
1190 2910 1395 2949 Romana
1438 2910 1486 2952 in
1527 2907 1728 2950 earmina
1766 2907 1956 2951 dandas.
1989 2932 2048 2940 -

344 2990 730 3043 praescribat,
777 2995 988 3033 monstret
1033 2996 1078 3033 et
1121 2994 1370 3048 praecipiat.
1435 2994 1510 3035 Sic
1553 3005 1617 3048 pr.
1663 2991 1823 3034 docere
1864 2993 2047 3036 verbum
2108 3039 2109 3042 ,

343 3072 503 3125 legitur
534 3086 603 3128 ap.
638 3072 735 3115 C1c.
769 3073 823 3115 de
856 3074 995 3116 Divin.
1029 3074 1085 3127 Π,
1119 3079 1220 3127 59.,
1266 3076 1363 3117 loco
1395 3075 1448 3116 ab
1482 3075 1725 3116 Huscmuo
1757 3074 1913 3118 allato=
1966 3075 2046 3117 An

342 3153 676 3209 Aesculapius,
721 3169 782 3195 an
823 3156 1002 3211 Serapis
1040 3164 1190 3212 potest
1222 3156 1347 3199 nobis
1379 3155 1680 3213 praescribere
1715 3172 1800 3214 per
1829 3157 2046 3200 somnium

340 3236 616 3277 curationem
667 3236 967 3283 valetudinis,
1029 3239 1269 3295 Neptunus
1320 3238 1676 3297 gubernantibus
1725 3255 1813 3281 non
1855 3241 2045 3296 potest?

343 3318 454 3361 Nam
488 3318 723 3383 improprie
766 3332 874 3362 voce
919 3326 1096 3364 utuntur
1144 3324 1272 3366 etiam
1317 3324 1435 3367 alias,
1498 3323 1643 3377 Atque
1683 3321 1765 3366 h‘oc
1795 3324 1894 3365 loco
1927 3324 2041 3368 idem

341 3407 407 3444 est
438 3401 553 3455 quod
585 3403 689 3444 alias
724 3401 915 3451 dictare,
945 3403 1224 3461 praecipere,
1266 3405 1502 3450 Pnommr.
1534 3405 1590 3459 lI,
1628 3409 1664 3459 l,
1699 3408 1741 3448 3.
1788 3405 1974 3448 Homr.
2004 3407 2039 3460 1,

2122 3142 2141 3299 ὲ

2118 3383 2141 3577 ἓ
