2158 3750
619 263 927 323 TIBULLI
985 263 1125 322 LIB.
1159 262 1256 325 III.
1287 273 1332 320 3.
1757 262 1834 322 65

128 433 185 478 15
201 420 272 480 Et
316 441 550 478 nemora
594 419 654 478 in
701 419 968 479 domibus
1014 440 1207 478 sacros
1250 416 1527 476 imitantia
1567 416 1725 476 lucos

279 526 639 608 Aurataeque
682 526 872 585 trabes
916 548 1410 607 marmoreumque
1455 523 1680 584 solum?

201 634 428 713 Quidve
471 634 531 692 in
574 632 890 717 Erythraeo
936 631 1143 711 legitur
1182 655 1325 713 quae
1364 630 1526 691 litore
1567 631 1785 691 concha

288 741 603 820 Tinctaque
644 738 885 798 Sidonio
930 738 1145 797 murice
1190 738 1319 797 lana
1363 739 1544 812 iuvat,

194 849 266 907 Et
310 870 455 930 quae
496 860 787 929 praeterea
831 844 1079 927 populus
1120 845 1400 904 miratur?
1451 847 1510 905 in
1556 847 1665 907 illis

125 967 185 1011 20
282 953 504 1013 Invidia
550 967 663 1013 est:
719 951 864 1012 falso
908 951 1155 1034 plurima
1199 951 1402 1032 vulgus
1449 968 1613 1012 amat.

190 1062 322 1121 Non
367 1059 576 1142 opibus
621 1074 837 1120 mentes
880 1058 1180 1119 hominum
1227 1083 1509 1142 curaeque
1554 1059 1837 1125 levantur:

270 1169 418 1228 Nam
456 1169 714 1228 Fortuna
757 1191 861 1227 sua
905 1181 1164 1249 tempora
1208 1166 1330 1247 lege
1375 1167 1535 1247 regit.

194 1276 281 1336 Sit
322 1275 466 1335 mihi
508 1289 816 1358 paupertas
858 1289 1043 1335 tecum
1089 1274 1368 1347 iucunda,
1421 1275 1670 1335 Neaera:

276 1384 354 1444 At
397 1384 520 1444 sine
563 1398 617 1444 te
662 1407 863 1464 regum
907 1405 1144 1442 munera
1189 1381 1347 1441 nulla
1386 1381 1528 1442 volo,

126 1493 258 1553 250
303 1493 556 1566 niveam,
608 1515 752 1575 quae
793 1507 846 1552 te
885 1491 1094 1574 poterit
1133 1491 1274 1550 mihi
1317 1492 1582 1565 reddere,
1627 1492 1841 1554 lucem!

275 1601 329 1661 O
374 1601 516 1661 mihi
562 1599 784 1660 felicem
828 1614 1024 1683 terque
1071 1613 1382 1682 quaterque
1429 1600 1612 1660 diem!

193 1710 270 1769 At
311 1710 389 1783 si,
441 1733 548 1792 pro
594 1709 749 1770 dulci
793 1710 981 1770 reditu
1027 1732 1399 1793 quaecunque
1444 1725 1746 1784 voventur,

276 1817 492 1877 Audiat
530 1841 724 1878 aversa
766 1842 886 1878 non
931 1842 1090 1877 meus
1135 1841 1269 1877 aure
1312 1818 1483 1890 deUS,

193 1927 311 1986 Nec
352 1949 443 1985 me
487 1949 663 2006 regna
708 1925 903 1986 iuvant
946 1949 1051 1986 nec
1094 1926 1313 2011 Lydius
1358 1925 1571 1984 aurifer
1617 1926 1798 1985 amnis

130 2047 190 2091 30
284 2034 400 2092 Nec
443 2057 584 2114 quas
629 2047 907 2092 terrarum
955 2033 1194 2092 sustinet
1238 2033 1394 2092 orbis
1440 2056 1591 2115 opes

195 2142 349 2201 Haec
395 2139 490 2200 alii
535 2141 796 2223 cupiant,
849 2140 1015 2201 liceat
1056 2141 1198 2201 mihi
1244 2164 1496 2224 paupere
1537 2141 1690 2202 cultu

283 2249 498 2308 Securo
540 2272 673 2308 cara
717 2248 958 2328 coniuge
1001 2271 1170 2331 posse
1213 2249 1344 2307 frui.

198 2355 373 2415 Adsis
418 2370 471 2414 et
513 2355 726 2415 timidis
770 2355 991 2428 faveas,
1045 2357 1345 2431 Saturnia,
1400 2356 1571 2428 votiS,

278 2464 354 2524 Et
394 2463 582 2523 faveas
628 2463 876 2537 concha,
926 2464 1164 2549 Cypria,
1217 2478 1371 2524 vecta
1417 2479 1528 2523 tua.

134 2572 326 2631 35Aut
369 2571 415 2630 si
461 2571 575 2630 fata
619 2586 832 2651 negant
875 2571 1119 2630 reditum
1161 2572 1459 2653 tristesque
1504 2595 1758 2643 sorores,

289 2679 544 2740 Stamina
590 2702 735 2761 quae
782 2678 1002 2740 ducunt
1045 2704 1304 2762 quaeque
1350 2681 1540 2739 futura
1587 2695 1793 2751 neunt,

253 2829 309 2872 V.
331 2831 405 2870 22.
448 2827 571 2871 Libri
610 2828 806 2883 plerique
847 2832 892 2870 et
933 2828 1083 2884 optimi
1123 2826 1266 2885 gerit,
1306 2829 1433 2870 etiam
1467 2828 1689 2885 Excerpta
1730 2813 1843 2871 Fur-

138 2914 399 2946 smcssusu.
482 2902 680 2944 Puccms
722 2907 767 2945 et
815 2905 942 2959 pauci
984 2903 1157 2946 codices
1202 2902 1414 2944 inferioris
1459 2903 1618 2946 ordinis
1662 2904 1843 2957 regit,

137 2974 253 3031 quod
297 2987 470 3028 verum,
526 2973 657 3028 idque
699 2975 954 3030 Momm-us,
1011 2978 1278 3030 Sumam,
1338 2976 1581 3031 Hermus,
1640 2979 1845 3028 Vossms‚

137 3049 432 3102 Huscnxms,
478 3048 761 3092 Goussnrus
800 3052 1131 3107 amplectuntur.

258 3125 312 3169 V.
328 3129 404 3169 29.
442 3125 645 3168 iuvant
674 3127 823 3182 optimi
866 3128 963 3170 libri
995 3133 1040 3170 et
1071 3128 1378 3172 Vmcsswrms.
1440 3128 1635 3172 Puccms
1672 3125 1843 3174 iuvent,

140 3200 255 3254 qnod
286 3200 359 3242 alii
394 3204 646 3253 sequnntur.
711 3200 839 3246 Conf.
869 3215 998 3258 supra
1030 3202 1075 3255 1,
1106 3206 1161 3255 8,
1191 3206 1263 3245 39.

260 3276 312 3319 V.
335 3279 409 3319 ³6.
466 3282 647 3319 neunt
689 3277 784 3320 libri
826 3284 1041 3334 corrupte.
1116 3287 1286 3320 canunt
1329 3279 1459 3331 vulgo
1503 3277 1556 3319 de
1598 3279 1844 3319 coniectura

142 3348 345 3391 flamm.
406 3348 601 3391 Coniicio
632 3359 808 3408 regunt.

1287 3435 1322 3487 5
