2158 3750
311 298 413 342 244
704 284 1169 338 COMMENTAR.
1207 283 1281 335 IN
1319 283 1606 335 TlssULLI

315 432 532 488 Nymphis
573 430 709 469 etiam
752 440 949 483 curaque
996 438 1205 482 amorque
1241 424 1347 482 fui,
1392 430 1435 467 et
1481 426 1618 468 VIRG.
1663 425 1814 481 Eelog.
1843 428 1900 482 X,
1931 432 2003 470 37.

313 520 417 559 Aen.
445 514 519 565 lv,
551 514 653 554 347.
683 533 743 542 —

427 594 480 634 V.
512 595 692 634 33-60.
739 588 987 632 Medium
1024 601 1261 630 carmen.
1317 588 1456 630 Pars
1488 588 1757 631 secunda.
1807 589 2003 634 Aetati

310 676 598 732 mythicae
629 674 812 717 omnia
843 684 942 727 pro
986 683 1175 714 amore
1212 672 1472 713 tolerare
1512 676 1751 726 paratae
1782 669 2005 714 hodier-

309 775 431 805 num
478 736 767 803 saeculum
812 755 1149 812 opponitur,
1201 755 1471 811 praedae,
1514 767 1699 810 opum,
1742 756 2007 799 luxuriae

307 843 643 886 studiosum.
675 863 732 870 —-

426 927 482 969 V.
512 928 570 967 33
601 937 694 978 sqq.
757 925 822 965 At
851 926 922 963 tu.
984 922 1123 963 Poeta
1155 921 1310 976 plenus
1341 921 1607 973 cogitatione
1639 921 1810 976 priscae
1840 921 2007 975 aetatis,

307 1010 380 1052 ubi
423 1020 545 1050 arnor
583 1004 801 1062 pulchrius
845 1003 1044 1057 vigebat,
1090 1008 1134 1044 et
1165 1003 1206 1044 in
1248 1016 1294 1046 se
1337 1017 1509 1058 quoque
1549 1006 1740 1047 sentiens
1773 1004 2007 1048 nobiliores

307 1094 431 1147 ignes
464 1096 509 1134 et
550 1095 745 1147 paratum
779 1088 834 1130 ad
865 1087 1007 1129 omnia
1041 1099 1119 1141 pro
1151 1100 1297 1128 amore
1328 1087 1552 1129 subeunda
1582 1089 1795 1142 animum,
1840 1096 1885 1132 at
1915 1103 2008 1141 vos,

307 1178 390 1231 ait,
434 1177 507 1231 qui
541 1175 730 1217 amorem
774 1172 965 1225 iniquum
998 1169 1282 1224 experimini,
1329 1169 1444 1224 apud
1475 1182 1544 1211 me
1576 1170 1729 1213 discite
1763 1179 1806 1213 et
1837 1173 1879 1214 in
1911 1187 2007 1215 mea

307 1262 435 1304 domo
467 1257 716 1302 amatoriam
749 1255 968 1307 militiam,
999 1256 1049 1294 ut
1085 1252 1258 1304 studio,
1288 1251 1457 1304 officio,
1489 1253 1666 1294 servitio
1697 1252 1903 1296 fidissimo
1932 1269 2008 1297 ca-

307 1345 450 1400 piatur
490 1355 612 1385 amor
655 1339 968 1388 formosarum3
1016 1349 1115 1378 nam
1147 1335 1281 1389 vulgo
1313 1333 1481 1377 ridetur
1512 1336 1668 1391 Apollo
1701 1335 1815 1391 apud
1847 1335 2009 1378 Adme-

306 1432 398 1469 tum
430 1425 635 1476 serviens,
667 1423 800 1476 vulgo
844 1421 972 1463 alieni
1014 1433 1128 1462 nunc
1173 1418 1366 1461 homines
1409 1419 1464 1477 ab
1497 1416 1559 1460 his
1591 1419 1720 1462 rebus
1753 1420 1838 1462 alia
1867 1425 2010 1464 castra

305 1515 568 1566 sequuntur,
618 1522 699 1551 nec
730 1508 946 1552 Venerem
987 1504 1066 1548 sed
1111 1505 1314 1560 praedam
1346 1503 1523 1547 laudant
1567 1504 1696 1546 armis
1740 1517 2010 1558 consequen-

307 1594 420 1636 dam.
493 1591 693 1633 Tenebat
723 1590 835 1632 enim
866 1589 949 1630 ista
979 1587 1202 1629 luxuriosa
1233 1590 1377 1628 aetate
1409 1599 1514 1642 prae
1544 1586 1641 1628 aliis
1671 1586 1867 1628 omnibus
1898 1586 2008 1628 divi-

305 1679 460 1721 tiarum
492 1676 704 1731 cupiditas
734 1674 912 1725 animos,
944 1672 1062 1713 dives
1087 1670 1395 1725 quisque-fieri
1425 1670 1615 1722 volebat,
1648 1671 1770 1712 cuius
1796 1669 1858 1712 rei
1886 1683 2005 1725 spem

305 1773 405 1804 cum
435 1758 586 1801 militia
619 1770 675 1799 ex
706 1755 866 1811 praeda
897 1754 1170 1808 ostenderet,
1219 1753 1326 1796 hanc
1369 1755 1544 1810 plurimi
1577 1759 1667 1796 tum
1698 1753 2003 1808 sequebantur.

305 1842 406 1884 Huc
436 1841 599 1895 igitur,
630 1841 716 1893 ait,
749 1851 957 1882 conversa
993 1851 1198 1894 praesens
1231 1839 1370 1881 ferrea
1402 1843 1524 1880 aetas
1557 1850 1636 1893 pro
1665 1850 1813 1880 amore
1846 1838 2014 1880 servires

306 1938 392 1967 non
435 1925 554 1976 vult,
604 1935 690 1977 quo
733 1927 879 1964 tamen
921 1921 1023 1964 nihil
1058 1922 1230 1964 videtur
1275 1920 1511 1978 pulchrius.
1586 1921 1752 1967 Quodsi
1795 1920 1901 1965 haec
1940 1926 2008 1964 est

307 2019 408 2048 vera
438 2018 558 2047 mens
590 2009 760 2059 poetae,
791 2008 840 2045 ut
871 2003 944 2045 vix
975 2003 1236 2056 dubitamus,
1264 2008 1445 2057 apparet
1471 2016 1557 2057 quo
1588 2004 1770 2045 transitu
1798 2003 1853 2045 ab
1883 2009 2007 2046 aute-

307 2087 560 2129 cedentibus
592 2085 646 2127 ad
679 2085 905 2139 sequentia
948 2084 1089 2126 oratio
1133 2083 1354 2140 procedat.
1415 2084 1496 2126 llla
1539 2097 1644 2126 vero
1684 2086 1770 2127 alia
1809 2087 2007 2140 quaestio

306 2175 388 2224 est,
418 2184 518 2212 num
544 2169 755 2225 optimum
787 2168 1012 2209 transitum
1043 2167 1242 2209 Tibullus
1269 2169 1466 2222 elegerit.
1529 2170 1660 2212 Certe
1693 2183 1820 2212 nemo
1852 2184 2010 2213 neces-

306 2255 460 2296 sariam
505 2265 676 2294 causam
720 2251 972 2292 indicaverit
1004 2250 1286 2304 interpositae
1318 2252 1431 2294 inter
1473 2253 1784 2309 descriptiones
1814 2261 2008 2298 aetatum

305 2335 546 2378 sententiae
578 2334 631 2375 de
665 2334 753 2375 suis
786 2334 965 2385 castris,
1007 2346 1091 2387 qua
1122 2334 1225 2388 quid
1261 2348 1434 2377 carmen
1466 2337 1658 2379 lucretur
1687 2350 1772 2380 non
1809 2344 2004 2394 apparet.

306 2420 555 2476 Simplicius
588 2423 632 2462 et
667 2420 889 2461 nervosius
921 2418 1135 2473 dicerem,
1182 2421 1218 2462 si
1249 2421 1453 2463 continuo
1487 2435 1513 2463 a
1551 2421 1739 2476 mythica
1770 2429 1913 2467 aetate
1945 2423 2000 2466 ad

305 2504 553 2547 hodiernam
595 2517 675 2559 per
726 2504 1039 2560 oppositionem
1080 2504 1335 2547 transiisset.
1366 2529 1427 2536 —
1470 2506 1559 2547 cui
1602 2506 1765 2548 tristi
1809 2506 2006 2548 fronte

307 2585 528 2641 Cupido
572 2586 819 2642 imperat
864 2599 897 2628 s.
942 2585 1186 2641 imperitat,
1236 2585 1276 2629 h.
1309 2599 1348 2628 e.
1397 2587 1465 2629 cui
1510 2588 1618 2629 dura
1662 2589 1806 2644 puella
1851 2594 1918 2631 est
1961 2594 2008 2631 et

306 2682 487 2725 aspera,
535 2669 608 2724 qui
640 2682 725 2711 non
761 2668 955 2711 secundo
987 2667 1150 2721 gaudet
1180 2682 1325 2710 amore
1356 2674 1400 2710 et
1434 2682 1592 2724 capere
1624 2671 1811 2712 animum
1842 2670 2008 2713 formo-

306 2763 383 2792 sae
414 2752 548 2806 cupit.
609 2751 698 2792 Pro
737 2750 991 2805 Imperat
1022 2754 1079 2790 ut
1117 2754 1261 2791 autem
1292 2751 1375 2792 iam
1410 2751 1511 2793 olim
1539 2750 1770 2807 imperitat
1801 2743 2013 2795 emenda-⁵

305 2839 397 2877 tum
442 2839 535 2888 est,
581 2833 694 2888 quod
739 2835 870 2887 vulgo
912 2838 1132 2889 receptum
1179 2833 1353 2887 legitur.
1416 2835 1562 2876 Utitur
1593 2839 1738 2876 autem
1767 2835 1842 2876 tali
1872 2835 2005 2877 verbo

305 2916 375 2959 hic
417 2921 462 2959 et
503 2915 811 2972 imperatorem
855 2914 958 2957 facit
1001 2916 1283 2971 Cupidinem,
1329 2922 1379 2958 ut
1422 2918 1567 2959 statim
1610 2917 1665 2960 de
1708 2919 1861 2960 castris
1902 2917 2008 2960 dicit

306 2998 502 3050 Amoris;
563 2998 743 3052 opponit
790 2998 902 3040 enim
953 2999 996 3040 in
1047 3002 1328 3054 sequentihus
1377 3001 1574 3043 bellicam
1631 3002 1825 3043 militiam
1873 3003 2006 3055 vulgo

307 3080 564 3134 probatam,
610 3079 682 3120 eui
724 3080 789 3121 rei
832 3094 944 3122 nunc
987 3083 1222 3137 respondet
1266 3083 1557 3138 metaphorica
1588 3083 1712 3126 huius
1744 3085 1828 3126 loci
1858 3084 2004 3128 dictio.

307 3162 467 3205 Confer
495 3163 548 3204 ad
580 3164 616 3215 Ι,
647 3167 690 3216 3,
721 3167 793 3206 33.
825 3186 882 3196 —
931 3172 1131 3209 nostra
1163 3168 1280 3209 sint
1311 3172 1406 3209 tua
1437 3172 1634 3210 castra
1664 3168 1848 3221 domo,
1889 3167 1930 3212 h.
1963 3182 2002 3213 e.

305 3247 420 3303 apud
451 3261 520 3290 me
552 3248 670 3290 disce
700 3249 898 3292 militiam
926 3252 1205 3304 amatoriam,
1239 3251 1393 3305 quibus
1427 3250 1604 3302 officiis,
1634 3251 1909 3304 ministeriis,
1939 3253 2003 3294 la-

306 3333 481 3375 boribus
511 3331 795 3387 suscipiendis
834 3334 1025 3377 favorem
1061 3336 1230 3390 puellae
1262 3335 1341 3376 tibi
1376 3335 1605 3376 conciliare
1637 3336 1788 3390 possiS.
1863 3336 2005 3378 Ducta

304 3415 403 3457 inde
435 3419 502 3458 est
531 3415 718 3469 locutio,
765 3415 883 3470 quod
926 3415 970 3459 in
1013 3417 1165 3459 castris
1207 3416 1365 3459 milites
1397 3415 1582 3459 Romani
1624 3417 2002 3460 exercitationibus

2119 3565 2140 3600 ,ἢ

2108 3596 2145 3676 ⁹⁹}
