2158 3750
723 239 905 289 Llsslz.
943 241 1006 289 Π.
1085 237 1281 287 ELEG.
1319 238 1385 288 ΙΙ.
1770 233 1890 288 '231

200 383 238 428 li.
273 398 310 428 e.
354 388 439 428 tam
484 397 614 440 saepe
655 384 766 427 enim
795 388 845 437 =et
876 382 1080 426 ardenter
1117 383 1286 439 expetis
1319 381 1427 425 lianc
1458 394 1547 424 rem
1579 381 1722 422 tacitis
1754 382 1893 435 preci-

196 469 276 509 bns
305 481 330 509 a
361 467 469 520 diis,
511 480 595 522 qua
627 465 728 510 nihii
762 466 899 522 magis
935 466 1015 508 tibi
1056 464 1177 508 cordi
1220 469 1312 518 est,
1359 467 1410 507 ut
1438 463 1521 519 ipsi
1552 461 1612 505 dii
1642 462 1895 505 memoriter

194 555 368 592 teneant
398 556 556 592 votum.
587 571 646 583 -
676 550 730 593 V.
762 552 833 592 13.
877 549 994 591 Nec
1025 549 1133 591 tibi
1175 547 1451 591 malueris
1482 551 1565 590 etc.
1628 545 1894 589 Observabis

191 634 346 676 iterum
385 634 638 685 διχοτομίαν
675 630 910 674 adhibitam
951 635 1000 672 ut
1034 631 1188 682 toties3
1229 643 1328 672 nam
1359 643 1460 672 arva
1504 634 1549 672 et
1583 636 1777 683 gemmas
1814 639 1894 670 no-

193 715 340 756 minat.
410 714 604 757 valido
646 714 814 766 bove,
858 714 1102 768 explicante
1146 713 1338 765 Vossro,
1380 725 1466 756 non
1515 712 1716 756 malueris
1759 724 1893 766 quae·-

192 814 360 855 cunqne
402 801 579 856 pinguia
615 812 718 842 arva
757 802 935 840 arantur
966 809 1044 852 per
1083 795 1259 848 orbem;
1306 796 1410 837 talia
1449 797 1562 838 euim
1594 795 1779 838 validum
1812 795 1895 842 bo·-

191 896 290 924 vem
326 883 547 936 requirunt
588 885 633 924 et
675 881 831 924 fortem
865 884 1094 923 aratorem.
1130 901 1184 910 -
1231 891 1569 933 gemmarum
1613 879 1890 934 quicquid

191 967 464 1008 felicibus
506 957 666 1007 I'ndis
707 964 972 1007 nascitur
1015 969 1100 1008 etc.
1177 963 1261 1007 Est
1296 962 1516 1022 felicibus
1566 977 1629 1020 pr.
1674 964 1892 1009 divitibus,

190 1050 327 1091 Porro
370 1052 515 1090 monet
547 1049 740 1091 Vossms
783 1049 1009 1092 Oceanum
1050 1047 1304 1092 orientalem
1350 1047 1468 1090 circa
1509 1046 1674 1089 Indiam
1706 1052 1751 1089 et
1783 1047 1892 1089 Ara-

185 1131 297 1172 biam
329 1130 538 1184 intelligi,
589 1131 661 1184 qui
707 1129 847 1173 ruber
888 1143 984 1173 esse
1023 1130 1282 1174 credebatur
1323 1142 1378 1172 ex
1419 1129 1573 1172 vicinia
1614 1129 1792 1172 orientis
1835 1128 1890 1170 ibi

183 1213 302 1255 solis.
363 1213 411 1254 In
442 1212 563 1254 littus
593 1216 740 1255 autem
773 1211 870 1254 eiici
905 1210 1114 1267 putabant
1145 1210 1270 1254 undis
1304 1210 1468 1267 lapides
1499 1210 1740 1266 pretiosos,
1774 1220 1889 1251 mar-

183 1297 376 1350 garitas,
419 1308 639 1350 gemmas,
680 1294 961 1349 smaragdoS‚
1006 1307 1116 1350 quos
1156 1294 1253 1338 Indi
1294 1295 1565 1350 colligerent.
1625 1293 1738 1338 Vide
1772 1294 1891 1336 locos

184 1383 356 1420 notatos
389 1391 520 1434 supra
549 1378 605 1420 ad
638 1377 674 1431 1,
706 1381 748 1432 1,
778 1381 852 1420 51.
913 1379 990 1420 Sic
1020 1378 1228 1422 Cunrms
1257 1378 1378 1433 VIII,
1411 1382 1455 1432 9,
1490 1382 1561 1421 19.
1597 1378 1726 1423 dicit:
1762 1379 1889 1420 Gem-

183 1475 279 1502 mas
310 1460 672 1519 margaritasque
708 1474 830 1502 mare
869 1459 1101 1502 littoribus
1139 1459 1364 1518 infundit.
1427 1459 1589 1504 Confer
1620 1460 1675 1503 de
1706 1462 1888 1515 gemmis

182 1545 515 1601 (Edelsteinen)
547 1545 678 1588 etiam
708 1543 817 1587 infra
848 1543 902 1586 ad
934 1543 1012 1596 IV,
1043 1547 1088 1598 2,
1121 1547 1191 1586 19.
1224 1567 1282 1575 —-

300 1630 356 1674 V.
389 1629 540 1673 lirad
570 1630 712 1672 finem.
774 1627 997 1670 Exitus.
1058 1628 1210 1670 Rata
1242 1626 1366 1668 fore
1400 1631 1543 1668 vota.

306 1713 359 1756 V.
396 1715 454 1755 17
483 1725 577 1766 sqq.
626 1712 771 1755 Vota
812 1709 1050 1764 cadunt,
1095 1708 1134 1752 li.
1167 1724 1204 1753 e.
1238 1711 1463 1762 eveniunt,
1497 1710 1550 1752 cf.
1584 1710 1638 1751 ad
1670 1709 1705 1760 1,
1737 1714 1779 1762 6,
1810 1713 1885 1752 85.

182 1794 307 1838 Unde
338 1807 455 1847 vero,
485 1794 618 1847 dices,
647 1793 764 1835 novit
795 1791 876 1835 hoc
906 1793 987 1836 nisi
1018 1792 1145 1847 signo
1176 1793 1315 1836 dato?
1366 1793 1510 1835 Veluti
1534 1806 1663 1849 supra
1689 1793 1724 1846 I,
1744 1796 1787 1846 5,
1812 1797 1885 1835 57.

178 1879 266 1921 ait:
318 1878 562 1924 Evenient,
603 1876 685 1918 dat
710 1876 843 1935 signa
875 1875 1000 1919 deus.
1061 1877 1172 1920 Add.
1205 1878 1262 1930 ΙΙ,
1299 1881 1338 1930 l,
1367 1880 1440 1920 25.
1502 1878 1656 1920 Recte.
1723 1878 1883 1920 Videa-

178 1975 274 2004 mus
315 1974 423 2015 ergo
466 1961 705 2015 sequentia.
746 1983 808 1992 —
867 1961 1080 2003 utinam
1132 1959 1594 2015 strepitantibus
1650 1959 1884 2002 advolet

176 2044 288 2087 alis
320 2048 403 2085 etc.
462 2042 531 2085 Ita
568 2041 700 2084 habet
740 2041 871 2084 lectio
905 2041 1124 2084 librorum.
1185 2041 1276 2083 Sed
1308 2042 1409 2096 quid
1443 2040 1526 2084 hoc
1559 2043 1664 2085 est?
1723 2044 1882 2085 Ratio-

175 2139 273 2170 nem
302 2127 582 2182 requirimus,
614 2125 728 2168 unde
758 2126 988 2170 concludat
1018 2132 1149 2182 poeta
1181 2131 1274 2168 rata
1307 2126 1400 2170 fore
1430 2131 1559 2180 vota,
1591 2140 1703 2169 nunc
1735 2132 1879 2170 autem

175 2223 332 2253 novum
363 2216 510 2252 votum
542 2207 670 2261 facit,
702 2207 819 2262 quod
851 2209 920 2250 cui
951 2221 1034 2250 non
1069 2212 1241 2264 praeter
1273 2210 1640 2265 exspectationem
1675 2210 1791 2251 venit
1820 2211 1880 2250 sic

175 2296 356 2348 repente
382 2289 658 2333 subiectum?
721 2288 888 2331 Deinde
930 2280 1072 2330 ieiune
1114 2289 1297 2332 dicitur:
1340 2291 1501 2332 utinam
1535 2291 1736 2333 celeriter
1766 2297 1877 2339 stre-

177 2374 411 2431 pitantibus
440 2377 516 2415 aut
546 2371 858 2428 trepidantibus
886 2373 967 2413 alis
993 2371 1166 2415 advolet
1199 2372 1346 2415 Amor.
1409 2373 1477 2416 Ne
1509 2374 1670 2427 multa;
1702 2374 1880 2429 pulchra

177 2459 347 2503 videtur
382 2459 631 2501 coniectura
662 2458 821 2499 Grss‘rt
856 2461 900 2499 et
932 2456 1120 2500 Hnmsn
1155 2456 1286 2498 viden
1317 2464 1396 2504 ut,
1438 2458 1621 2514 probata
1661 2458 1878 2500 Bnoucx-

177 2555 335 2595 misto,
366 2542 570 2593 Venulo,
612 2538 827 2591 Hermo,
872 2538 1060 2591 Vossm,
1104 2538 1346 2582 Huscmrro
1379 2544 1424 2582 et
1455 2540 1628 2583 omnino
1661 2541 1878 2597 plerisque

175 2623 384 2666 omnibus.
444 2622 631 2676 Legitur
659 2620 770 2663 infra
803 2620 857 2673 ΙΙ,
894 2624 930 2672 l,
962 2623 1035 2662 25.
1073 2625 1117 2662 et
1159 2622 1264 2663 satis
1306 2628 1408 2664 nota
1452 2628 1518 2665 est
1562 2623 1756 2666 formula.
1822 2625 1874 2669 V.

171 2704 519 2763 strepitantibus
549 2705 645 2747 Itali
677 2705 718 2747 iu
750 2701 1084 2760 trepidantibus
1114 2710 1348 2758 mutarunt,
1378 2706 1492 2760 quod
1519 2712 1586 2749 est
1610 2707 1876 2749 notissimum

173 2790 380 2846 agilitatis
410 2794 455 2832 et
484 2787 768 2831 festinationis
810 2786 1015 2840 verbum,
1056 2787 1112 2830 cf.
1143 2789 1354 2831 Gnonov.
1397 2789 1450 2831 ad
1484 2789 1578 2832 Liv.
1611 2789 1797 2843 XXVII,
1837 2795 1872 2834 Ι.

174 2874 234 2917 Et
265 2873 426 2930 placuit
454 2871 536 2915 hoc
568 2872 700 2927 vulgo
735 2871 862 2914 etiam
896 2876 1074 2927 propter
1110 2871 1238 2913 viden
1274 2882 1342 2913 ut.
1403 2873 1491 2915 Sed
1525 2872 1696 2915 defendi
1728 2878 1872 2929 potest

175 2955 328 3008 lectio,
377 2960 424 2997 ut
462 2966 563 2997 mox
601 2953 755 2997 dicam.
820 2955 934 2998 Usus
977 2960 1043 2998 est
1085 2970 1192 3000 voce
1224 2957 1424 2999 Tibullus
1466 2957 1594 2999 etiam
1633 2957 1690 3010 11,
1719 2961 1763 3011 5,
1795 2961 1871 3002 73.

175 3039 234 3083 Et
269 3038 397 3082 habet
429 3037 574 3080 nescio
603 3036 704 3091 quid
749 3042 922 3093 praeter
950 3038 1122 3082 solitum
1156 3039 1257 3082 laeti
1294 3040 1453 3082 locutio
1487 3038 1591 3093 (mit
1624 3038 1872 3081 rausclzen«

174 3124 270 3165 dem
287 3120 644 3181 Fliigelschlctg).
695 3121 889 3177 Denique
910 3123 1081 3165 Flava
1118 3123 1341 3166 vincula
1368 3128 1467 3165 sunt
1489 3123 1679 3165 ardentis
1701 3128 1747 3186 et
1769 3137 1875 3166 con-0

173 3207 325 3250 stantis
354 3206 512 3248 amoris
543 3203 800 3258 symbolum.
859 3202 970 3246 Nam
1003 3206 1116 3260 quod
1147 3206 1252 3247 satis
1282 3211 1475 3258 constat,
1508 3207 1642 3247 flavus
1673 3207 1795 3248 color
1829 3212 1874 3247 ut

175 3293 345 3335 omnino
377 3291 580 3343 laetitiae,
614 3291 673 3332 ita
705 3289 948 3344 nuptiarum
978 3296 1087 3344 erat,
1119 3292 1366 3334 notantibus
1396 3290 1703 3346 interpretibus
1732 3291 1873 3343 vulgo.

178 3373 289 3417 Hinc
322 3386 478 3417 croceo
509 3373 666 3416 ainictu
701 3372 865 3415 velatur
898 3371 1172 3426 Hymenaeus
1205 3375 1340 3417 Ovm.
1375 3374 1482 3416 Met.
1517 3374 1572 3426 X,
1611 3376 1671 3424 1.,
1716 3373 1787 3414 ubi
1821 3372 1874 3414 cs.
