2158 3750
711 258 891 310 LIBR.
930 259 1016 323 1..
1042 258 1242 311 ELEG.
1279 261 1348 312 v.
1786 269 1883 314 111

183 402 362 446 turbine
395 403 554 448 mentis
585 418 712 464 agor.
751 430 798 438 —
835 409 975 451 Porro
1005 408 1073 451 ab
1107 413 1260 461 arte,
1290 411 1341 450 ut
1370 405 1482 450 infra
1510 405 1546 460 I,
1570 409 1614 461 9,
1639 410 1713 450 66.
1773 406 1886 450 Vide

182 488 309 529 etiam
348 488 487 530 Ovio.
519 488 653 531 Trist.
684 488 743 542 ΙΙ,
773 492 877 532 462.
923 491 1095 536 Amore.
1125 490 1183 543 ΙΙ,
1214 492 1259 544 4,
1288 493 1361 533 30.
1416 491 1510 534 Art.
1543 490 1626 532 Am
1672 488 1750 541 111,
1780 490 1883 531 545.

180 567 298 610 Fast.
330 569 409 621 III,
446 572 552 612 321.
628 569 707 613 Est
751 571 915 613 locutio
955 571 1262 625 usitatissima,
1303 572 1463 614 nemini
1503 573 1668 627 ignota.
1699 592 1756 603 —-
1802 583 1886 614 as-

179 657 346 695 sueta
374 660 523 707 arte,
554 654 722 710 peritia.
746 676 796 685 -
830 654 934 698 V.5
957 667 1022 709 sq.
1054 655 1169 697 Ure
1201 654 1383 698 ferum
1417 660 1472 698 et
1501 660 1734 710 torque,
1767 651 1812 697 h.
1841 666 1883 696 e·

178 734 281 788 puni
312 735 596 778 severissime.
663 734 815 778 Petita
842 739 945 779 sunt
973 735 1106 778 verba
1136 748 1162 777 a
1193 737 1420 779 tormentis
1449 750 1696 792 servorum,
1734 738 1809 792 qui
1838 737 1884 780 iu

176 817 500 871 quaestionibus
530 822 660 871 atque
691 817 820 859 ctiam
850 815 906 859 ad
933 816 1225 872 puniendum,
1254 818 1292 860 si
1324 823 1602 873 peccassent,
1634 816 1885 861 urebantur

175 897 360 941 admotis
403 898 568 940 facibus
611 901 687 940 aut
728 897 887 940 lamina
928 896 1142 945 candente
1185 896 1264 952 (cf.
1302 898 1339 952 1,
1381 903 1423 952 9,
1464 903 1539 943 21.
1588 900 1648 954 ΙΙ,
1678 903 1721 954 4,
1751 903 1795 943 5.
1838 905 1884 943 et

174 983 358 1026 Honn’.
388 980 530 1037 Epist.
563 979 600 1034 1,
640 983 713 1033 15,
741 983 816 1022 36.
864 978 972 1035 ibiq.
1012 979 1240 1035 Senum.)
1285 984 1330 1022 et
1369 978 1719 1038 torquebantur,
1764 982 1884 1037 quod

175 1069 244 1109 est
282 1062 619 1121 στρεβλοῦσθαι.
695 1061 896 1118 Denique
931 1061 1072 1120 ferus
1113 1061 1296 1115 dicitur,
1357 1063 1432 1118 qui
1472 1062 1681 1108 adversus
1722 1067 1884 1109 amoris

174 1149 262 1192 vim
303 1148 418 1192 male
456 1147 646 1191 animum
687 1145 1003 1201 obduraverat,
1045 1151 1098 1190 ut
1136 1146 1248 1190 infra
1285 1146 1345 1201 ΙΙ,
1376 1151 1420 1202 6,
1449 1151 1493 1192 5.
1533 1171 1595 1180 -
1646 1147 1883 1193 horrida

174 1230 349 1276 verba
391 1230 564 1275 doma.
624 1229 784 1274 Totam
813 1230 1074 1274 seutentiam
1105 1230 1434 1274 antecedentem
1468 1230 1619 1287 (puni,
1648 1244 1704 1275 ne
1734 1231 1882 1276 dicere

174 1316 309 1360 libeat
343 1316 621 1372 magnificum
648 1314 906 1372 quidquam)
948 1328 1047 1359 cum
1076 1315 1119 1358 vi
1149 1315 1310 1371 repetit
1339 1314 1435 1357 aliis
1472 1298 1629 1358 verbis.
1703 1315 1882 1359 Certum

175 1403 288 1448 enim
331 1415 420 1447 uon
465 1406 568 1460 post
608 1409 768 1460 torque
807 1400 1197 1458 interpungendum
1241 1413 1364 1454 esse,
1412 1399 1491 1442 sed
1535 1403 1635 1442 ante
1677 1399 1881 1444 horrida.

173 1486 274 1529 Hoc
303 1490 449 1529 autem
478 1497 648 1541 aspera,
676 1483 841 1527 ferocia
869 1483 1099 1537 significat.
1161 1481 1569 1525 Wunnmtmcmus
1599 1481 1739 1524 Tacit.
1763 1481 1881 1526 Hist-

172 1570 208 1623 1,
239 1573 313 1612 82.
352 1568 546 1613 conferte
605 1567 958 1629 (Praetorianos)
1003 1564 1194 1609 allocuti
1231 1572 1341 1607 sunt
1372 1589 1433 1598 —
1458 1563 1686 1623 praefecti
1713 1578 1768 1605 ex
1798 1579 1882 1607 suo

173 1652 363 1712 quisque
391 1652 568 1711 ingenio
598 1652 755 1694 mitius
786 1659 870 1694 aut
903 1650 1144 1694 horridius.
1163 1676 1223 1684 -
1252 1652 1310 1695 V.
1328 1655 1356 1694 7
1373 1664 1438 1706 sq·
1468 1651 1649 1695 Parce
1680 1655 1880 1694 tamen.

173 1735 438 1792 Sed-potius
470 1735 699 1778 clementia
729 1739 881 1787 utere,
911 1734 1037 1776 mitte
1067 1734 1175 1781 iram
1207 1737 1252 1776 et
1281 1734 1324 1776 in
1356 1733 1540 1788 gratiam
1569 1746 1740 1776 mecum
1770 1733 1880 1776 redi.

171 1818 240 1861 De
280 1819 423 1872 figura
464 1821 658 1861 mutatae
699 1818 941 1860 sententiae
986 1816 1178 1872 explicui
1221 1817 1268 1859 in
1309 1817 1626 1860 Dissertatione
1666 1816 1721 1859 de
1749 1817 1882 1862 Poesi

172 1900 338 1944 Tibulli
379 1913 476 1956 cap.
505 1899 568 1942 11.
595 1922 657 1930 —
710 1912 812 1956 per
851 1904 926 1942 te.
987 1899 1232 1942 Collocatio
1262 1899 1308 1942 in
1341 1899 1631 1942 obtestatione
1660 1901 1880 1955 solemnis,

170 1995 256 2038 qua
285 1995 523 2039 pronomen
553 1983 669 2027 iuter
705 1984 1086 2041 praepositionem.
1109 1988 1154 2026 et
1195 1995 1343 2026 casum
1382 1982 1716 2039 praepositionis
1744 1985 1880 2027 inter-

170 2065 358 2121 ponitur.
417 2065 494 2108 Sic
527 2064 640 2108 infra
667 2065 750 2120 111,
782 2068 825 2119 1,
857 2067 930 2108 15.
972 2065 1051 2118 IV,
1081 2067 1126 2118 5,
1155 2068 1229 2117 7.,
1258 2064 1332 2108 ubi
1363 2065 1462 2107 vide
1493 2065 1878 2110 BRoucmmsmM.

169 2149 294 2194 Adde
322 2149 605 2194 Rtmnxmm
635 2150 811 2193 Dictata
841 2149 887 2192 in
918 2149 1047 2193 ovid.
1076 2148 1257 2194 Heroid.
1281 2164 1325 2206 p.
1351 2153 1424 2193 65.
1469 2151 1680 2194 Similiter
1706 2153 1881 2207 Graeci,

167 2239 220 2278 ut
250 2239 439 2288 constat,
466 2233 526 2278 cf.
547 2235 727 2279 VAch.
755 2234 812 2278 ad
842 2233 950 2277 Eur.
978 2231 1146 2278 Phoen.
1176 2236 1309 2278 1659.
1342 2234 1530 2278 ΜοΝοΚ.
1561 2235 1617 2278 ad
1647 2235 1880 2293 Hippolyt-

170 2333 212 2363 ν.
243 2321 350 2362 603.
392 2338 453 2350 -
514 2317 752 2362 foedera
790 2318 954 2362 lecti.
1012 2317 1200 2361 Locutio
1240 2318 1414 2374 propria
1457 2318 1512 2362 de
1557 2321 1787 2375 coniugio,
1831 2326 1881 2364 ut

172 2402 310 2444 ΟΠ».
343 2399 525 2444 Heroid.
557 2400 613 2454 V,
643 2403 727 2442 101
745 2415 758 2442 t
803 2397 993 2442 Atrides
1024 2397 1232 2440 temerati
1251 2397 1446 2455 foedera
1478 2398 1584 2440 lecti
1611 2400 1804 2448 clamat,
1835 2407 1882 2445 et

171 2485 281 2528 Met.
315 2484 414 2538 Vll,
445 2487 562 2528 7102
604 2482 844 2542 primaque
890 2481 1055 2524 deserti
1101 2480 1348 2541 referebam
1383 2481 1578 2540 foede-ra
1621 2483 1740 2526 lecti.
1810 2487 1880 2530 De

174 2567 379 2610 translato
409 2578 554 2620 sensu,
584 2566 660 2620 qui
687 2564 758 2608 bic
787 2563 984 2618 habetur,
1015 2565 1243 2608 conferunt
1275 2566 1410 2609 Ovm.
1442 2567 1536 2609 Art.
1562 2568 1657 2610 Am.
1680 2568 1738 2623 II,
1762 2571 1878 2615 462:

173 2647 434 2692 concubitus
454 2647 666 2706 foedera.
696 2648 806 2694 Met.
834 2647 918 2702 111,
946 2650 1062 2691 294:
1113 2649 1152 2692 V
1154 2646 1297 2689 eneris
1313 2646 1500 2705 foedus.
1530 2649 1770 2695 Pnopsnw.
1798 2653 1878 2707 lv,

169 2736 213 2785 7,
242 2729 521 2789 mafoedus·
550 2728 836 2773 tacitum—
865 2729 1007 2773 Porro
1039 2728 1550 2784 compositumque
1583 2736 1755 2787 caput
1787 2739 1878 2777 est:

170 2818 364 2860 iunctum
394 2828 493 2860 cum
523 2828 648 2870 meo,
693 2815 758 2858 uti
786 2815 872 2859 iam
903 2816 1143 2859 Scsmcssa
1173 2814 1354 2857 monuit.
1415 2815 1492 2858 Sic
1523 2815 1662 2859 Ovm.
1697 2817 1878 2862 Heroid.

173 2899 255 2953 Ill,
285 2902 403 2943 107:
450 2900 629 2958 Perque
660 2903 792 2940 tuum
820 2905 1111 2957 nostrumque
1143 2904 1282 2954 caput
1301 2923 1313 2944 ,
1357 2910 1473 2955 quae
1512 2896 1743 2940 iunximus
1785 2914 1879 2941 ιιηα

171 2986 219 3025 et
247 2982 487 3025 PnoPm'r.
518 2978 577 3033 Π,
606 2981 679 3034 ll,
706 2982 791 3023 22:
838 2994 1006 3023 mecum
1036 2977 1198 3021 habuit
1222 2977 1424 3036 positum
1455 2978 1582 3021 lenta
1608 2980 1768 3036 puella
1799 2997 1881 3024 ca-

168 3073 274 3123 put.
333 3063 445 3109 vide
491 3062 664 3106 omnino
707 3062 1080 3108 Bnoucxnusrmr
1122 3068 1169 3107 et
1210 3063 1444 3107 Vunrmm.
1509 3061 1575 3105 Ad
1622 3065 1879 3109 sententiam

173 3151 579 3194 Wmmssnmcmus
603 3147 772 3192 confert
798 3149 980 3193 similem
1004 3147 1336 3191 obtestationem
1362 3146 1625 3189 Tecmessae
1648 3148 1878 3192 Sornocr..

173 3233 241 3277 Αἰ.
273 3235 375 3276 493.
439 3230 658 3285 Additque
690 3229 960 3274 Huscunus
1002 3229 1133 3273 Hom.
1164 3229 1218 3273 11.
1250 3228 1350 3282 XV,
1380 3231 1456 3270 39.
1516 3228 1607 3271 Sed
1638 3229 1769 3273 etiam
1799 3244 1881 3272 cu-

174 3315 376 3358 mulatam
418 3315 656 3357 orationem
697 3309 894 3366 notabis,
942 3311 1136 3369 pluribus
1179 3310 1389 3354 similibus
1430 3309 1573 3352 verbis
1615 3310 1880 3363 coniunctis3

176 3408 274 3440 nam
316 3394 495 3440 calidius
535 3394 778 3439 obtestatur
819 3398 951 3451 poeta
991 3391 1265 3438 dulcissimae
1308 3392 1630 3451 consuetudinis
1671 3393 1878 3435 memoria
