<?xml version="1.0" encoding="UTF-8"?>
<!DOCTYPE html PUBLIC "-//W3C//DTD XHTML 1.0 Transitional//EN"
    "http://www.w3.org/TR/xhtml1/DTD/xhtml1-transitional.dtd">
<html xmlns="http://www.w3.org/1999/xhtml" xml:lang="en" lang="en">
 <head>
  <title>
</title>
<meta http-equiv="Content-Type" content="text/html;charset=utf-8" />
  <meta name='ocr-system' content='tesseract 3.04.00' />
  <meta name='ocr-capabilities' content='ocr_page ocr_carea ocr_par ocr_line ocrx_word'/>
</head>
<body>
  <div class='ocr_page' id='page_1' title='image "./carminaexrecensi01tibuuoft_0554.png"; bbox 0 0 2158 3750; ppageno 0'>
   <div class='ocr_carea' id='block_1_1' title="bbox 361 264 1659 324">
    <p class='ocr_par' dir='ltr' id='par_1_1' title="bbox 361 264 1659 324">
     <span class='ocr_line' id='line_1_1' title="bbox 361 264 1659 324; baseline 0.002 -5"><span class='ocrx_word' id='word_1_1' title='bbox 361 276 461 324; x_wconf 77' lang='lat'>222</span> <span class='ocrx_word' id='word_1_2' title='bbox 758 269 795 317; x_wconf 91' lang='lat' dir='ltr'>C</span> <span class='ocrx_word' id='word_1_3' title='bbox 802 264 1223 322; x_wconf 85' lang='lat' dir='ltr'>OMMENTAR.</span> <span class='ocrx_word' id='word_1_4' title='bbox 1261 265 1335 317; x_wconf 87' lang='lat' dir='ltr'>IN</span> <span class='ocrx_word' id='word_1_5' title='bbox 1376 267 1659 321; x_wconf 88' lang='lat' dir='ltr'><strong>TIBULLI</strong></span> 
     </span>
    </p>
   </div>
   <div class='ocr_carea' id='block_1_2' title="bbox 356 410 2068 1720">
    <p class='ocr_par' dir='ltr' id='par_1_2' title="bbox 356 410 2068 1720">
     <span class='ocr_line' id='line_1_2' title="bbox 366 410 2056 474; baseline 0.004 -15"><span class='ocrx_word' id='word_1_6' title='bbox 366 421 508 472; x_wconf 80' lang='lat' dir='ltr'>partes</span> <span class='ocrx_word' id='word_1_7' title='bbox 537 411 725 470; x_wconf 79' lang='lat' dir='ltr'>explicat</span> <span class='ocrx_word' id='word_1_8' title='bbox 753 412 920 466; x_wconf 86' lang='lat' dir='ltr'>reliquo</span> <span class='ocrx_word' id='word_1_9' title='bbox 949 410 1146 456; x_wconf 85' lang='lat' dir='ltr'>disticho.</span> <span class='ocrx_word' id='word_1_10' title='bbox 1164 433 1219 446; x_wconf 89' lang='lat'><em>-</em></span> <span class='ocrx_word' id='word_1_11' title='bbox 1252 414 1435 457; x_wconf 87' lang='lat' dir='ltr'>Fusus</span> <span class='ocrx_word' id='word_1_12' title='bbox 1466 420 1661 459; x_wconf 85' lang='lat' dir='ltr'>versat</span> <span class='ocrx_word' id='word_1_13' title='bbox 1684 430 1852 474; x_wconf 76' lang='lat' dir='ltr'>opus,</span> <span class='ocrx_word' id='word_1_14' title='bbox 1885 419 2056 464; x_wconf 69' lang='lat' dir='ltr'>vereato</span> 
     </span>
     <span class='ocr_line' id='line_1_3' title="bbox 359 496 2058 560; baseline 0.002 -18"><span class='ocrx_word' id='word_1_15' title='bbox 359 501 458 542; x_wconf 81' lang='lat' dir='ltr'>fuso</span> <span class='ocrx_word' id='word_1_16' title='bbox 482 502 638 541; x_wconf 86' lang='lat' dir='ltr'><strong>nentur</strong></span> <span class='ocrx_word' id='word_1_17' title='bbox 666 496 764 549; x_wconf 82' lang='lat' dir='ltr'>fila,</span> <span class='ocrx_word' id='word_1_18' title='bbox 805 497 855 539; x_wconf 86' lang='lat' dir='ltr'>fit</span> <span class='ocrx_word' id='word_1_19' title='bbox 883 509 1005 552; x_wconf 81' lang='lat' dir='ltr'>opus.</span> <span class='ocrx_word' id='word_1_20' title='bbox 1050 497 1188 539; x_wconf 83' lang='lat' dir='ltr'>Ovm.</span> <span class='ocrx_word' id='word_1_21' title='bbox 1220 497 1402 542; x_wconf 90' lang='lat' dir='ltr'>Heroid.</span> <span class='ocrx_word' id='word_1_22' title='bbox 1432 498 1555 552; x_wconf 85' lang='lat' dir='ltr'><strong>XIX,</strong></span> <span class='ocrx_word' id='word_1_23' title='bbox 1590 502 1674 543; x_wconf 68' lang='lat'>37:</span> <span class='ocrx_word' id='word_1_24' title='bbox 1720 507 1928 560; x_wconf 80' lang='lat' dir='ltr'>tortaque</span> <span class='ocrx_word' id='word_1_25' title='bbox 1958 519 2058 546; x_wconf 75' lang='lat' dir='ltr'>ver-</span> 
     </span>
     <span class='ocr_line' id='line_1_4' title="bbox 361 577 2061 640; baseline 0.003 -17"><span class='ocrx_word' id='word_1_26' title='bbox 361 589 464 624; x_wconf 81' lang='lat' dir='ltr'>sato</span> <span class='ocrx_word' id='word_1_27' title='bbox 495 580 706 621; x_wconf 79' lang='lat' dir='ltr'><strong><em>ducentes</em></strong></span> <span class='ocrx_word' id='word_1_28' title='bbox 733 577 934 621; x_wconf 84' lang='lat' dir='ltr'>stamina</span> <span class='ocrx_word' id='word_1_29' title='bbox 964 577 1114 636; x_wconf 84' lang='lat' dir='ltr'>fuso..</span> <span class='ocrx_word' id='word_1_30' title='bbox 1170 579 1368 635; x_wconf 86' lang='lat' dir='ltr'>Denique</span> <span class='ocrx_word' id='word_1_31' title='bbox 1410 581 1684 636; x_wconf 89' lang='lat' dir='ltr'>apposito</span> <span class='ocrx_word' id='word_1_32' title='bbox 1724 583 1968 640; x_wconf 75' lang='lat' dir='ltr'>pollice,</span> <span class='ocrx_word' id='word_1_33' title='bbox 2013 593 2061 629; x_wconf 92' lang='lat' dir='ltr'>ut</span> 
     </span>
     <span class='ocr_line' id='line_1_5' title="bbox 359 659 2062 724; baseline 0.001 -17"><span class='ocrx_word' id='word_1_34' title='bbox 359 665 496 707; x_wconf 80' lang='lat' dir='ltr'>Ovn).</span> <span class='ocrx_word' id='word_1_35' title='bbox 526 662 637 706; x_wconf 86' lang='lat' dir='ltr'>Met.</span> <span class='ocrx_word' id='word_1_36' title='bbox 669 661 746 715; x_wconf 87' lang='lat' dir='ltr'>VI,</span> <span class='ocrx_word' id='word_1_37' title='bbox 773 663 848 703; x_wconf 84' lang='lat'>22.</span> <span class='ocrx_word' id='word_1_38' title='bbox 879 660 1006 703; x_wconf 81' lang='lat' dir='ltr'>dicit:</span> <span class='ocrx_word' id='word_1_39' title='bbox 1050 659 1143 702; x_wconf 76' lang='lat' dir='ltr'>sive</span> <span class='ocrx_word' id='word_1_40' title='bbox 1183 659 1273 703; x_wconf 83' lang='lat' dir='ltr'>levi</span> <span class='ocrx_word' id='word_1_41' title='bbox 1314 667 1496 703; x_wconf 82' lang='lat' dir='ltr'>teretem</span> <span class='ocrx_word' id='word_1_42' title='bbox 1533 659 1748 704; x_wconf 73' lang='lat' dir='ltr'>versabat</span> <span class='ocrx_word' id='word_1_43' title='bbox 1781 662 1948 719; x_wconf 84' lang='lat' dir='ltr'>pollice</span> <span class='ocrx_word' id='word_1_44' title='bbox 1969 665 2062 724; x_wconf 84' lang='lat' dir='ltr'>su·-</span> 
     </span>
     <span class='ocr_line' id='line_1_6' title="bbox 359 743 2062 797; baseline 0.004 -12"><span class='ocrx_word' id='word_1_45' title='bbox 359 759 473 790; x_wconf 78' lang='lat' dir='ltr'>sum.</span> <span class='ocrx_word' id='word_1_46' title='bbox 502 766 562 778; x_wconf 88' lang='lat'>--</span> <span class='ocrx_word' id='word_1_47' title='bbox 605 744 662 787; x_wconf 87' lang='lat' dir='ltr'>V.</span> <span class='ocrx_word' id='word_1_48' title='bbox 693 746 752 785; x_wconf 84' lang='lat'>65</span> <span class='ocrx_word' id='word_1_49' title='bbox 783 755 849 797; x_wconf 88' lang='lat' dir='ltr'>sq.</span> <span class='ocrx_word' id='word_1_50' title='bbox 884 743 1068 796; x_wconf 87' lang='lat' dir='ltr'><strong>Atque</strong></span> <span class='ocrx_word' id='word_1_51' title='bbox 1098 743 1319 797; x_wconf 87' lang='lat' dir='ltr'>aliqua,</span> <span class='ocrx_word' id='word_1_52' title='bbox 1352 744 1578 787; x_wconf 83' lang='lat' dir='ltr'>collective</span> <span class='ocrx_word' id='word_1_53' title='bbox 1609 743 1715 789; x_wconf 89' lang='lat' dir='ltr'>haec</span> <span class='ocrx_word' id='word_1_54' title='bbox 1744 751 1790 789; x_wconf 90' lang='lat' dir='ltr'>et</span> <span class='ocrx_word' id='word_1_55' title='bbox 1818 747 1909 790; x_wconf 87' lang='lat' dir='ltr'>illa.</span> <span class='ocrx_word' id='word_1_56' title='bbox 1969 748 2062 792; x_wconf 74' lang='lat' dir='ltr'>Res</span> 
     </span>
     <span class='ocr_line' id='line_1_7' title="bbox 358 824 2062 886; baseline 0.001 -14"><span class='ocrx_word' id='word_1_57' title='bbox 358 832 476 872; x_wconf 86' lang='lat' dir='ltr'>nota.</span> <span class='ocrx_word' id='word_1_58' title='bbox 535 826 682 870; x_wconf 89' lang='lat' dir='ltr'>Mutat</span> <span class='ocrx_word' id='word_1_59' title='bbox 723 829 868 868; x_wconf 90' lang='lat' dir='ltr'>autem</span> <span class='ocrx_word' id='word_1_60' title='bbox 909 824 1148 867; x_wconf 89' lang='lat' dir='ltr'>orationem</span> <span class='ocrx_word' id='word_1_61' title='bbox 1189 825 1380 867; x_wconf 86' lang='lat' dir='ltr'>suaviter</span> <span class='ocrx_word' id='word_1_62' title='bbox 1422 830 1468 868; x_wconf 88' lang='lat' dir='ltr'>et</span> <span class='ocrx_word' id='word_1_63' title='bbox 1504 828 1696 871; x_wconf 84' lang='lat' dir='ltr'>ornatius</span> <span class='ocrx_word' id='word_1_64' title='bbox 1725 827 1967 872; x_wconf 81' lang='lat' dir='ltr'>conformat</span> <span class='ocrx_word' id='word_1_65' title='bbox 1995 842 2062 886; x_wconf 83' lang='lat' dir='ltr'>pr.</span> 
     </span>
     <span class='ocr_line' id='line_1_8' title="bbox 357 908 2065 968; baseline 0.003 -15"><span class='ocrx_word' id='word_1_66' title='bbox 357 910 564 968; x_wconf 65' lang='lat' dir='ltr'>simplicia</span> <span class='ocrx_word' id='word_1_67' title='bbox 595 908 693 952; x_wconf 88' lang='lat' dir='ltr'>hinc</span> <span class='ocrx_word' id='word_1_68' title='bbox 724 913 992 953; x_wconf 86' lang='lat' dir='ltr'>textura.—</span> <span class='ocrx_word' id='word_1_69' title='bbox 1021 909 1296 952; x_wconf 80' lang='lat' dir='ltr'>assiduae</span> <span class='ocrx_word' id='word_1_70' title='bbox 1326 911 1554 955; x_wconf 86' lang='lat' dir='ltr'>textrix</span> <span class='ocrx_word' id='word_1_71' title='bbox 1584 915 1826 968; x_wconf 84' lang='lat' dir='ltr'>operata</span> <span class='ocrx_word' id='word_1_72' title='bbox 1855 913 2065 958; x_wconf 84' lang='lat' dir='ltr'>Miner-</span> 
     </span>
     <span class='ocr_line' id='line_1_9' title="bbox 359 992 2063 1054; baseline 0.002 -17"><span class='ocrx_word' id='word_1_73' title='bbox 359 1007 477 1039; x_wconf 84' lang='lat' dir='ltr'>vae.</span> <span class='ocrx_word' id='word_1_74' title='bbox 534 993 618 1037; x_wconf 81' lang='lat' dir='ltr'>Est</span> <span class='ocrx_word' id='word_1_75' title='bbox 646 992 715 1038; x_wconf 87' lang='lat' dir='ltr'>hic</span> <span class='ocrx_word' id='word_1_76' title='bbox 743 993 942 1036; x_wconf 86' lang='lat' dir='ltr'>Minerva</span> <span class='ocrx_word' id='word_1_77' title='bbox 971 994 1258 1048; x_wconf 85' lang='lat' dir='ltr'>metonymice</span> <span class='ocrx_word' id='word_1_78' title='bbox 1288 1006 1354 1050; x_wconf 93' lang='lat' dir='ltr'>pr.</span> <span class='ocrx_word' id='word_1_79' title='bbox 1383 994 1570 1039; x_wconf 85' lang='lat' dir='ltr'>lanificio</span> <span class='ocrx_word' id='word_1_80' title='bbox 1597 995 1728 1050; x_wconf 87' lang='lat' dir='ltr'>dicta,</span> <span class='ocrx_word' id='word_1_81' title='bbox 1756 1001 1806 1040; x_wconf 90' lang='lat' dir='ltr'>ut</span> <span class='ocrx_word' id='word_1_82' title='bbox 1828 1011 1898 1054; x_wconf 88' lang='lat' dir='ltr'>ap.</span> <span class='ocrx_word' id='word_1_83' title='bbox 1925 998 2063 1042; x_wconf 61' lang='lat' dir='ltr'>vute.</span> 
     </span>
     <span class='ocr_line' id='line_1_10' title="bbox 360 1075 2064 1138; baseline 0.001 -19"><span class='ocrx_word' id='word_1_84' title='bbox 360 1081 468 1123; x_wconf 84' lang='lat' dir='ltr'>Aen.</span> <span class='ocrx_word' id='word_1_85' title='bbox 503 1077 626 1132; x_wconf 85' lang='lat' dir='ltr'>vm,</span> <span class='ocrx_word' id='word_1_86' title='bbox 655 1079 770 1120; x_wconf 85' lang='lat'><strong>409:</strong></span> <span class='ocrx_word' id='word_1_87' title='bbox 808 1075 989 1134; x_wconf 83' lang='lat' dir='ltr'>femina</span> <span class='ocrx_word' id='word_1_88' title='bbox 1003 1102 1015 1123; x_wconf 87' lang='lat'>‚</span> <span class='ocrx_word' id='word_1_89' title='bbox 1061 1076 1136 1118; x_wconf 84' lang='lat' dir='ltr'>cui</span> <span class='ocrx_word' id='word_1_90' title='bbox 1176 1076 1369 1119; x_wconf 78' lang='lat' dir='ltr'>tolerare</span> <span class='ocrx_word' id='word_1_91' title='bbox 1410 1078 1504 1121; x_wconf 86' lang='lat' dir='ltr'>colo</span> <span class='ocrx_word' id='word_1_92' title='bbox 1543 1077 1686 1122; x_wconf 78' lang='lat' dir='ltr'>vitam</span> <span class='ocrx_word' id='word_1_93' title='bbox 1726 1078 1940 1138; x_wconf 79' lang='lat' dir='ltr'>tenuique</span> <span class='ocrx_word' id='word_1_94' title='bbox 1966 1078 2064 1122; x_wconf 84' lang='lat' dir='ltr'>Mi-</span> 
     </span>
     <span class='ocr_line' id='line_1_11' title="bbox 358 1159 2068 1221; baseline 0.001 -17"><span class='ocrx_word' id='word_1_95' title='bbox 358 1175 498 1206; x_wconf 74' lang='lat' dir='ltr'>nerva</span> <span class='ocrx_word' id='word_1_96' title='bbox 539 1159 816 1217; x_wconf 82' lang='lat' dir='ltr'>impositum,</span> <span class='ocrx_word' id='word_1_97' title='bbox 865 1164 910 1203; x_wconf 87' lang='lat' dir='ltr'>et</span> <span class='ocrx_word' id='word_1_98' title='bbox 940 1161 1076 1204; x_wconf 76' lang='lat' dir='ltr'>Ovn).</span> <span class='ocrx_word' id='word_1_99' title='bbox 1112 1161 1222 1204; x_wconf 82' lang='lat' dir='ltr'>Met.</span> <span class='ocrx_word' id='word_1_100' title='bbox 1252 1161 1331 1216; x_wconf 75' lang='lat' dir='ltr'>lv,</span> <span class='ocrx_word' id='word_1_101' title='bbox 1360 1165 1448 1205; x_wconf 71' lang='lat'>322</span> <span class='ocrx_word' id='word_1_102' title='bbox 1491 1161 1615 1204; x_wconf 80' lang='lat' dir='ltr'>solae</span> <span class='ocrx_word' id='word_1_103' title='bbox 1644 1162 1901 1221; x_wconf 71' lang='lat' dir='ltr'>Minyeides</span> <span class='ocrx_word' id='word_1_104' title='bbox 1939 1163 2068 1206; x_wconf 75' lang='lat' dir='ltr'>intus</span> 
     </span>
     <span class='ocr_line' id='line_1_12' title="bbox 356 1243 2066 1305; baseline 0.002 -17"><span class='ocrx_word' id='word_1_105' title='bbox 356 1245 678 1305; x_wconf 77' lang='lat' dir='ltr'>Intempestiva</span> <span class='ocrx_word' id='word_1_106' title='bbox 707 1243 945 1288; x_wconf 77' lang='lat' dir='ltr'>turbantes</span> <span class='ocrx_word' id='word_1_107' title='bbox 973 1244 1111 1304; x_wconf 81' lang='lat' dir='ltr'>festa</span> <span class='ocrx_word' id='word_1_108' title='bbox 1148 1243 1386 1293; x_wconf 71' lang='lat' dir='ltr'>Minerva,</span> <span class='ocrx_word' id='word_1_109' title='bbox 1432 1245 1539 1289; x_wconf 83' lang='lat' dir='ltr'>Aut</span> <span class='ocrx_word' id='word_1_110' title='bbox 1581 1245 1755 1290; x_wconf 82' lang='lat' dir='ltr'>ducunt</span> <span class='ocrx_word' id='word_1_111' title='bbox 1797 1246 1934 1291; x_wconf 79' lang='lat' dir='ltr'>lanas</span> <span class='ocrx_word' id='word_1_112' title='bbox 1979 1255 2066 1292; x_wconf 81' lang='lat' dir='ltr'>aut</span> 
     </span>
     <span class='ocr_line' id='line_1_13' title="bbox 358 1328 2067 1388; baseline -0.001 -14"><span class='ocrx_word' id='word_1_113' title='bbox 358 1330 558 1374; x_wconf 71' lang='lat' dir='ltr'>stamina</span> <span class='ocrx_word' id='word_1_114' title='bbox 581 1328 743 1388; x_wconf 81' lang='lat' dir='ltr'>pollice</span> <span class='ocrx_word' id='word_1_115' title='bbox 771 1337 970 1374; x_wconf 73' lang='lat' dir='ltr'>versant.</span> <span class='ocrx_word' id='word_1_116' title='bbox 1045 1331 1186 1374; x_wconf 86' lang='lat' dir='ltr'>Porro</span> <span class='ocrx_word' id='word_1_117' title='bbox 1217 1329 1430 1372; x_wconf 76' lang='lat' dir='ltr'>assiduae</span> <span class='ocrx_word' id='word_1_118' title='bbox 1459 1334 1510 1373; x_wconf 88' lang='grc' dir='ltr'>ιιι</span> <span class='ocrx_word' id='word_1_119' title='bbox 1537 1343 1668 1387; x_wconf 81' lang='lat' dir='ltr'>supra</span> <span class='ocrx_word' id='word_1_120' title='bbox 1695 1343 1737 1374; x_wconf 80' lang='lat' dir='ltr'>v.</span> <span class='ocrx_word' id='word_1_121' title='bbox 1770 1333 1846 1375; x_wconf 87' lang='lat'>51.</span> <span class='ocrx_word' id='word_1_122' title='bbox 1878 1329 2067 1373; x_wconf 81' lang='lat' dir='ltr'>assiduo</span> 
     </span>
     <span class='ocr_line' id='line_1_14' title="bbox 356 1410 2063 1470; baseline 0.001 -14"><span class='ocrx_word' id='word_1_123' title='bbox 356 1421 531 1457; x_wconf 81' lang='lat' dir='ltr'>aratro.</span> <span class='ocrx_word' id='word_1_124' title='bbox 590 1414 737 1468; x_wconf 86' lang='lat' dir='ltr'>Atque</span> <span class='ocrx_word' id='word_1_125' title='bbox 777 1410 955 1470; x_wconf 83' lang='lat' dir='ltr'>operari</span> <span class='ocrx_word' id='word_1_126' title='bbox 991 1416 1060 1455; x_wconf 89' lang='lat' dir='ltr'>est</span> <span class='ocrx_word' id='word_1_127' title='bbox 1095 1412 1374 1466; x_wconf 83' lang='lat' dir='ltr'>incumbere,</span> <span class='ocrx_word' id='word_1_128' title='bbox 1413 1416 1465 1456; x_wconf 89' lang='lat' dir='ltr'>ut</span> <span class='ocrx_word' id='word_1_129' title='bbox 1507 1417 1704 1467; x_wconf 85' lang='lat' dir='ltr'>constat,</span> <span class='ocrx_word' id='word_1_130' title='bbox 1747 1412 1882 1456; x_wconf 87' lang='lat' dir='ltr'>veluti</span> <span class='ocrx_word' id='word_1_131' title='bbox 1921 1412 2063 1457; x_wconf 80' lang='lat' dir='ltr'>Ovm.</span> 
     </span>
     <span class='ocr_line' id='line_1_15' title="bbox 358 1493 2064 1554; baseline -0.001 -13"><span class='ocrx_word' id='word_1_132' title='bbox 358 1498 528 1541; x_wconf 84' lang='lat' dir='ltr'>Amorr.</span> <span class='ocrx_word' id='word_1_133' title='bbox 557 1495 617 1549; x_wconf 91' lang='grc' dir='ltr'>ΙΙ,</span> <span class='ocrx_word' id='word_1_134' title='bbox 645 1498 690 1549; x_wconf 76' lang='grc'>7,</span> <span class='ocrx_word' id='word_1_135' title='bbox 719 1497 803 1538; x_wconf 80' lang='lat'>23:</span> <span class='ocrx_word' id='word_1_136' title='bbox 845 1493 979 1537; x_wconf 76' lang='lat' dir='ltr'>Adde</span> <span class='ocrx_word' id='word_1_137' title='bbox 1008 1493 1131 1553; x_wconf 81' lang='lat' dir='ltr'>quod</span> <span class='ocrx_word' id='word_1_138' title='bbox 1169 1493 1383 1537; x_wconf 76' lang='lat' dir='ltr'>ornandis</span> <span class='ocrx_word' id='word_1_139' title='bbox 1421 1493 1508 1537; x_wconf 83' lang='lat' dir='ltr'>illa</span> <span class='ocrx_word' id='word_1_140' title='bbox 1543 1503 1615 1538; x_wconf 83' lang='lat' dir='ltr'>est</span> <span class='ocrx_word' id='word_1_141' title='bbox 1650 1501 1839 1553; x_wconf 77' lang='lat' dir='ltr'>operata</span> <span class='ocrx_word' id='word_1_142' title='bbox 1867 1494 2064 1554; x_wconf 74' lang='lat' dir='ltr'>capillis,</span> 
     </span>
     <span class='ocr_line' id='line_1_16' title="bbox 356 1578 2066 1637; baseline -0.001 -12"><span class='ocrx_word' id='word_1_143' title='bbox 356 1586 403 1625; x_wconf 87' lang='lat' dir='ltr'>et</span> <span class='ocrx_word' id='word_1_144' title='bbox 430 1581 541 1626; x_wconf 86' lang='lat' dir='ltr'>Met.</span> <span class='ocrx_word' id='word_1_145' title='bbox 569 1579 669 1634; x_wconf 91' lang='lat' dir='ltr'>VII,</span> <span class='ocrx_word' id='word_1_146' title='bbox 699 1582 813 1623; x_wconf 77' lang='lat'>746:</span> <span class='ocrx_word' id='word_1_147' title='bbox 861 1578 1030 1622; x_wconf 82' lang='lat' dir='ltr'>studiis</span> <span class='ocrx_word' id='word_1_148' title='bbox 1057 1587 1244 1637; x_wconf 82' lang='lat' dir='ltr'>operata</span> <span class='ocrx_word' id='word_1_149' title='bbox 1274 1579 1474 1622; x_wconf 82' lang='lat' dir='ltr'>Dianae.</span> <span class='ocrx_word' id='word_1_150' title='bbox 1531 1579 1624 1625; x_wconf 79' lang='lat' dir='ltr'>Sed</span> <span class='ocrx_word' id='word_1_151' title='bbox 1653 1581 1788 1636; x_wconf 82' lang='lat' dir='ltr'>vulgo</span> <span class='ocrx_word' id='word_1_152' title='bbox 1817 1579 1990 1623; x_wconf 76' lang='lat' dir='ltr'>textrix</span> <span class='ocrx_word' id='word_1_153' title='bbox 2020 1581 2066 1624; x_wconf 86' lang='grc' dir='ltr'>ίιι</span> 
     </span>
     <span class='ocr_line' id='line_1_17' title="bbox 357 1661 2066 1720; baseline 0 -15"><span class='ocrx_word' id='word_1_154' title='bbox 357 1663 499 1706; x_wconf 79' lang='lat' dir='ltr'>textis</span> <span class='ocrx_word' id='word_1_155' title='bbox 532 1666 702 1707; x_wconf 87' lang='lat' dir='ltr'>mutant</span> <span class='ocrx_word' id='word_1_156' title='bbox 735 1661 792 1705; x_wconf 90' lang='lat' dir='ltr'>de</span> <span class='ocrx_word' id='word_1_157' title='bbox 832 1662 1082 1705; x_wconf 88' lang='lat' dir='ltr'>coniectura</span> <span class='ocrx_word' id='word_1_158' title='bbox 1110 1662 1372 1717; x_wconf 61' lang='lat' dir='ltr'>Fluxa-mun</span> <span class='ocrx_word' id='word_1_159' title='bbox 1412 1663 1474 1706; x_wconf 89' lang='lat' dir='ltr'>ita</span> <span class='ocrx_word' id='word_1_160' title='bbox 1514 1663 1680 1720; x_wconf 80' lang='lat' dir='ltr'>placuit</span> <span class='ocrx_word' id='word_1_161' title='bbox 1718 1663 2066 1715; x_wconf 73' lang='lat' dir='ltr'>Bnoucxmmo,</span> 
     </span>
    </p>
   </div>
   <div class='ocr_carea' id='block_1_3' title="bbox 355 1745 2145 1800">
    <p class='ocr_par' dir='ltr' id='par_1_3' title="bbox 355 1745 2145 1800">
     <span class='ocr_line' id='line_1_18' title="bbox 355 1745 2145 1800; baseline -0.003 -8"><span class='ocrx_word' id='word_1_162' title='bbox 355 1748 567 1800; x_wconf 70' lang='lat' dir='ltr'>Vunmo,</span> <span class='ocrx_word' id='word_1_163' title='bbox 598 1747 789 1799; x_wconf 87' lang='lat' dir='ltr'>Voss1o,</span> <span class='ocrx_word' id='word_1_164' title='bbox 820 1745 1224 1799; x_wconf 55' lang='lat' dir='ltr'>Wunnnamcmm</span> <span class='ocrx_word' id='word_1_165' title='bbox 1247 1746 1455 1800; x_wconf 71' lang='lat' dir='ltr'>BAcmo,</span> <span class='ocrx_word' id='word_1_166' title='bbox 1485 1745 1760 1800; x_wconf 80' lang='lat' dir='ltr'>Huscmuo,</span> <span class='ocrx_word' id='word_1_167' title='bbox 1789 1746 2066 1798; x_wconf 71' lang='lat' dir='ltr'>Gonnum,</span> <span class='ocrx_word' id='word_1_168' title='bbox 2141 1764 2145 1765; x_wconf 23' lang='grc' dir='ltr'><em>ν</em></span> 
     </span>
    </p>
   </div>
   <div class='ocr_carea' id='block_1_4' title="bbox 354 1826 2067 2470">
    <p class='ocr_par' dir='ltr' id='par_1_4' title="bbox 354 1826 2067 2470">
     <span class='ocr_line' id='line_1_19' title="bbox 355 1826 2067 1885; baseline -0.002 -12"><span class='ocrx_word' id='word_1_169' title='bbox 355 1831 428 1885; x_wconf 88' lang='lat' dir='ltr'>qui</span> <span class='ocrx_word' id='word_1_170' title='bbox 474 1827 707 1872; x_wconf 78' lang='lat' dir='ltr'>assiduam</span> <span class='ocrx_word' id='word_1_171' title='bbox 749 1827 898 1871; x_wconf 89' lang='lat' dir='ltr'>dicunt</span> <span class='ocrx_word' id='word_1_172' title='bbox 935 1839 1164 1884; x_wconf 79' lang='lat' dir='ltr'>operosam</span> <span class='ocrx_word' id='word_1_173' title='bbox 1205 1840 1330 1882; x_wconf 90' lang='lat' dir='ltr'>esse,</span> <span class='ocrx_word' id='word_1_174' title='bbox 1378 1833 1426 1871; x_wconf 88' lang='lat' dir='ltr'>ut</span> <span class='ocrx_word' id='word_1_175' title='bbox 1455 1827 1639 1872; x_wconf 59' lang='lat' dir='ltr'>Henna</span> <span class='ocrx_word' id='word_1_176' title='bbox 1670 1827 1752 1882; x_wconf 88' lang='grc' dir='ltr'><strong>ΙΙΙ,</strong></span> <span class='ocrx_word' id='word_1_177' title='bbox 1785 1830 1859 1881; x_wconf 76' lang='lat'>12,</span> <span class='ocrx_word' id='word_1_178' title='bbox 1889 1829 1935 1870; x_wconf 84' lang='lat'>5.</span> <span class='ocrx_word' id='word_1_179' title='bbox 1974 1826 2067 1871; x_wconf 83' lang='lat' dir='ltr'>sive</span> 
     </span>
     <span class='ocr_line' id='line_1_20' title="bbox 355 1909 2061 1972; baseline -0.003 -16"><span class='ocrx_word' id='word_1_180' title='bbox 355 1909 576 1972; x_wconf 76' lang='grc' dir='ltr'>Ἐργάνην,</span> <span class='ocrx_word' id='word_1_181' title='bbox 601 1911 656 1955; x_wconf 91' lang='lat' dir='ltr'>de</span> <span class='ocrx_word' id='word_1_182' title='bbox 680 1925 766 1968; x_wconf 89' lang='lat' dir='ltr'>quo</span> <span class='ocrx_word' id='word_1_183' title='bbox 782 1913 953 1956; x_wconf 90' lang='lat' dir='ltr'>nomine</span> <span class='ocrx_word' id='word_1_184' title='bbox 974 1912 1125 1956; x_wconf 83' lang='lat' dir='ltr'>confer</span> <span class='ocrx_word' id='word_1_185' title='bbox 1147 1912 1330 1956; x_wconf 73' lang='lat' dir='ltr'>Bnnen.</span> <span class='ocrx_word' id='word_1_186' title='bbox 1347 1912 1403 1955; x_wconf 90' lang='lat' dir='ltr'>ad</span> <span class='ocrx_word' id='word_1_187' title='bbox 1420 1910 1610 1969; x_wconf 87' lang='lat' dir='ltr'>Alciphr.</span> <span class='ocrx_word' id='word_1_188' title='bbox 1628 1911 1709 1965; x_wconf 88' lang='lat'>111,</span> <span class='ocrx_word' id='word_1_189' title='bbox 1724 1913 1799 1954; x_wconf 83' lang='lat'>40.</span> <span class='ocrx_word' id='word_1_190' title='bbox 1830 1910 2061 1953; x_wconf 74' lang='lat' dir='ltr'>Annssscn.</span> 
     </span>
     <span class='ocr_line' id='line_1_21' title="bbox 356 1993 2066 2050; baseline -0.002 -11"><span class='ocrx_word' id='word_1_191' title='bbox 356 1996 413 2039; x_wconf 89' lang='lat' dir='ltr'>ad</span> <span class='ocrx_word' id='word_1_192' title='bbox 443 1996 700 2040; x_wconf 85' lang='lat' dir='ltr'>Aristaenet.</span> <span class='ocrx_word' id='word_1_193' title='bbox 733 2009 776 2050; x_wconf 90' lang='lat' dir='ltr'>p.</span> <span class='ocrx_word' id='word_1_194' title='bbox 811 1997 912 2037; x_wconf 83' lang='lat'>128.</span> <span class='ocrx_word' id='word_1_195' title='bbox 974 1995 1168 2038; x_wconf 77' lang='lat' dir='ltr'>Vossuss</span> <span class='ocrx_word' id='word_1_196' title='bbox 1211 2001 1357 2039; x_wconf 91' lang='lat' dir='ltr'>autem</span> <span class='ocrx_word' id='word_1_197' title='bbox 1406 2000 1529 2038; x_wconf 88' lang='lat' dir='ltr'>texta</span> <span class='ocrx_word' id='word_1_198' title='bbox 1568 1995 1793 2038; x_wconf 86' lang='lat' dir='ltr'>Minervae</span> <span class='ocrx_word' id='word_1_199' title='bbox 1816 1993 1927 2036; x_wconf 51' lang='lat' dir='ltr'>¹vult</span> <span class='ocrx_word' id='word_1_200' title='bbox 1968 2006 2066 2036; x_wconf 80' lang='lat' dir='ltr'>esse</span> 
     </span>
     <span class='ocr_line' id='line_1_22' title="bbox 360 2075 2065 2134; baseline -0.001 -11"><span class='ocrx_word' id='word_1_201' title='bbox 360 2079 547 2133; x_wconf 84' lang='lat' dir='ltr'>subtilia,</span> <span class='ocrx_word' id='word_1_202' title='bbox 576 2079 811 2122; x_wconf 88' lang='lat' dir='ltr'>artificiosa</span> <span class='ocrx_word' id='word_1_203' title='bbox 842 2077 1043 2121; x_wconf 83' lang='lat' dir='ltr'>maxime.</span> <span class='ocrx_word' id='word_1_204' title='bbox 1104 2079 1164 2121; x_wconf 83' lang='lat' dir='ltr'>At</span> <span class='ocrx_word' id='word_1_205' title='bbox 1200 2079 1314 2121; x_wconf 91' lang='lat' dir='ltr'>enim</span> <span class='ocrx_word' id='word_1_206' title='bbox 1342 2090 1428 2121; x_wconf 87' lang='lat' dir='ltr'>non</span> <span class='ocrx_word' id='word_1_207' title='bbox 1460 2090 1570 2134; x_wconf 89' lang='lat' dir='ltr'>opus</span> <span class='ocrx_word' id='word_1_208' title='bbox 1600 2075 1666 2120; x_wconf 83' lang='lat' dir='ltr'>his</span> <span class='ocrx_word' id='word_1_209' title='bbox 1695 2075 1908 2132; x_wconf 86' lang='lat' dir='ltr'>omnibus,</span> <span class='ocrx_word' id='word_1_210' title='bbox 1934 2076 2065 2122; x_wconf 83' lang='lat' dir='ltr'>immo</span> 
     </span>
     <span class='ocr_line' id='line_1_23' title="bbox 355 2160 2066 2211; baseline -0.004 -1"><span class='ocrx_word' id='word_1_211' title='bbox 355 2167 510 2211; x_wconf 88' lang='lat' dir='ltr'>mirum</span> <span class='ocrx_word' id='word_1_212' title='bbox 540 2169 609 2208; x_wconf 88' lang='lat' dir='ltr'>est</span> <span class='ocrx_word' id='word_1_213' title='bbox 637 2176 722 2207; x_wconf 89' lang='lat' dir='ltr'>non</span> <span class='ocrx_word' id='word_1_214' title='bbox 752 2163 944 2207; x_wconf 82' lang='lat' dir='ltr'>sensisse</span> <span class='ocrx_word' id='word_1_215' title='bbox 982 2164 1100 2206; x_wconf 87' lang='lat' dir='ltr'>viros</span> <span class='ocrx_word' id='word_1_216' title='bbox 1130 2162 1284 2206; x_wconf 88' lang='lat' dir='ltr'>doctos</span> <span class='ocrx_word' id='word_1_217' title='bbox 1320 2164 1584 2206; x_wconf 90' lang='lat' dir='ltr'>locutionem</span> <span class='ocrx_word' id='word_1_218' title='bbox 1614 2167 1752 2206; x_wconf 79' lang='lat' dir='ltr'>totam</span> <span class='ocrx_word' id='word_1_219' title='bbox 1782 2160 1923 2204; x_wconf 81' lang='lat' dir='ltr'>textis</span> <span class='ocrx_word' id='word_1_220' title='bbox 1949 2161 2066 2204; x_wconf 85' lang='lat' dir='ltr'>assi-</span> 
     </span>
     <span class='ocr_line' id='line_1_24' title="bbox 358 2245 2064 2303; baseline 0 -14"><span class='ocrx_word' id='word_1_221' title='bbox 358 2248 475 2290; x_wconf 77' lang='lat' dir='ltr'>duae</span> <span class='ocrx_word' id='word_1_222' title='bbox 506 2247 740 2289; x_wconf 78' lang='lat' dir='ltr'>Minervae</span> <span class='ocrx_word' id='word_1_223' title='bbox 769 2245 946 2302; x_wconf 83' lang='lat' dir='ltr'>operari</span> <span class='ocrx_word' id='word_1_224' title='bbox 974 2258 1072 2290; x_wconf 82' lang='lat' dir='ltr'>esse</span> <span class='ocrx_word' id='word_1_225' title='bbox 1100 2247 1232 2301; x_wconf 88' lang='lat' dir='ltr'>longe</span> <span class='ocrx_word' id='word_1_226' title='bbox 1262 2248 1549 2300; x_wconf 87' lang='lat' dir='ltr'>ornatiorem,</span> <span class='ocrx_word' id='word_1_227' title='bbox 1590 2258 1719 2302; x_wconf 85' lang='lat' dir='ltr'>quam</span> <span class='ocrx_word' id='word_1_228' title='bbox 1748 2259 1829 2303; x_wconf 89' lang='lat' dir='ltr'>pro</span> <span class='ocrx_word' id='word_1_229' title='bbox 1857 2246 2064 2303; x_wconf 82' lang='lat' dir='ltr'>simplici-</span> 
     </span>
     <span class='ocr_line' id='line_1_25' title="bbox 354 2328 2067 2384; baseline -0.001 -11"><span class='ocrx_word' id='word_1_230' title='bbox 354 2334 445 2373; x_wconf 83' lang='lat' dir='ltr'>tate</span> <span class='ocrx_word' id='word_1_231' title='bbox 470 2329 743 2372; x_wconf 90' lang='lat' dir='ltr'>Tibullianae</span> <span class='ocrx_word' id='word_1_232' title='bbox 775 2328 1046 2371; x_wconf 78' lang='lat' dir='ltr'>elocutionis,</span> <span class='ocrx_word' id='word_1_233' title='bbox 1109 2329 1258 2375; x_wconf 82' lang='lat' dir='ltr'>Quare</span> <span class='ocrx_word' id='word_1_234' title='bbox 1286 2330 1414 2373; x_wconf 89' lang='lat' dir='ltr'>unice</span> <span class='ocrx_word' id='word_1_235' title='bbox 1443 2328 1572 2372; x_wconf 88' lang='lat' dir='ltr'>laudo</span> <span class='ocrx_word' id='word_1_236' title='bbox 1602 2328 1720 2384; x_wconf 86' lang='lat' dir='ltr'>quod</span> <span class='ocrx_word' id='word_1_237' title='bbox 1743 2329 2067 2374; x_wconf 60' lang='lat' dir='ltr'>Lscnnmnua</span> 
     </span>
     <span class='ocr_line' id='line_1_26' title="bbox 355 2413 2067 2470; baseline -0.002 -12"><span class='ocrx_word' id='word_1_238' title='bbox 355 2414 589 2459; x_wconf 85' lang='lat' dir='ltr'>revocavit.</span> <span class='ocrx_word' id='word_1_239' title='bbox 650 2413 735 2456; x_wconf 89' lang='lat' dir='ltr'>Est</span> <span class='ocrx_word' id='word_1_240' title='bbox 776 2418 922 2457; x_wconf 85' lang='lat' dir='ltr'>autem</span> <span class='ocrx_word' id='word_1_241' title='bbox 962 2418 1168 2457; x_wconf 87' lang='lat' dir='ltr'>accentus</span> <span class='ocrx_word' id='word_1_242' title='bbox 1207 2414 1436 2470; x_wconf 81' lang='lat' dir='ltr'>primarius</span> <span class='ocrx_word' id='word_1_243' title='bbox 1479 2414 1722 2457; x_wconf 83' lang='lat' dir='ltr'>sententiae</span> <span class='ocrx_word' id='word_1_244' title='bbox 1752 2415 1797 2456; x_wconf 83' lang='lat' dir='ltr'>in</span> <span class='ocrx_word' id='word_1_245' title='bbox 1827 2419 2067 2457; x_wconf 79' lang='lat' dir='ltr'>vocetex-</span> 
     </span>
    </p>
   </div>
   <div class='ocr_carea' id='block_1_5' title="bbox 360 2495 2139 2558">
    <p class='ocr_par' dir='ltr' id='par_1_5' title="bbox 360 2495 2139 2558">
     <span class='ocr_line' id='line_1_27' title="bbox 360 2495 2139 2558; baseline 0.001 -20"><span class='ocrx_word' id='word_1_246' title='bbox 360 2496 479 2543; x_wconf 81' lang='lat' dir='ltr'>trix,</span> <span class='ocrx_word' id='word_1_247' title='bbox 522 2509 620 2540; x_wconf 87' lang='lat' dir='ltr'>cum</span> <span class='ocrx_word' id='word_1_248' title='bbox 654 2496 878 2540; x_wconf 85' lang='lat' dir='ltr'>Minervae</span> <span class='ocrx_word' id='word_1_249' title='bbox 907 2496 1038 2540; x_wconf 90' lang='lat' dir='ltr'>etiam</span> <span class='ocrx_word' id='word_1_250' title='bbox 1069 2509 1149 2541; x_wconf 90' lang='lat' dir='ltr'>eae</span> <span class='ocrx_word' id='word_1_251' title='bbox 1180 2501 1441 2554; x_wconf 86' lang='lat' dir='ltr'>operentur,</span> <span class='ocrx_word' id='word_1_252' title='bbox 1471 2510 1583 2552; x_wconf 87' lang='lat' dir='ltr'>quae</span> <span class='ocrx_word' id='word_1_253' title='bbox 1614 2497 1715 2540; x_wconf 88' lang='lat' dir='ltr'>colo</span> <span class='ocrx_word' id='word_1_254' title='bbox 1740 2497 1815 2540; x_wconf 90' lang='lat' dir='ltr'>fila</span> <span class='ocrx_word' id='word_1_255' title='bbox 1848 2495 2068 2540; x_wconf 81' lang='lat' dir='ltr'>deducunt</span> <span class='ocrx_word' id='word_1_256' title='bbox 2138 2555 2139 2558; x_wconf 7' lang='grc' dir='ltr'><strong>Ἰ</strong></span> 
     </span>
    </p>
   </div>
   <div class='ocr_carea' id='block_1_6' title="bbox 357 2577 2067 2966">
    <p class='ocr_par' dir='ltr' id='par_1_6' title="bbox 357 2577 2067 2966">
     <span class='ocr_line' id='line_1_28' title="bbox 359 2577 2064 2635; baseline 0 -14"><span class='ocrx_word' id='word_1_257' title='bbox 359 2583 406 2621; x_wconf 89' lang='lat' dir='ltr'>et</span> <span class='ocrx_word' id='word_1_258' title='bbox 435 2579 616 2622; x_wconf 88' lang='lat' dir='ltr'>stamina</span> <span class='ocrx_word' id='word_1_259' title='bbox 648 2580 806 2634; x_wconf 86' lang='lat' dir='ltr'>pollice</span> <span class='ocrx_word' id='word_1_260' title='bbox 836 2584 1023 2623; x_wconf 82' lang='lat' dir='ltr'>versant.</span> <span class='ocrx_word' id='word_1_261' title='bbox 1083 2580 1228 2635; x_wconf 83' lang='lat' dir='ltr'>Atque</span> <span class='ocrx_word' id='word_1_262' title='bbox 1259 2577 1366 2623; x_wconf 88' lang='lat' dir='ltr'>haec</span> <span class='ocrx_word' id='word_1_263' title='bbox 1395 2578 1630 2634; x_wconf 83' lang='lat' dir='ltr'>hactenus;</span> <span class='ocrx_word' id='word_1_264' title='bbox 1661 2579 1716 2623; x_wconf 91' lang='lat' dir='ltr'>ad</span> <span class='ocrx_word' id='word_1_265' title='bbox 1739 2585 1887 2623; x_wconf 85' lang='lat' dir='ltr'>cetera</span> <span class='ocrx_word' id='word_1_266' title='bbox 1911 2591 2064 2635; x_wconf 84' lang='lat' dir='ltr'>pergo.</span> 
     </span>
     <span class='ocr_line' id='line_1_29' title="bbox 361 2660 2067 2718; baseline 0.001 -15"><span class='ocrx_word' id='word_1_267' title='bbox 361 2662 472 2704; x_wconf 88' lang='lat' dir='ltr'>Cum</span> <span class='ocrx_word' id='word_1_268' title='bbox 513 2661 768 2718; x_wconf 89' lang='lat' dir='ltr'>simpliciter</span> <span class='ocrx_word' id='word_1_269' title='bbox 812 2661 958 2705; x_wconf 89' lang='lat' dir='ltr'>dicere</span> <span class='ocrx_word' id='word_1_270' title='bbox 1000 2666 1174 2718; x_wconf 84' lang='lat' dir='ltr'>posset:</span> <span class='ocrx_word' id='word_1_271' title='bbox 1222 2660 1320 2705; x_wconf 86' lang='lat' dir='ltr'>hine</span> <span class='ocrx_word' id='word_1_272' title='bbox 1366 2662 1531 2705; x_wconf 79' lang='lat' dir='ltr'>textrix</span> <span class='ocrx_word' id='word_1_273' title='bbox 1575 2667 1783 2718; x_wconf 84' lang='lat' dir='ltr'>operatur</span> <span class='ocrx_word' id='word_1_274' title='bbox 1825 2662 2067 2714; x_wconf 86' lang='lat' dir='ltr'>Minervae,</span> 
     </span>
     <span class='ocr_line' id='line_1_30' title="bbox 360 2743 2066 2800; baseline 0.001 -14"><span class='ocrx_word' id='word_1_275' title='bbox 360 2748 587 2799; x_wconf 88' lang='lat' dir='ltr'>praeterea</span> <span class='ocrx_word' id='word_1_276' title='bbox 615 2744 845 2787; x_wconf 87' lang='lat' dir='ltr'>admiscuit</span> <span class='ocrx_word' id='word_1_277' title='bbox 873 2745 1063 2787; x_wconf 87' lang='lat' dir='ltr'>suaviter</span> <span class='ocrx_word' id='word_1_278' title='bbox 1093 2743 1224 2787; x_wconf 86' lang='lat' dir='ltr'>etiam</span> <span class='ocrx_word' id='word_1_279' title='bbox 1259 2751 1424 2786; x_wconf 83' lang='lat' dir='ltr'>cantus</span> <span class='ocrx_word' id='word_1_280' title='bbox 1453 2745 1742 2799; x_wconf 87' lang='lat' dir='ltr'>mentionem,</span> <span class='ocrx_word' id='word_1_281' title='bbox 1788 2757 1876 2800; x_wconf 91' lang='lat' dir='ltr'>quo</span> <span class='ocrx_word' id='word_1_282' title='bbox 1906 2757 1956 2788; x_wconf 89' lang='lat' dir='ltr'>se</span> <span class='ocrx_word' id='word_1_283' title='bbox 1983 2744 2066 2788; x_wconf 89' lang='lat' dir='ltr'>ob-</span> 
     </span>
     <span class='ocr_line' id='line_1_31' title="bbox 358 2826 2065 2882; baseline 0.002 -14"><span class='ocrx_word' id='word_1_284' title='bbox 358 2826 578 2871; x_wconf 88' lang='lat' dir='ltr'>lectabant</span> <span class='ocrx_word' id='word_1_285' title='bbox 607 2827 793 2871; x_wconf 85' lang='lat' dir='ltr'>feminae</span> <span class='ocrx_word' id='word_1_286' title='bbox 837 2828 1032 2871; x_wconf 86' lang='lat' dir='ltr'>lanificae</span> <span class='ocrx_word' id='word_1_287' title='bbox 1064 2829 1263 2871; x_wconf 85' lang='lat' dir='ltr'>Graecae</span> <span class='ocrx_word' id='word_1_288' title='bbox 1304 2833 1349 2871; x_wconf 90' lang='lat' dir='ltr'>et</span> <span class='ocrx_word' id='word_1_289' title='bbox 1389 2829 1573 2872; x_wconf 87' lang='lat' dir='ltr'>Latinae</span> <span class='ocrx_word' id='word_1_290' title='bbox 1612 2833 1664 2872; x_wconf 90' lang='lat' dir='ltr'>ut</span> <span class='ocrx_word' id='word_1_291' title='bbox 1704 2827 1965 2882; x_wconf 84' lang='lat' dir='ltr'>hodiernae,</span> <span class='ocrx_word' id='word_1_292' title='bbox 2008 2827 2065 2872; x_wconf 82' lang='lat' dir='ltr'>cf.</span> 
     </span>
     <span class='ocr_line' id='line_1_32' title="bbox 357 2909 2066 2966; baseline 0.002 -14"><span class='ocrx_word' id='word_1_293' title='bbox 357 2909 482 2953; x_wconf 74' lang='lat' dir='ltr'>Hom.</span> <span class='ocrx_word' id='word_1_294' title='bbox 516 2910 677 2964; x_wconf 87' lang='lat' dir='ltr'>Odyss.</span> <span class='ocrx_word' id='word_1_295' title='bbox 703 2910 756 2964; x_wconf 89' lang='lat' dir='ltr'>V,</span> <span class='ocrx_word' id='word_1_296' title='bbox 778 2913 851 2953; x_wconf 82' lang='lat'>61.</span> <span class='ocrx_word' id='word_1_297' title='bbox 882 2909 939 2963; x_wconf 89' lang='grc' dir='ltr'>Χ,</span> <span class='ocrx_word' id='word_1_298' title='bbox 970 2913 1075 2952; x_wconf 85' lang='grc'><strong>221.</strong></span> <span class='ocrx_word' id='word_1_299' title='bbox 1120 2910 1383 2955; x_wconf 73' lang='grc' dir='ltr'><strong>ΤΗΕοοιιΙτ.</strong></span> <span class='ocrx_word' id='word_1_300' title='bbox 1415 2911 1582 2966; x_wconf 90' lang='lat' dir='ltr'><strong>XXIV,</strong></span> <span class='ocrx_word' id='word_1_301' title='bbox 1611 2915 1687 2957; x_wconf 79' lang='lat'>75.</span> <span class='ocrx_word' id='word_1_302' title='bbox 1733 2912 1938 2955; x_wconf 73' lang='lat' dir='ltr'>Lnomn.</span> <span class='ocrx_word' id='word_1_303' title='bbox 1970 2911 2066 2955; x_wconf 78' lang='grc' dir='ltr'>ΤΑ-</span> 
     </span>
    </p>
   </div>
   <div class='ocr_carea' id='block_1_7' title="bbox 357 2990 2134 3218">
    <p class='ocr_par' dir='ltr' id='par_1_7' title="bbox 357 2990 2134 3218">
     <span class='ocr_line' id='line_1_33' title="bbox 357 2990 2132 3049; baseline 0.002 -15"><span class='ocrx_word' id='word_1_304' title='bbox 357 3005 501 3036; x_wconf 70' lang='lat' dir='ltr'>nswr.</span> <span class='ocrx_word' id='word_1_305' title='bbox 532 2990 781 3045; x_wconf 90' lang='lat' dir='ltr'><strong>LXXVIII,</strong></span> <span class='ocrx_word' id='word_1_306' title='bbox 810 2994 851 3034; x_wconf 86' lang='grc'>3.</span> <span class='ocrx_word' id='word_1_307' title='bbox 884 2997 930 3034; x_wconf 92' lang='lat' dir='ltr'>et</span> <span class='ocrx_word' id='word_1_308' title='bbox 960 2993 1100 3037; x_wconf 73' lang='lat' dir='ltr'>Vme.</span> <span class='ocrx_word' id='word_1_309' title='bbox 1131 2994 1299 3049; x_wconf 86' lang='lat' dir='ltr'>Georg.</span> <span class='ocrx_word' id='word_1_310' title='bbox 1331 2994 1366 3048; x_wconf 92' lang='lat' dir='ltr'>I,</span> <span class='ocrx_word' id='word_1_311' title='bbox 1396 2997 1502 3037; x_wconf 83' lang='lat'>293.</span> <span class='ocrx_word' id='word_1_312' title='bbox 1531 2994 1607 3037; x_wconf 90' lang='lat' dir='ltr'>ubi</span> <span class='ocrx_word' id='word_1_313' title='bbox 1636 2994 1738 3038; x_wconf 76' lang='lat' dir='ltr'>vIde</span> <span class='ocrx_word' id='word_1_314' title='bbox 1767 2995 1988 3038; x_wconf 77' lang='lat' dir='ltr'>Vossnm.</span> <span class='ocrx_word' id='word_1_315' title='bbox 2008 3017 2065 3027; x_wconf 92' lang='lat'><em>-</em></span> <span class='ocrx_word' id='word_1_316' title='bbox 2129 3006 2132 3011; x_wconf 90' lang='lat'>·</span> 
     </span>
     <span class='ocr_line' id='line_1_34' title="bbox 359 3074 2134 3131; baseline 0.003 -16"><span class='ocrx_word' id='word_1_317' title='bbox 359 3078 414 3116; x_wconf 89' lang='lat' dir='ltr'>et</span> <span class='ocrx_word' id='word_1_318' title='bbox 460 3074 744 3130; x_wconf 77' lang='lat' dir='ltr'>applausu</span> <span class='ocrx_word' id='word_1_319' title='bbox 792 3074 910 3116; x_wconf 89' lang='lat' dir='ltr'>tela</span> <span class='ocrx_word' id='word_1_320' title='bbox 955 3079 1126 3118; x_wconf 86' lang='lat' dir='ltr'>sonat</span> <span class='ocrx_word' id='word_1_321' title='bbox 1171 3077 1386 3131; x_wconf 88' lang='lat' dir='ltr'>latere,</span> <span class='ocrx_word' id='word_1_322' title='bbox 1433 3075 1475 3122; x_wconf 85' lang='lat' dir='ltr'>h.</span> <span class='ocrx_word' id='word_1_323' title='bbox 1507 3089 1545 3121; x_wconf 90' lang='lat' dir='ltr'>e.</span> <span class='ocrx_word' id='word_1_324' title='bbox 1591 3078 1682 3120; x_wconf 87' lang='lat' dir='ltr'>tela</span> <span class='ocrx_word' id='word_1_325' title='bbox 1724 3077 1913 3120; x_wconf 81' lang='lat' dir='ltr'>sonitum</span> <span class='ocrx_word' id='word_1_326' title='bbox 1961 3076 2064 3131; x_wconf 88' lang='lat' dir='ltr'>edit,</span> <span class='ocrx_word' id='word_1_327' title='bbox 2130 3083 2134 3131; x_wconf 80' lang='lat' dir='ltr'><strong>j</strong></span> 
     </span>
     <span class='ocr_line' id='line_1_35' title="bbox 359 3156 2133 3218; baseline 0.003 -19"><span class='ocrx_word' id='word_1_328' title='bbox 359 3156 461 3201; x_wconf 89' lang='lat' dir='ltr'>dum</span> <span class='ocrx_word' id='word_1_329' title='bbox 507 3159 621 3202; x_wconf 87' lang='lat' dir='ltr'>latus</span> <span class='ocrx_word' id='word_1_330' title='bbox 664 3159 758 3202; x_wconf 90' lang='lat' dir='ltr'>eius</span> <span class='ocrx_word' id='word_1_331' title='bbox 803 3160 1240 3217; x_wconf 77' lang='lat' dir='ltr'>pulsatur-pectine,</span> <span class='ocrx_word' id='word_1_332' title='bbox 1289 3166 1339 3204; x_wconf 93' lang='lat' dir='ltr'>ut</span> <span class='ocrx_word' id='word_1_333' title='bbox 1383 3166 1504 3205; x_wconf 89' lang='lat' dir='ltr'>recte</span> <span class='ocrx_word' id='word_1_334' title='bbox 1547 3161 1739 3218; x_wconf 86' lang='lat' dir='ltr'>explicat</span> <span class='ocrx_word' id='word_1_335' title='bbox 1778 3161 2064 3205; x_wconf 76' lang='lat' dir='ltr'>Huscnxms.</span> <span class='ocrx_word' id='word_1_336' title='bbox 2131 3191 2133 3194; x_wconf 91' lang='lat'><em>-</em></span> 
     </span>
    </p>
   </div>
   <div class='ocr_carea' id='block_1_8' title="bbox 358 3238 2064 3467">
    <p class='ocr_par' dir='ltr' id='par_1_8' title="bbox 358 3238 2064 3467">
     <span class='ocr_line' id='line_1_36' title="bbox 358 3238 2064 3300; baseline 0.002 -19"><span class='ocrx_word' id='word_1_337' title='bbox 358 3238 541 3282; x_wconf 83' lang='lat' dir='ltr'>Pectine</span> <span class='ocrx_word' id='word_1_338' title='bbox 572 3241 685 3284; x_wconf 89' lang='lat' dir='ltr'>enim</span> <span class='ocrx_word' id='word_1_339' title='bbox 724 3241 905 3285; x_wconf 84' lang='lat' dir='ltr'>feriente</span> <span class='ocrx_word' id='word_1_340' title='bbox 937 3242 1220 3298; x_wconf 85' lang='lat' dir='ltr'>subtegmen,</span> <span class='ocrx_word' id='word_1_341' title='bbox 1267 3243 1463 3300; x_wconf 87' lang='lat' dir='ltr'>pulsatur</span> <span class='ocrx_word' id='word_1_342' title='bbox 1493 3245 1606 3286; x_wconf 86' lang='lat' dir='ltr'>latus</span> <span class='ocrx_word' id='word_1_343' title='bbox 1635 3245 1767 3287; x_wconf 90' lang='lat' dir='ltr'>telae.</span> <span class='ocrx_word' id='word_1_344' title='bbox 1825 3243 2064 3300; x_wconf 82' lang='lat' dir='ltr'>Applauso</span> 
     </span>
     <span class='ocr_line' id='line_1_37' title="bbox 358 3318 2062 3380; baseline 0.004 -18"><span class='ocrx_word' id='word_1_345' title='bbox 358 3318 399 3363; x_wconf 83' lang='lat' dir='ltr'>h.</span> <span class='ocrx_word' id='word_1_346' title='bbox 434 3333 473 3364; x_wconf 86' lang='lat' dir='ltr'>e.</span> <span class='ocrx_word' id='word_1_347' title='bbox 517 3322 670 3364; x_wconf 84' lang='lat' dir='ltr'>leviter</span> <span class='ocrx_word' id='word_1_348' title='bbox 709 3323 881 3378; x_wconf 86' lang='lat' dir='ltr'>pulsato</span> <span class='ocrx_word' id='word_1_349' title='bbox 913 3329 962 3367; x_wconf 90' lang='lat' dir='ltr'>ut</span> <span class='ocrx_word' id='word_1_350' title='bbox 992 3326 1158 3368; x_wconf 86' lang='lat' dir='ltr'>sonitus</span> <span class='ocrx_word' id='word_1_351' title='bbox 1187 3326 1291 3380; x_wconf 82' lang='lat' dir='ltr'>fiat,</span> <span class='ocrx_word' id='word_1_352' title='bbox 1333 3326 1467 3369; x_wconf 86' lang='lat' dir='ltr'>veluti</span> <span class='ocrx_word' id='word_1_353' title='bbox 1497 3327 1596 3369; x_wconf 68' lang='lat' dir='ltr'>Sn..</span> <span class='ocrx_word' id='word_1_354' title='bbox 1624 3326 1692 3370; x_wconf 70' lang='lat' dir='ltr'>lm.</span> <span class='ocrx_word' id='word_1_355' title='bbox 1721 3325 1843 3380; x_wconf 86' lang='lat' dir='ltr'>xvl,</span> <span class='ocrx_word' id='word_1_356' title='bbox 1873 3329 1978 3370; x_wconf 74' lang='lat'>357.</span> <span class='ocrx_word' id='word_1_357' title='bbox 2008 3325 2062 3368; x_wconf 85' lang='lat' dir='ltr'>dc</span> 
     </span>
     <span class='ocr_line' id='line_1_38' title="bbox 359 3403 2060 3467; baseline 0.001 -21"><span class='ocrx_word' id='word_1_358' title='bbox 359 3416 471 3460; x_wconf 86' lang='lat' dir='ltr'>equo</span> <span class='ocrx_word' id='word_1_359' title='bbox 501 3403 629 3449; x_wconf 81' lang='lat' dir='ltr'>dicit=</span> <span class='ocrx_word' id='word_1_360' title='bbox 660 3404 754 3463; x_wconf 81' lang='lat' dir='ltr'>ipse</span> <span class='ocrx_word' id='word_1_361' title='bbox 771 3420 939 3463; x_wconf 64' lang='lat' dir='ltr'>asper,</span> <span class='ocrx_word' id='word_1_362' title='bbox 968 3422 1047 3450; x_wconf 84' lang='lat' dir='ltr'>nec</span> <span class='ocrx_word' id='word_1_363' title='bbox 1077 3407 1157 3467; x_wconf 84' lang='lat' dir='ltr'>qui</span> <span class='ocrx_word' id='word_1_364' title='bbox 1184 3407 1364 3451; x_wconf 76' lang='lat' dir='ltr'>cervicis</span> <span class='ocrx_word' id='word_1_365' title='bbox 1395 3415 1570 3451; x_wconf 81' lang='lat' dir='ltr'>amaret</span> <span class='ocrx_word' id='word_1_366' title='bbox 1598 3406 1850 3463; x_wconf 78' lang='lat' dir='ltr'>applausae</span> <span class='ocrx_word' id='word_1_367' title='bbox 1877 3405 2060 3451; x_wconf 78' lang='lat' dir='ltr'>blandos</span> 
     </span>
    </p>
   </div>
   <div class='ocr_carea' id='block_1_9' title="bbox 2125 1633 2158 3232">
    <p class='ocr_par' dir='ltr' id='par_1_9' title="bbox 2125 1633 2158 3232">
     <span class='ocr_line' id='line_1_39' title="bbox 2125 1633 2158 3232; baseline 0 0"><span class='ocrx_word' id='word_1_368' title='bbox 2125 1633 2158 3232; x_wconf 95' lang='lat' dir='ltr'> </span> 
     </span>
    </p>
   </div>
  </div>
 </body>
</html>
