2086 3756
267 210 428 244 Lxxv1
950 191 1048 241 DE
1089 188 1289 245 POESI

266 342 382 392 loco
418 341 458 404 Ι,
498 345 546 404 8,
577 342 770 389 27-50.
806 346 924 404 post
959 335 1233 388 introitum
1265 332 1457 402 pellicit
1486 337 1721 386 Pholoen
1759 333 1824 385 ad
1853 335 1970 385 Ma-

266 436 404 486 rathi
440 452 594 485 usum
631 435 730 498 sic,
782 443 840 482 ut
887 431 1117 498 primum
1165 429 1415 483 iuvenilia
1463 431 1695 480 membra
1732 429 1885 495 pueri
1921 437 1972 477 et

267 529 482 581 humida
519 530 694 580 oscula
731 525 1058 579 commendet
1097 547 1150 581 v.
1192 532 1393 591 31-38,
1444 537 1556 577 tum
1607 534 1844 593 opponat
1890 539 1970 574 se-

258 603 526 676 nectutem
578 624 778 674 tristem
825 626 1030 691 puellae
1079 635 1200 693 post
1250 627 1577 690 absumptam
1619 620 1873 672 inutiliter
1915 618 1974 668 in

268 719 383 769 cani
434 718 678 769 amatoris
728 721 975 786 amplexu
1031 730 1252 770 aetatem
1303 738 1356 771 v.
1408 719 1602 768 39-46.
1699 716 1972 765 Postremo

266 813 437 874 exitus
474 813 747 864 subiicitur
779 816 917 866 loco.
995 814 1158 866 Aliud
1194 816 1496 882 exemplum
1530 812 1700 864 statim
1737 811 1975 878 sequitur

264 909 322 959 iu
361 907 547 963 eodem
594 909 822 962 carmine
858 929 911 963 v.
950 913 1142 963 55-64.
1187 911 1283 962 ubi
1329 927 1466 977 puer
1501 909 1743 959 miseram
1779 914 1975 955 sortem

267 1021 414 1056 suam
443 1005 704 1070 describit,
741 1008 834 1074 qui
859 1007 1083 1057 Veneris
1112 1007 1335 1058 furtivae
1375 1014 1510 1055 artes
1548 1002 1742 1069 optime
1780 1001 1974 1062 calleat,

266 1112 317 1152 at
352 1101 584 1169 puellam
621 1105 780 1154 nolle.
865 1105 1035 1154 Porro
1071 1101 1192 1154 vide
1229 1103 1386 1153 haec:
1433 1101 1476 1165 Ι,
1514 1107 1564 1164 2,
1602 1105 1793 1151 67-80.
1829 1111 1975 1146 amo-

263 1197 334 1247 ris
384 1198 466 1247 sui
513 1198 620 1249 vim
669 1198 1000 1264 oppositione
1049 1197 1228 1248 rivalis
1274 1197 1528 1262 illustrat3
1583 1196 1650 1259 ΙΙ,
1687 1196 1737 1257 4,
1779 1198 1975 1245 39-50.

263 1309 538 1343 exsecrans
582 1292 822 1345 Nemesis
859 1294 1130 1346 avaritiam
1175 1293 1284 1347 vim
1319 1293 1555 1361 picturae
1603 1301 1778 1357 auget·
1805 1306 1974 1357 oppo-

263 1385 452 1436 sitione
489 1388 661 1438 bonae
701 1390 909 1455 puellae
945 1391 1221 1455 luctusque
1258 1387 1382 1438 huic
1425 1397 1546 1454 post
1587 1397 1809 1438 mortem
1848 1402 1972 1436 con-

266 1481 475 1548 secrati3
530 1482 587 1531 in
625 1485 788 1548 elegia
839 1484 880 1548 Ι,
920 1487 970 1534 5.
1021 1494 1196 1533 autem
1245 1501 1296 1534 v.
1332 1483 1400 1532 49
1440 1499 1556 1550 sqq.
1603 1482 1755 1532 lenae
1802 1480 1975 1547 turpi-

263 1576 392 1628 tudo
433 1587 484 1627 et
534 1577 704 1629 officia
750 1577 931 1630 sedula
973 1579 1191 1628 amantis
1233 1576 1300 1627 ad
1339 1594 1506 1627 unum
1541 1576 1699 1626 finem
1735 1575 1836 1627 sibi
1879 1591 1974 1642 op-

265 1683 541 1739 ponuntur
584 1673 802 1738 egregie.
874 1672 979 1724 Sed
1014 1674 1071 1723 in
1110 1674 1294 1725 eodem
1342 1674 1598 1738 carmine,
1637 1674 1677 1738 Ι,
1718 1678 1767 1737 5,
1817 1673 1975 1724 9-49.

265 1768 419 1818 etiam
466 1769 719 1819 illustrius
772 1771 1073 1835 exemplum
1131 1768 1522 1834 compositionis
1575 1768 1734 1818 huius
1789 1776 1972 1831 exstat,

265 1867 359 1916 ubi
393 1870 534 1916 trium
570 1868 808 1917 locorum
852 1866 986 1917 serie
1035 1867 1401 1932 oppositorum
1450 1864 1515 1915 de
1553 1882 1679 1916 cura
1717 1865 1852 1916 circa
1887 1882 1974 1915 ae-

262 1970 556 2025 grotantem
593 1971 831 2024 amatam,
878 1958 942 2010 de
980 1961 1223 2011 felicitate
1261 1959 1386 2010 inde
1421 1971 1627 2027 sperata
1663 1962 1879 2025 frustra,·
1907 1958 1972 2012 de

265 2053 448 2106 dolore
501 2056 660 2106 animi
706 2066 821 2107 tum
868 2067 984 2108 orto
1034 2058 1306 2123 magnifica
1351 2057 1429 2108 vis
1475 2060 1720 2125 querelae
1760 2056 1977 2108 exsistit.

265 2154 440 2219 Atque
476 2153 577 2204 hoc
625 2169 888 2202 summum
937 2162 1014 2202 est
1061 2152 1118 2201 in
1167 2153 1268 2202 hoc
1312 2169 1530 2217 genere3
1581 2152 1975 2219 quaternarium

263 2264 543 2298 numerum
579 2246 849 2298 admittere
886 2265 998 2299 non
1032 2250 1220 2315 potuit.
1291 2248 1537 2299 Ceterum
1566 2257 1714 2298 tanta
1740 2249 1819 2300 vis
1846 2265 1974 2299 con-

263 2340 524 2392 cinnitatis
561 2340 703 2408 apud
738 2344 1008 2393 Tibullum
1046 2353 1135 2407 est,
1171 2353 1229 2393 ut
1263 2344 1349 2396 vel
1382 2344 1440 2393 in
1475 2344 1556 2394 his
1595 2342 1761 2394 allatis
1795 2359 1971 2395 exem-

259 2436 374 2503 plis,
414 2438 509 2488 ubi
541 2455 652 2489 non
683 2437 902 2491 disticha
938 2438 1182 2503 distichis,
1222 2439 1314 2490 sed
1350 2439 1572 2489 maiores
1609 2440 1713 2490 loci
1745 2438 1846 2489 sibi
1875 2455 1970 2506 op-

260 2545 560 2600 ponuntur,
595 2538 907 2603 plerumque
945 2537 1232 2605 aequabilis
1267 2533 1571 2601 magnitudo
1609 2533 1967 2600 oppositarum

261 2629 491 2695 partium
531 2628 970 2695 deprehendatur.
1039 2631 1212 2698 Atque
1248 2631 1377 2680 haec
1414 2631 1684 2681 hactenus.

407 2724 565 2774 Tertia
618 2724 790 2774 forma
844 2725 1234 2792 compositionis
1285 2726 1513 2788 gradatio
1568 2735 1668 2789 est,
1724 2724 1818 2775 ubi
1867 2724 1969 2775 orti

264 2815 520 2869 divisione
559 2821 851 2883 argumenti
885 2819 1155 2871 cuiusdam
1192 2819 1402 2871 ordines
1428 2838 1607 2870 rerum
1636 2818 1830 2871 diversi
1853 2837 1968 2884 gra-

265 2911 422 2963 datim
476 2925 733 2964 crescente
781 2915 836 2965 vi
890 2915 989 2965 sibi
1037 2913 1340 2966 succedunt.
1429 2915 1505 2965 Ae
1552 2915 1795 2965 Tibullus
1837 2912 1969 2965 duos

263 3009 373 3059 sere
411 3018 500 3058 aut
535 3018 641 3060 tres
680 3007 888 3060 ordines
924 3010 1098 3061 habet.
1184 3010 1470 3062 Videamus
1507 3010 1737 3076 primum
1774 3009 1970 3075 simpli-

262 3104 418 3154 ciora.
488 3104 651 3169 Igitur
697 3103 829 3156 duae
871 3117 992 3156 sunt
1035 3117 1208 3172 partes
1245 3105 1561 3172 gradationis
1600 3107 1658 3156 in
1693 3105 1775 3155 his
1811 3106 1966 3157 locis:

261 3197 431 3248 Carni.
467 3199 506 3262 Ι,
539 3203 586 3261 3,
627 3205 780 3250 9-20.
819 3201 1132 3251 anxietatem
1169 3203 1226 3251 in
1264 3200 1490 3252 discessu
1527 3218 1624 3252 suo
1662 3211 1965 3266 regnantem

259 3295 506 3362 bipartito
546 3294 788 3349 describit
826 3299 911 3363 ita,
952 3309 1008 3351 ut
1042 3308 1092 3350 et
1122 3298 1305 3354 Deliae
1345 3286 1744 3352 sollicitudinem
1782 3297 1964 3366 ‹lepin-
