2086 3756
269 239 435 273 xxvm
962 217 1056 272 DE
1099 215 1268 265 VITA

272 372 339 419 At
373 367 485 419 iure
523 368 799 419 conferunt
833 360 997 432 Lygd.
1033 362 1122 425 III,
1157 366 1205 424 5,
1245 364 1327 410 16.
1364 366 1414 410 et
1443 356 1595 411 Ovid.
1628 358 1738 409 Art.
1765 358 1878 408 Am.
1906 357 1969 418 ΙΙ,

275 468 408 527 6703
456 461 621 529 Lygd.
661 462 749 523 ΙΙΙ,
789 463 836 523 5,
873 461 956 508 18.
993 465 1043 507 et
1080 452 1234 507 Ovid.
1271 453 1429 504 Trist.
1467 453 1557 516 IV,
1596 456 1677 517 10,
1716 455 1777 515 63
1825 447 1972 499 deni-

274 575 376 625 que
425 555 591 624 Lygd.
629 557 717 618 ΙΙΙ,
754 558 801 615 5,
838 556 922 602 19.
958 556 1046 602 20.
1096 560 1147 601 et
1197 546 1350 603 Ovid.
1399 549 1608 600 Amorr.
1657 549 1722 612 ΙΙ,
1764 547 1845 610 14,
1885 549 1973 594 23.

273 649 422 700 Adde
451 648 616 717 Lygd.
642 649 730 712 ΙΙΙ,
761 653 807 710 6,
834 646 919 696 40.
949 654 999 695 et
1025 640 1177 697 Ovid.
1206 644 1319 695 Art.
1332 643 1448 694 Am.
1473 644 1562 707 ΙΠ,
1591 646 1675 692 36.
1716 637 1821 692 Sed
1848 635 1977 707 quid

272 747 372 796 hoc
411 743 475 794 ad
511 740 662 793 rem?
746 740 1104 793 Nihilominus
1141 749 1336 791 certum
1372 738 1698 806 Lygdamum
1734 735 1800 786 ab
1851 729 1978 784 Ovi-

275 839 363 891 dio
399 857 509 892 non
544 856 641 907 pro
680 838 892 892 Tibullo
939 838 1203 902 habitum,
1253 837 1345 906 qui
1379 836 1592 887 Tibullo
1630 849 1684 883 se
1718 830 1981 882 iuniorem

277 933 495 999 dixerit,
541 935 682 986 hunc
718 944 892 986 autem
929 944 1136 1002 poetam
1177 931 1360 985 eodem
1406 948 1582 983 secum
1614 943 1754 979 anno
1801 935 1982 976 natum

274 1030 482 1096 legeret,
512 1031 708 1100 quique
745 1048 854 1082 non
893 1040 1133 1096 agnoscat
1162 1030 1436 1091 Neaeram,
1470 1036 1530 1076 ut
1567 1023 1802 1093 alioquin
1832 1021 1984 1073 fecis-

277 1135 373 1175 set.
443 1125 580 1177 Nam
627 1126 818 1193 quibus
867 1122 1017 1178 editis
1051 1125 1200 1174 libris
1239 1139 1442 1173 amores
1487 1119 1687 1171 Tibulli
1730 1115 1986 1173 contineri

279 1221 490 1283 sciebat,
525 1237 708 1271 eorum
742 1222 814 1270 ita
852 1220 1002 1287 sequi
1038 1218 1260 1270 debebat
1295 1213 1667 1279 auctoritatem,
1702 1225 1762 1264 ut
1785 1213 1986 1280 puellas

277 1311 335 1363 in
364 1314 428 1365 iis
463 1330 496 1362 a
531 1323 687 1380 poeta
719 1311 954 1364 laudatas
987 1314 1044 1364 in
1083 1311 1332 1379 Epicedio
1377 1310 1688 1363 nominaret.
1758 1309 1988 1376 Expres-

279 1408 346 1458 sit
383 1405 537 1458 credo
585 1407 842 1459 nonnulla
892 1424 960 1457 ex
993 1407 1131 1457 libro
1170 1407 1325 1458 tertio
1375 1422 1484 1457 non
1533 1403 1677 1473 quod
1721 1419 1842 1456 eum
1864 1420 1866 1422 ’
1888 1419 1988 1469 pro

282 1503 585 1556 Tibulliano
621 1504 867 1569 haberet,
921 1502 1013 1554 sed
1061 1521 1179 1554 cum
1221 1519 1330 1553 non
1367 1498 1721 1569 spernendum
1764 1497 1994 1560 duceret,

283 1599 377 1666 qui
429 1600 486 1651 in
539 1600 841 1651 collectione
888 1600 934 1650 T
937 1599 1311 1650 ibullianorum
1359 1615 1580 1664 operum
1627 1594 1795 1649 editus
1846 1602 1992 1646 esset.

284 1693 570 1745 Veniamus
608 1694 675 1746 ad
710 1697 825 1746 alia.
896 1694 1132 1745 Neaerae
1169 1710 1362 1744 nomen
1399 1691 1600 1760 dedisse
1633 1699 1813 1758 poetas
1847 1686 1993 1738 Lati-

283 1807 380 1842 nos
415 1792 630 1842 omnino
667 1793 848 1843 amatis
884 1792 1072 1858 puellis
1109 1790 1376 1857 Spohnius
1414 1786 1627 1850 notavit,
1663 1801 1835 1852 neque
1866 1782 1994 1832 -ubi-
2079 1806 2081 1809 ·

287 1903 389 1954 que
415 1886 637 1938 levitatis
665 1897 716 1937 et
749 1885 996 1953 perfidiae
1024 1886 1326 1951 significatio
1362 1886 1523 1948 inest,.
1550 1883 1647 1935 etsi
1668 1884 1801 1933 haec
1819 1879 1994 1948 puella

286 1979 442 2031 fidem
483 1980 703 2035 deserat.
783 1982 923 2033 Nata
962 1983 1061 2034 fuit
1098 1983 1155 2035 in
1192 1984 1356 2046 culta,
1404 1981 1664 2048 locuplete
1700 1988 1752 2034 et
1789 1975 1992 2029 liberali

289 2073 472 2139 domo,
533 2094 639 2129 non
677 2078 864 2128 humili
898 2079 1044 2141 loco,
1101 2077 1193 2128 sed
1227 2077 1459 2128 honestis
1500 2085 1552 2127 et
1585 2073 1862 2127 fortunatis.
1902 2089 1996 2139 pa-

285 2172 550 2235 rentibUS,
590 2181 650 2221 ut
683 2182 892 2238 praeter
925 2172 1189 2240 Heynium
1226 2172 1476 2237 VossiuS,
1511 2169 1777 2237 Spohnius
1813 2178 1864 2218 et
1896 2185 1996 2217 nu-

287 2284 383 2333 per
425 2264 638 2319 Oebeke
673 2268 730 2317 in
769 2269 947 2320 libello
992 2285 1119 2319 mox
1156 2266 1479 2321 nominando
1517 2268 1651 2317 bene
1689 2264 1997 2316 docuerunt.

290 2364 364 2418 Ac
409 2374 566 2430 poeta
615 2381 728 2414 eam
773 2364 832 2414 in
878 2366 1270 2416 matrimonium
1322 2363 1511 2416 ducere
1562 2365 1800 2427 volebat,
1838 2358 1998 2413 'unde

291 2459 562 2524 coniugem
594 2461 839 2526 appellat.
880 2458 1084 2522 *Quare
1120 2460 1178 2509 in
1214 2459 1446 2510 maximo
1484 2475 1660 2510 errore
1694 2458 2000 2522 versabatur
2083 2444 2086 2458 ³

292 2552 585 2618 Spolinius‚
635 2554 728 2621 qui
761 2553 970 2607 Deliam
1007 2564 1060 2603 et
1097 2553 1355 2606 Neaeram
1392 2554 1610 2619 putabat
1652 2549 1900 2615 eandem,
1949 2559 2000 2601 et
2083 2597 2086 2603 .

289 2650 520 2716 primum
567 2649 884 2718 tertiumque
932 2649 1128 2699 librum
1181 2650 1253 2699 sic
1305 2649 1678 2713 coniungebat,
1729 2657 1789 2698 ut
1839 2662 1998 2699 unam

291 2744 415 2797 iude
452 2745 723 2795 historiam
764 2756 1126 2813 componeret3
1183 2743 1361 2797 Ovidii
1399 2742 1610 2812 quidem
1645 2743 1998 2795 testimonium

298 2841 363 2892 de
401 2839 603 2892 duabus
636 2842 824 2908 puellis
860 2841 1060 2892 Tibulli
1105 2842 1280 2891 favere
1326 2838 1558 2903 videtur,
1608 2836 1699 2889 sed
1734 2839 1999 2894 verissime
2082 2874 2086 2878 -

298 2936 588 3004 explicante
634 2936 882 2989 Passovio
925 2937 983 2988 in
1034 2935 1266 2987 Censura
1310 2935 1519 2986 laudata
1569 2945 1620 2986 et
1660 2935 1718 2985 in
1758 2933 2004 2989 Seebodii
2066 2975 2086 3003 4

295 3037 504 3087 Horreo
552 3034 706 3085 Delia
754 3043 804 3084 et
849 3032 1055 3084 Neaera
1103 3032 1378 3084 manifesto
1431 3030 1664 3083 diversae
1716 3042 1864 3096 sunt,
1907 3050 2002 3084 nec

301 3132 485 3183 eodem
521 3133 639 3183 loco
679 3142 845 3195 natae,
881 3133 1042 3182 altera
1075 3147 1227 3192 uxor,
1263 3131 1424 3179 altera
1463 3146 1561 3195 pro
1599 3146 1766 3179 uxore
1807 3130 2002 3191 sutura,

299 3232 343 3279 si
378 3228 480 3281 fida
517 3231 814 3292 mansisset,
870 3247 964 3280 nec
1003 3227 1227 3295 denique
1264 3245 1457 3278 nomen
1504 3226 1738 3277 Neaerae
1785 3225 2003 3278 eandem
2084 3232 2086 3235 ’

299 3327 456 3375 habet
507 3326 822 3392 syllabarum
863 3324 1143 3386 rationem,
1200 3339 1356 3390 quam
1403 3321 1585 3371 Deliae
1637 3331 1724 3371 aut
1771 3321 1999 3373 Planiae.
2079 3318 2082 3320 v
