2158 3750
699 254 883 306 LIBR.
918 255 959 305 Ι.
1030 252 1233 306 ELEG.
1267 254 1361 306 VI.
1769 262 1867 309 133

171 399 441 446 antecedenti
466 388 658 444 distlcbo'
674 413 926 457 expressum
957 413 1070 444 nunc
1093 400 1312 455 sigillatim
1339 399 1579 457 explicetur
1603 414 1682 458 per
1706 405 1862 458 partes.

170 488 220 530 In
270 500 356 541 quo
404 499 568 541 genere
613 490 784 528 constat
827 486 999 528 vinculo
1045 498 1129 528 non
1182 498 1291 540 opus
1338 497 1434 528 esse
1480 484 1536 527 ad
1584 484 1866 540 copulandam
1927 483 1943 495 ““

169 570 329 612 arctius
361 571 600 612 orationem
626 568 972 612 antecedentium
1003 574 1049 612 et
1078 569 1363 624 sequentium.
1427 570 1590 612 Verum
1621 567 1728 621 boc,
1760 581 1867 613 con-

170 652 236 695 fer
276 654 516 696 Excursum
561 657 753 695 nostrum
795 652 851 695 de
894 653 1117 706 Asyndeto
1164 654 1367 695 Pmnan.
1413 653 1465 695 P.
1502 652 1537 706 1,
1579 667 1622 708 p.
1653 654 1742 694 273
1773 664 1866 706 sqq.

169 734 335 778 Tamen
380 734 578 789 displicet
619 733 870 787 Asyndetou
917 734 1003 775 tale
1033 733 1147 788 apud
1179 733 1429 788 Tibullum,
1483 747 1623 789 neque
1654 747 1766 791 opus
1803 738 1870 777 est

170 815 249 858 liae
281 815 569 871 explicatione
599 815 711 868 loci,
753 827 852 857 cum
882 814 1012 856 etiam
1044 814 1151 855 alias
1195 814 1236 856 in
1269 817 1454 859 transitu
1484 831 1510 860 a
1542 817 1735 872 generali
1765 829 1867 860 seu-

168 902 302 942 tentia
332 899 386 941 ad
417 903 563 954 partes
590 898 748 953 copula
787 902 935 940 utatur
975 897 1176 940 Tibullus
1216 898 1442 954 ipsamque
1481 902 1735 956 particulam
1776 913 1861 942 neu

167 983 385 1037 posuerit,
427 981 484 1024 cf.
512 980 550 1034 1,
581 983 624 1034 4,
655 983 730 1025 41.
761 1004 822 1012 —
864 980 1124 1025 celebret
1157 983 1333 1026 multo
1363 996 1641 1027 sermone.
1703 985 1766 1027 Ut
1797 984 1864 1027 vi-

165 1066 320 1109 derunt
358 1064 715 1107 Bnoucxnusms
756 1070 802 1108 et
843 1065 1089 1120 Hermus,
1135 1079 1287 1111 sensus
1333 1080 1430 1110 esse
1474 1066 1604 1110 debet
1649 1065 1742 1110 hic:
1795 1066 1863 1109 Ne

165 1159 298 1202 saepe
324 1147 592 1201 multumque
618 1146 932 1202 confabuletur,
961 1161 1184 1191 sermones
1213 1154 1330 1192 serat
1361 1163 1458 1192 cum
1488 1150 1725 1192 iuvenibus.
1784 1148 1867 1191 Est

170 1228 390 1270 celebrare
420 1231 622 1298 proprie:
665 1230 939 1286 frequentare
981 1233 1146 1285 locum,
1201 1238 1250 1276 ut
1281 1238 1463 1278 constat.
1526 1234 1662 1277 Ovm.
1694 1233 1804 1276 Met.
1833 1232 1869 1286 Ι,

167 1316 277 1356 173:
310 1313 435 1355 atria
465 1311 677 1356 nobilium
697 1313 856 1358 valvis
886 1314 1169 1358 celebrantur
1195 1316 1378 1373 apertis,
1409 1318 1592 1360 multum
1623 1321 1668 1359 et
1699 1331 1724 1359 a
1755 1317 1868 1360 mul-

165 1397 221 1440 tis
252 1398 486 1451 intrantur,
519 1397 597 1451 IV,
627 1400 742 1442 444:
780 1414 980 1460 parsque
998 1399 1160 1458 forum
1203 1398 1453 1447 celebrant,
1492 1415 1607 1456 pars
1639 1398 1718 1440 imi
1746 1405 1870 1440 tecta

164 1478 382 1533 tyranni,
422 1479 605 1524 Heroid.
643 1479 744 1534 XV,
774 1485 859 1524 57:
906 1487 1074 1522 montes
1106 1478 1316 1522 celebras.
1364 1482 1573 1524 Susswon.
1608 1480 1750 1534 Calig.
1786 1481 1867 1521 45:

165 1560 244 1620 qui
283 1576 486 1604 amoenos
528 1576 726 1605 secessus
765 1559 1052 1604 celebrarent.
1111 1562 1238 1605 Adde
1278 1561 1388 1605 infra
1427 1561 1506 1616 111,
1541 1565 1585 1614 5,
1616 1564 1690 1604 29.
1750 1560 1866 1602 Hinc

164 1658 295 1701 supra
324 1645 361 1698 I,
390 1648 435 1699 4,
463 1649 549 1688 75:
597 1643 818 1688 celebrare
861 1644 1129 1705 magistrum
1173 1646 1350 1689 dictum.
1410 1645 1553 1688 Porro
1586 1646 1723 1688 Ovm.
1755 1642 1864 1685 Met.

164 1727 222 1781 Π,
252 1730 356 1770 252.
386 1727 516 1782 cygni
545 1727 747 1772 dicuntur
770 1726 988 1770 celebrare
1020 1726 1204 1783 Caystri
1233 1726 1358 1784 ripas
1388 1726 1598 1773 carmine,
1629 1724 1746 1780 quod
1775 1727 1864 1768 est:

169 1811 416 1866 frequenter
452 1811 573 1855 adire
613 1812 838 1866 cantibus,
885 1825 920 1854 s.
963 1811 1212 1867 ftequentes
1256 1817 1407 1854 cantus
1441 1811 1502 1853 ibi
1536 1822 1768 1862 exercere,
1817 1811 1867 1850 ut

162 1899 282 1936 reete
313 1894 532 1937 Hermus
563 1895 765 1950 explicat.
825 1894 917 1936 Iam
948 1891 1030 1935 hoc
1060 1893 1158 1936 loco
1188 1892 1369 1935 adiectis
1402 1893 1571 1935 verbis:
1603 1890 1745 1932 multo
1770 1903 1866 1930 ser-

161 1990 285 2017 mone
315 1989 467 2019 sensus
497 1977 603 2019 erit:
636 1976 838 2030 frequens
879 1976 1182 2018 commercium
1214 1975 1423 2017 sermonis
1455 1973 1631 2027 habere,
1664 1973 1868 2026 frequen-

167 2065 235 2103 ter
265 2061 556 2113 confabularI,
605 2060 674 2103 cui
706 2060 987 2116 explicationi
1018 2073 1103 2103 non
1147 2064 1216 2103 est
1251 2059 1366 2115 quod
1396 2059 1490 2102 iure
1522 2058 1683 2115 opponi
1714 2057 1864 2113 possit.

163 2145 281 2187 Male
320 2144 524 2186 Vunrms
567 2143 758 2198 explicat
787 2141 965 2185 verbum
999 2157 1042 2197 p.
1075 2141 1278 2195 laudare,
1325 2154 1405 2184 nec
1446 2141 1590 2184 verius
1622 2140 1866 2183 Wummn-

161 2239 347 2269 memus
379 2241 422 2282 p.
453 2224 692 2286 honorare,
734 2225 947 2279 insignem
978 2223 1186 2276 reddere,
1218 2222 1334 2278 quod
1366 2224 1566 2266 alienum.
1601 2246 1661 2254 -—
1708 2222 1865 2265 Neve

162 2309 338 2351 cubet
377 2309 508 2352 laxo
549 2313 756 2365 pectus
796 2313 1002 2364 aperta
1035 2309 1177 2350 sinu·
1237 2308 1359 2350 Bene
1391 2312 1539 2350 monet
1567 2307 1756 2349 Vossms
1789 2318 1867 2361 per

166 2395 304 2432 totum
334 2391 476 2434 locum
506 2393 694 2447 maxime
726 2391 782 2433 de
813 2390 1021 2434 convIviis
1056 2389 1364 2444 cogitandum,
1397 2389 1452 2432 ad
1485 2402 1595 2443 quae
1628 2387 1710 2431 hae
1740 2390 1864 2443 puel-

163 2473 231 2514 lae
262 2485 358 2515 cum
389 2473 552 2515 maritis
578 2473 866 2516 invitabantur
896 2472 950 2515 ab
981 2471 1310 2514 admiratoribus
1343 2475 1388 2514 et
1418 2472 1594 2525 amicis,
1635 2471 1690 2514 cf.
1724 2471 1862 2514 Ovm.

164 2555 334 2599 Amorr.
368 2556 402 2609 1,
433 2559 476 2599 4.
519 2555 636 2599 unde
674 2556 801 2599 simul
846 2555 1026 2598 furtivas
1069 2558 1186 2597 artes
1226 2559 1271 2597 et
1315 2555 1529 2610 nequitias
1572 2554 1712 2597 diSces
1755 2553 1867 2595 inter

162 2636 402 2679 convivium
446 2638 675 2680 exercitas.
749 2637 874 2681 Adde
917 2638 972 2680 de
1014 2637 1166 2681 eadem
1209 2650 1257 2681 re
1300 2639 1395 2680 Art.
1438 2638 1532 2680 Am.
1564 2637 1599 2689 Ι,
1628 2639 1863 2680 569-579.

158 2717 341 2760 Heroid.
371 2718 514 2773 xvll,
545 2722 725 2762 75-92.
803 2719 1033 2763 Cubnbant
1063 2723 1208 2762 autem
1242 2721 1414 2776 puellae
1445 2721 1488 2762 in
1521 2725 1617 2763 toro
1648 2718 1789 2761 mariti
1821 2722 1865 2760 et

159 2799 259 2844 hnic
287 2802 534 2856 subiectae,
569 2802 626 2845 cf.
658 2804 796 2847 Ovm.
827 2789 992 2847 Amorr.
1029 2806 1056 2847 l.
1091 2805 1163 2848 cit.
1200 2817 1244 2848 v.
1275 2809 1320 2847 5.
1352 2809 1397 2847 et
1427 2805 1520 2846 Art.
1558 2805 1654 2846 Am.
1690 2802 1725 2855 Ι,
1759 2805 1862 2844 566,

157 2886 357 2942 Denique
387 2888 441 2930 ad
481 2893 627 2932 cetera
665 2889 813 2932 confer
851 2891 990 2933 Ovm.
1021 2889 1163 2946 Epist.
1196 2889 1321 2942 XVI,
1352 2892 1441 2932 247
1460 2905 1471 2931 ε
1521 2886 1715 2930 Prodita
1754 2891 1863 2928 sunt

160 2967 384 3025 (memim)
410 2968 566 3011 tunica
590 2975 676 3011 tua
694 2978 879 3026 pectora
902 2969 1026 3014 laxa.
1043 2994 1098 3003 —
1130 2972 1185 3015 V.
1214 2973 1268 3014 19
1287 2984 1350 3025 sq.
1385 2970 1503 3014 Neu
1531 2975 1586 3013 te
1607 2967 1864 3024 decipiat

159 3057 327 3105 nutu,
355 3065 410 3096 ne
441 3053 590 3096 innuat
619 3055 779 3097 amanti
810 3068 956 3098 coram
987 3059 1032 3098 te
1062 3068 1149 3098 non
1183 3055 1523 3098 observante—
1557 3055 1864 3109 digitoque

158 3136 448 3189 liquorem
482 3147 547 3178 ne
578 3134 773 3179 trahat
803 3140 887 3178 etc.
950 3135 1113 3179 Confer
1144 3138 1283 3180 Ovm.
1316 3138 1484 3181 Amorr.
1516 3137 1551 3190 Ι,
1586 3138 1628 3188 4,
1659 3138 1732 3177 20.
1765 3146 1863 3176 cum

159 3220 364 3262 Vunmo:
393 3217 529 3261 verba
560 3218 676 3278 leges
707 3217 879 3276 digitis,
910 3216 1043 3260 verba
1071 3227 1234 3261 notata
1261 3234 1394 3262 mero.
1440 3219 1550 3262 Add.
1582 3217 1684 3261 ibid.
1715 3219 1759 3268 5,
1786 3218 1862 3258 17:

160 3302 411 3360 conscripta
454 3302 557 3346 vino
596 3318 776 3349 mensa,
816 3308 862 3346 et
895 3305 986 3347 Art.
1019 3304 1117 3348 Am.
1152 3304 1186 3356 l,
1217 3307 1333 3347 571:
1383 3301 1717 3360 blanditiasque
1747 3299 1863 3341 leves

160 3387 285 3429 tenui
310 3386 576 3445 perscribere
612 3386 729 3434 vino.
769 3386 945 3431 Hei-oid.
979 3386 1120 3440 XVH,
1151 3392 1235 3430 87:
1270 3386 1370 3430 orbe
1403 3402 1578 3446 quoque
1609 3387 1655 3428 in
1689 3396 1862 3427 mensae
