<?xml version="1.0" encoding="UTF-8"?>
<!DOCTYPE html PUBLIC "-//W3C//DTD XHTML 1.0 Transitional//EN"
    "http://www.w3.org/TR/xhtml1/DTD/xhtml1-transitional.dtd">
<html xmlns="http://www.w3.org/1999/xhtml" xml:lang="en" lang="en">
 <head>
  <title>
</title>
<meta http-equiv="Content-Type" content="text/html;charset=utf-8" />
  <meta name='ocr-system' content='tesseract 3.04.00' />
  <meta name='ocr-capabilities' content='ocr_page ocr_carea ocr_par ocr_line ocrx_word'/>
</head>
<body>
  <div class='ocr_page' id='page_1' title='image "./carminaexrecensi01tibuuoft_0703.png"; bbox 0 0 2158 3750; ppageno 0'>
   <div class='ocr_carea' id='block_1_1' title="bbox 643 253 1845 311">
    <p class='ocr_par' dir='ltr' id='par_1_1' title="bbox 643 253 1845 311">
     <span class='ocr_line' id='line_1_1' title="bbox 643 253 1845 311; baseline 0.005 -6"><span class='ocrx_word' id='word_1_1' title='bbox 643 254 825 307; x_wconf 88' lang='lat' dir='ltr'><strong>LlBR.</strong></span> <span class='ocrx_word' id='word_1_2' title='bbox 862 255 953 306; x_wconf 90' lang='lat'><em>111.</em></span> <span class='ocrx_word' id='word_1_3' title='bbox 1025 253 1357 307; x_wconf 83' lang='lat' dir='ltr'><strong>ELEG.·VI.</strong></span> <span class='ocrx_word' id='word_1_4' title='bbox 1423 272 1425 275; x_wconf 79' lang='grc'><strong>’</strong></span> <span class='ocrx_word' id='word_1_5' title='bbox 1746 266 1845 311; x_wconf 83' lang='grc'><strong>371</strong></span> 
     </span>
    </p>
   </div>
   <div class='ocr_carea' id='block_1_2' title="bbox 157 401 1936 3454">
    <p class='ocr_par' dir='ltr' id='par_1_2' title="bbox 159 401 1848 450">
     <span class='ocr_line' id='line_1_2' title="bbox 159 401 1848 450; baseline 0.002 -6"><span class='ocrx_word' id='word_1_6' title='bbox 159 403 264 444; x_wconf 87' lang='lat' dir='ltr'><strong>iram</strong></span> <span class='ocrx_word' id='word_1_7' title='bbox 307 406 351 445; x_wconf 91' lang='lat' dir='ltr'><strong>et</strong></span> <span class='ocrx_word' id='word_1_8' title='bbox 392 401 447 445; x_wconf 91' lang='lat' dir='ltr'><strong>ad</strong></span> <span class='ocrx_word' id='word_1_9' title='bbox 491 403 590 446; x_wconf 87' lang='lat' dir='ltr'><strong>vina</strong></span> <span class='ocrx_word' id='word_1_10' title='bbox 631 408 816 447; x_wconf 87' lang='lat' dir='ltr'><strong>mentem</strong></span> <span class='ocrx_word' id='word_1_11' title='bbox 857 410 1046 448; x_wconf 80' lang='lat' dir='ltr'><strong>revocat.</strong></span> <span class='ocrx_word' id='word_1_12' title='bbox 1112 403 1398 448; x_wconf 78' lang='lat' dir='ltr'>Nihilominus</span> <span class='ocrx_word' id='word_1_13' title='bbox 1430 403 1616 448; x_wconf 89' lang='lat' dir='ltr'><strong>nondum</strong></span> <span class='ocrx_word' id='word_1_14' title='bbox 1647 417 1717 448; x_wconf 86' lang='lat' dir='ltr'><strong>res</strong></span> <span class='ocrx_word' id='word_1_15' title='bbox 1748 419 1848 450; x_wconf 80' lang='lat' dir='ltr'><strong>suc-</strong></span> 
     </span>
    </p>

    <p class='ocr_par' dir='ltr' id='par_1_3' title="bbox 161 472 1850 540">
     <span class='ocr_line' id='line_1_3' title="bbox 161 472 1850 540; baseline 0.003 -14"><span class='ocrx_word' id='word_1_16' title='bbox 161 483 304 538; x_wconf 90' lang='lat' dir='ltr'><strong>cedit,</strong></span> <span class='ocrx_word' id='word_1_17' title='bbox 349 489 395 527; x_wconf 91' lang='lat' dir='ltr'><strong>et</strong></span> <span class='ocrx_word' id='word_1_18' title='bbox 433 485 642 528; x_wconf 85' lang='lat' dir='ltr'>relabitur</span> <span class='ocrx_word' id='word_1_19' title='bbox 669 487 810 530; x_wconf 87' lang='lat' dir='ltr'><strong>denuo</strong></span> <span class='ocrx_word' id='word_1_20' title='bbox 840 486 895 529; x_wconf 88' lang='lat' dir='ltr'><strong>ad</strong></span> <span class='ocrx_word' id='word_1_21' title='bbox 927 472 1151 540; x_wconf 81' lang='lat' dir='ltr'><strong>querelas3</strong></span> <span class='ocrx_word' id='word_1_22' title='bbox 1192 488 1268 530; x_wconf 87' lang='lat' dir='ltr'><strong>sed</strong></span> <span class='ocrx_word' id='word_1_23' title='bbox 1298 484 1400 532; x_wconf 79' lang='lat' dir='ltr'><strong>mo&#39;x</strong></span> <span class='ocrx_word' id='word_1_24' title='bbox 1430 488 1585 532; x_wconf 81' lang='lat' dir='ltr'><strong>iterum</strong></span> <span class='ocrx_word' id='word_1_25' title='bbox 1616 501 1664 532; x_wconf 88' lang='lat' dir='ltr'><strong>se</strong></span> <span class='ocrx_word' id='word_1_26' title='bbox 1694 501 1850 532; x_wconf 89' lang='lat' dir='ltr'><strong>conso-</strong></span> 
     </span>
    </p>

    <p class='ocr_par' dir='ltr' id='par_1_4' title="bbox 158 568 1851 626">
     <span class='ocr_line' id='line_1_4' title="bbox 158 568 1851 626; baseline 0.002 -17"><span class='ocrx_word' id='word_1_27' title='bbox 158 568 271 610; x_wconf 84' lang='lat' dir='ltr'><strong>latur</strong></span> <span class='ocrx_word' id='word_1_28' title='bbox 299 574 504 623; x_wconf 85' lang='lat' dir='ltr'><strong>reputans</strong></span> <span class='ocrx_word' id='word_1_29' title='bbox 534 568 780 623; x_wconf 84' lang='lat' dir='ltr'><strong>docensque</strong></span> <span class='ocrx_word' id='word_1_30' title='bbox 811 570 996 624; x_wconf 85' lang='lat' dir='ltr'><strong>periuria</strong></span> <span class='ocrx_word' id='word_1_31' title='bbox 1027 570 1257 612; x_wconf 87' lang='lat' dir='ltr'><strong>amantium</strong></span> <span class='ocrx_word' id='word_1_32' title='bbox 1287 571 1494 612; x_wconf 86' lang='lat' dir='ltr'><strong>solemnia</strong></span> <span class='ocrx_word' id='word_1_33' title='bbox 1537 583 1657 623; x_wconf 85' lang='lat' dir='ltr'><strong>esse,</strong></span> <span class='ocrx_word' id='word_1_34' title='bbox 1696 571 1851 626; x_wconf 90' lang='lat' dir='ltr'><strong>quibus</strong></span> 
     </span>
    </p>

    <p class='ocr_par' dir='ltr' id='par_1_5' title="bbox 157 648 1852 707">
     <span class='ocr_line' id='line_1_5' title="bbox 157 648 1852 707; baseline 0.004 -17"><span class='ocrx_word' id='word_1_35' title='bbox 157 648 284 690; x_wconf 84' lang='lat' dir='ltr'><strong>fidem</strong></span> <span class='ocrx_word' id='word_1_36' title='bbox 316 649 475 692; x_wconf 89' lang='lat' dir='ltr'><strong>habere</strong></span> <span class='ocrx_word' id='word_1_37' title='bbox 505 651 685 693; x_wconf 86' lang='lat' dir='ltr'><strong>stultum</strong></span> <span class='ocrx_word' id='word_1_38' title='bbox 716 651 786 693; x_wconf 87' lang='lat' dir='ltr'><strong>sit.</strong></span> <span class='ocrx_word' id='word_1_39' title='bbox 846 649 991 692; x_wconf 82' lang='lat' dir='ltr'><strong>Etiam</strong></span> <span class='ocrx_word' id='word_1_40' title='bbox 1023 663 1134 692; x_wconf 89' lang='lat' dir='ltr'><strong>nunc</strong></span> <span class='ocrx_word' id='word_1_41' title='bbox 1169 656 1311 694; x_wconf 90' lang='lat' dir='ltr'><strong>tamen</strong></span> <span class='ocrx_word' id='word_1_42' title='bbox 1349 654 1537 707; x_wconf 83' lang='lat' dir='ltr'><strong>resurgit</strong></span> <span class='ocrx_word' id='word_1_43' title='bbox 1577 654 1734 696; x_wconf 89' lang='lat' dir='ltr'><strong>iterum</strong></span> <span class='ocrx_word' id='word_1_44' title='bbox 1772 652 1852 697; x_wconf 89' lang='lat' dir='ltr'><strong>de-</strong></span> 
     </span>
    </p>

    <p class='ocr_par' dir='ltr' id='par_1_6' title="bbox 157 731 1854 786">
     <span class='ocr_line' id='line_1_6' title="bbox 157 731 1854 786; baseline 0.003 -12"><span class='ocrx_word' id='word_1_45' title='bbox 157 731 362 774; x_wconf 86' lang='lat' dir='ltr'><strong>siderium</strong></span> <span class='ocrx_word' id='word_1_46' title='bbox 393 733 617 785; x_wconf 83' lang='lat' dir='ltr'><strong>Neaerae,</strong></span> <span class='ocrx_word' id='word_1_47' title='bbox 659 732 737 775; x_wconf 88' lang='lat' dir='ltr'><strong>sed</strong></span> <span class='ocrx_word' id='word_1_48' title='bbox 778 731 939 786; x_wconf 77' lang='lat' dir='ltr'><strong>sugatis</strong></span> <span class='ocrx_word' id='word_1_49' title='bbox 978 733 1124 774; x_wconf 86' lang='lat' dir='ltr'><strong>statim</strong></span> <span class='ocrx_word' id='word_1_50' title='bbox 1168 733 1295 775; x_wconf 89' lang='lat' dir='ltr'><strong>etiam</strong></span> <span class='ocrx_word' id='word_1_51' title='bbox 1339 732 1402 776; x_wconf 91' lang='lat' dir='ltr'><strong>his</strong></span> <span class='ocrx_word' id='word_1_52' title='bbox 1445 735 1560 777; x_wconf 91' lang='lat' dir='ltr'><strong>curis</strong></span> <span class='ocrx_word' id='word_1_53' title='bbox 1600 735 1772 778; x_wconf 89' lang='lat' dir='ltr'><strong>tandem</strong></span> <span class='ocrx_word' id='word_1_54' title='bbox 1810 735 1854 778; x_wconf 90' lang='lat' dir='ltr'><strong>in</strong></span> 
     </span>
    </p>

    <p class='ocr_par' dir='ltr' id='par_1_7' title="bbox 170 814 1857 871">
     <span class='ocr_line' id='line_1_7' title="bbox 170 814 1857 871; baseline 0.002 -13"><span class='ocrx_word' id='word_1_55' title='bbox 170 817 255 858; x_wconf 87' lang='lat' dir='ltr'><strong>fine</strong></span> <span class='ocrx_word' id='word_1_56' title='bbox 301 817 500 859; x_wconf 83' lang='lat' dir='ltr'>carminis</span> <span class='ocrx_word' id='word_1_57' title='bbox 543 815 599 858; x_wconf 86' lang='lat' dir='ltr'><strong>ad</strong></span> <span class='ocrx_word' id='word_1_58' title='bbox 643 814 900 865; x_wconf 78' lang='lat' dir='ltr'><strong>bilaritatem</strong></span> <span class='ocrx_word' id='word_1_59' title='bbox 947 815 1152 858; x_wconf 86' lang='lat' dir='ltr'><strong>maiorem</strong></span> <span class='ocrx_word' id='word_1_60' title='bbox 1196 817 1416 871; x_wconf 80' lang='lat' dir='ltr'><strong>pervenit,</strong></span> <span class='ocrx_word' id='word_1_61' title='bbox 1460 817 1629 860; x_wconf 88' lang='lat' dir='ltr'><strong>iocatur</strong></span> <span class='ocrx_word' id='word_1_62' title='bbox 1674 817 1730 861; x_wconf 89' lang='lat' dir='ltr'><strong>de</strong></span> <span class='ocrx_word' id='word_1_63' title='bbox 1775 830 1857 861; x_wconf 89' lang='lat' dir='ltr'><strong>usu</strong></span> 
     </span>
    </p>

    <p class='ocr_par' dir='ltr' id='par_1_8' title="bbox 164 879 1858 954">
     <span class='ocr_line' id='line_1_8' title="bbox 164 879 1858 954; baseline 0.001 -13"><span class='ocrx_word' id='word_1_64' title='bbox 164 899 359 954; x_wconf 89' lang='lat' dir='ltr'><strong>puellae,</strong></span> <span class='ocrx_word' id='word_1_65' title='bbox 405 899 559 941; x_wconf 84' lang='lat' dir='ltr'><strong>fortius</strong></span> <span class='ocrx_word' id='word_1_66' title='bbox 586 909 753 940; x_wconf 90' lang='lat' dir='ltr'><strong>merum</strong></span> <span class='ocrx_word' id='word_1_67' title='bbox 786 879 978 952; x_wconf 84' lang='lat' dir='ltr'><strong>postulat</strong></span> <span class='ocrx_word' id='word_1_68' title='bbox 1008 901 1054 939; x_wconf 89' lang='lat' dir='ltr'><strong>et</strong></span> <span class='ocrx_word' id='word_1_69' title='bbox 1081 897 1328 939; x_wconf 89' lang='lat' dir='ltr'><strong>iamdudum</strong></span> <span class='ocrx_word' id='word_1_70' title='bbox 1357 903 1488 953; x_wconf 85' lang='lat' dir='ltr'><strong>caput</strong></span> <span class='ocrx_word' id='word_1_71' title='bbox 1518 901 1748 953; x_wconf 89' lang='lat' dir='ltr'><strong>unguentis</strong></span> <span class='ocrx_word' id='word_1_72' title='bbox 1779 899 1858 943; x_wconf 86' lang='lat' dir='ltr'><strong>de·-</strong></span> 
     </span>
    </p>

    <p class='ocr_par' dir='ltr' id='par_1_9' title="bbox 163 979 1860 1118">
     <span class='ocr_line' id='line_1_9' title="bbox 163 979 1860 1026; baseline 0.001 -3"><span class='ocrx_word' id='word_1_73' title='bbox 163 981 344 1023; x_wconf 89' lang='lat' dir='ltr'><strong>libutum</strong></span> <span class='ocrx_word' id='word_1_74' title='bbox 387 986 433 1023; x_wconf 90' lang='lat' dir='ltr'><strong>et</strong></span> <span class='ocrx_word' id='word_1_75' title='bbox 475 983 725 1022; x_wconf 90' lang='lat' dir='ltr'><strong>coronatum</strong></span> <span class='ocrx_word' id='word_1_76' title='bbox 774 979 892 1022; x_wconf 87' lang='lat' dir='ltr'><strong>velit.</strong></span> <span class='ocrx_word' id='word_1_77' title='bbox 965 979 1100 1021; x_wconf 84' lang='lat' dir='ltr'><strong>Amor</strong></span> <span class='ocrx_word' id='word_1_78' title='bbox 1145 979 1341 1022; x_wconf 81' lang='lat' dir='ltr'><strong>Neaerae</strong></span> <span class='ocrx_word' id='word_1_79' title='bbox 1385 980 1523 1022; x_wconf 87' lang='lat' dir='ltr'><strong>victus</strong></span> <span class='ocrx_word' id='word_1_80' title='bbox 1570 986 1650 1023; x_wconf 90' lang='lat' dir='ltr'><strong>est.</strong></span> <span class='ocrx_word' id='word_1_81' title='bbox 1725 981 1860 1026; x_wconf 87' lang='lat' dir='ltr'><strong>Vides</strong></span> 
     </span>
     <span class='ocr_line' id='line_1_10' title="bbox 165 1052 1858 1118; baseline -0.001 -12"><span class='ocrx_word' id='word_1_82' title='bbox 165 1062 375 1109; x_wconf 84' lang='lat' dir='ltr'><strong>rationem</strong></span> <span class='ocrx_word' id='word_1_83' title='bbox 414 1062 639 1105; x_wconf 71' lang='lat' dir='ltr'><strong>carminisz</strong></span> <span class='ocrx_word' id='word_1_84' title='bbox 684 1060 868 1104; x_wconf 85' lang='lat' dir='ltr'><strong>redeunt</strong></span> <span class='ocrx_word' id='word_1_85' title='bbox 908 1052 1161 1115; x_wconf 50' lang='lat' dir='ltr'><strong>omnia&#39;e0,</strong></span> <span class='ocrx_word' id='word_1_86' title='bbox 1199 1066 1248 1103; x_wconf 89' lang='lat' dir='ltr'><strong>ut</strong></span> <span class='ocrx_word' id='word_1_87' title='bbox 1279 1074 1409 1103; x_wconf 85' lang='lat' dir='ltr'><strong>curae</strong></span> <span class='ocrx_word' id='word_1_88' title='bbox 1441 1062 1599 1104; x_wconf 89' lang='lat' dir='ltr'><strong>amoris</strong></span> <span class='ocrx_word' id='word_1_89' title='bbox 1630 1063 1858 1118; x_wconf 83' lang='lat' dir='ltr'><strong>pellantur,</strong></span> 
     </span>
    </p>

    <p class='ocr_par' dir='ltr' id='par_1_10' title="bbox 162 1138 1936 3454">
     <span class='ocr_line' id='line_1_11' title="bbox 169 1138 1862 1199; baseline 0.002 -13"><span class='ocrx_word' id='word_1_90' title='bbox 169 1156 280 1199; x_wconf 91' lang='lat' dir='ltr'><strong>quae</strong></span> <span class='ocrx_word' id='word_1_91' title='bbox 323 1157 394 1187; x_wconf 88' lang='lat' dir='ltr'><strong>res</strong></span> <span class='ocrx_word' id='word_1_92' title='bbox 431 1138 534 1187; x_wconf 84' lang='lat' dir='ltr'><strong>&#39;cum</strong></span> <span class='ocrx_word' id='word_1_93' title='bbox 575 1156 661 1187; x_wconf 92' lang='lat' dir='ltr'><strong>non</strong></span> <span class='ocrx_word' id='word_1_94' title='bbox 688 1143 1072 1188; x_wconf 82' lang='lat' dir='ltr'><strong>statimsuccedat</strong></span> <span class='ocrx_word' id='word_1_95' title='bbox 1103 1148 1147 1186; x_wconf 86' lang='lat' dir='ltr'><strong>et</strong></span> <span class='ocrx_word' id='word_1_96' title='bbox 1177 1142 1410 1186; x_wconf 86' lang='lat' dir='ltr'><strong>identidem</strong></span> <span class='ocrx_word' id='word_1_97' title='bbox 1444 1145 1664 1188; x_wconf 82' lang='lat' dir='ltr'><strong>relabatur</strong></span> <span class='ocrx_word' id='word_1_98' title='bbox 1693 1146 1862 1190; x_wconf 87' lang='lat' dir='ltr'><strong>animus</strong></span> 
     </span>
     <span class='ocr_line' id='line_1_12' title="bbox 163 1228 1862 1286; baseline 0.002 -15"><span class='ocrx_word' id='word_1_99' title='bbox 163 1229 218 1271; x_wconf 77' lang='lat' dir='ltr'><strong>a&#39;d</strong></span> <span class='ocrx_word' id='word_1_100' title='bbox 248 1229 445 1271; x_wconf 90' lang='lat' dir='ltr'><strong>dolorem</strong></span> <span class='ocrx_word' id='word_1_101' title='bbox 476 1232 522 1270; x_wconf 92' lang='lat' dir='ltr'><strong>et</strong></span> <span class='ocrx_word' id='word_1_102' title='bbox 551 1228 801 1284; x_wconf 86' lang='lat' dir='ltr'><strong>querelam,-</strong></span> <span class='ocrx_word' id='word_1_103' title='bbox 836 1228 1028 1271; x_wconf 81' lang='lat' dir='ltr'><strong>nascitur</strong></span> <span class='ocrx_word' id='word_1_104' title='bbox 1066 1229 1130 1271; x_wconf 89' lang='lat' dir='ltr'><strong>sic</strong></span> <span class='ocrx_word' id='word_1_105' title='bbox 1166 1232 1466 1283; x_wconf 80' lang='lat' dir='ltr'><strong>argumentum</strong></span> <span class='ocrx_word' id='word_1_106' title='bbox 1510 1231 1704 1285; x_wconf 84' lang='lat' dir='ltr'><strong>elegiae,</strong></span> <span class='ocrx_word' id='word_1_107' title='bbox 1749 1244 1862 1286; x_wconf 89' lang='lat' dir='ltr'><strong>quae</strong></span> 
     </span>
     <span class='ocr_line' id='line_1_13' title="bbox 164 1309 1864 1367; baseline 0.003 -15"><span class='ocrx_word' id='word_1_108' title='bbox 164 1312 399 1353; x_wconf 88' lang='lat' dir='ltr'><strong>luctantem</strong></span> <span class='ocrx_word' id='word_1_109' title='bbox 439 1309 616 1353; x_wconf 83' lang='lat' dir='ltr'><strong>exbibet</strong></span> <span class='ocrx_word' id='word_1_110' title='bbox 654 1314 830 1367; x_wconf 79' lang='lat' dir='ltr'><strong>poetam</strong></span> <span class='ocrx_word' id='word_1_111' title='bbox 873 1322 971 1354; x_wconf 88' lang='lat' dir='ltr'><strong>cum</strong></span> <span class='ocrx_word' id='word_1_112' title='bbox 1014 1310 1130 1352; x_wconf 82' lang='lat' dir='ltr'><strong>curis</strong></span> <span class='ocrx_word' id='word_1_113' title='bbox 1171 1311 1357 1364; x_wconf 90' lang='lat' dir='ltr'><strong>amoris,</strong></span> <span class='ocrx_word' id='word_1_114' title='bbox 1413 1310 1552 1356; x_wconf 90' lang='lat' dir='ltr'><strong>donec</strong></span> <span class='ocrx_word' id='word_1_115' title='bbox 1592 1325 1666 1355; x_wconf 87' lang='lat' dir='ltr'><strong>eas</strong></span> <span class='ocrx_word' id='word_1_116' title='bbox 1707 1313 1864 1359; x_wconf 87' lang='lat' dir='ltr'><strong>vincat.</strong></span> 
     </span>
     <span class='ocr_line' id='line_1_14' title="bbox 162 1393 1864 1453; baseline -0.001 -11"><span class='ocrx_word' id='word_1_117' title='bbox 162 1401 306 1453; x_wconf 81' lang='lat' dir='ltr'><strong>Atque</strong></span> <span class='ocrx_word' id='word_1_118' title='bbox 336 1393 444 1439; x_wconf 72' lang='lat' dir='ltr'><strong>llaec</strong></span> <span class='ocrx_word' id='word_1_119' title='bbox 474 1399 541 1438; x_wconf 86' lang='lat' dir='ltr'><strong>est</strong></span> <span class='ocrx_word' id='word_1_120' title='bbox 570 1404 697 1449; x_wconf 88' lang='lat' dir='ltr'><strong>quam</strong></span> <span class='ocrx_word' id='word_1_121' title='bbox 728 1393 905 1437; x_wconf 88' lang='lat' dir='ltr'><strong>laudant</strong></span> <span class='ocrx_word' id='word_1_122' title='bbox 935 1394 1120 1436; x_wconf 79' lang='lat' dir='ltr'><strong>varietas</strong></span> <span class='ocrx_word' id='word_1_123' title='bbox 1163 1394 1424 1448; x_wconf 88' lang='lat' dir='ltr'><strong>affectuum,</strong></span> <span class='ocrx_word' id='word_1_124' title='bbox 1467 1399 1515 1438; x_wconf 88' lang='lat' dir='ltr'><strong>tu</strong></span> <span class='ocrx_word' id='word_1_125' title='bbox 1555 1395 1676 1439; x_wconf 85' lang='lat' dir='ltr'><strong>vides</strong></span> <span class='ocrx_word' id='word_1_126' title='bbox 1705 1397 1864 1440; x_wconf 82' lang='lat' dir='ltr'><strong>luctam</strong></span> 
     </span>
     <span class='ocr_line' id='line_1_15' title="bbox 168 1477 1865 1534; baseline 0 -11"><span class='ocrx_word' id='word_1_127' title='bbox 168 1494 266 1523; x_wconf 88' lang='lat' dir='ltr'><strong>esse</strong></span> <span class='ocrx_word' id='word_1_128' title='bbox 295 1478 591 1529; x_wconf 78' lang='lat' dir='ltr'><strong>emendem,</strong></span> <span class='ocrx_word' id='word_1_129' title='bbox 620 1483 692 1522; x_wconf 88' lang='lat' dir='ltr'><strong>ter</strong></span> <span class='ocrx_word' id='word_1_130' title='bbox 719 1479 942 1521; x_wconf 82' lang='lat' dir='ltr'><strong>relabente</strong></span> <span class='ocrx_word' id='word_1_131' title='bbox 975 1482 1104 1534; x_wconf 86' lang='lat' dir='ltr'><strong>poeta</strong></span> <span class='ocrx_word' id='word_1_132' title='bbox 1136 1477 1190 1520; x_wconf 85' lang='lat' dir='ltr'><strong>ad</strong></span> <span class='ocrx_word' id='word_1_133' title='bbox 1222 1479 1457 1532; x_wconf 87' lang='lat' dir='ltr'><strong>querelam,</strong></span> <span class='ocrx_word' id='word_1_134' title='bbox 1489 1482 1557 1521; x_wconf 88' lang='lat' dir='ltr'><strong>ter</strong></span> <span class='ocrx_word' id='word_1_135' title='bbox 1586 1491 1634 1522; x_wconf 87' lang='lat' dir='ltr'><strong>se</strong></span> <span class='ocrx_word' id='word_1_136' title='bbox 1668 1481 1865 1534; x_wconf 87' lang='lat' dir='ltr'><strong>erigente</strong></span> 
     </span>
     <span class='ocr_line' id='line_1_16' title="bbox 169 1562 1869 1619; baseline 0 -12"><span class='ocrx_word' id='word_1_137' title='bbox 169 1577 331 1608; x_wconf 89' lang='lat' dir='ltr'><strong>rursus.</strong></span> <span class='ocrx_word' id='word_1_138' title='bbox 390 1563 552 1606; x_wconf 87' lang='lat' dir='ltr'><strong>Tibulli</strong></span> <span class='ocrx_word' id='word_1_139' title='bbox 594 1563 791 1619; x_wconf 81' lang='lat' dir='ltr'><strong>spiritum</strong></span> <span class='ocrx_word' id='word_1_140' title='bbox 833 1569 1075 1618; x_wconf 81' lang='lat' dir='ltr'><strong>nervosque</strong></span> <span class='ocrx_word' id='word_1_141' title='bbox 1114 1565 1244 1606; x_wconf 86' lang='lat' dir='ltr'><strong>etiam</strong></span> <span class='ocrx_word' id='word_1_142' title='bbox 1286 1562 1393 1606; x_wconf 89' lang='lat' dir='ltr'><strong>haec</strong></span> <span class='ocrx_word' id='word_1_143' title='bbox 1434 1565 1575 1618; x_wconf 87' lang='lat' dir='ltr'><strong>elegia</strong></span> <span class='ocrx_word' id='word_1_144' title='bbox 1606 1577 1692 1607; x_wconf 91' lang='lat' dir='ltr'><strong>non</strong></span> <span class='ocrx_word' id='word_1_145' title='bbox 1725 1564 1869 1617; x_wconf 86' lang='lat' dir='ltr'><strong>habet,</strong></span> 
     </span>
     <span class='ocr_line' id='line_1_17' title="bbox 171 1645 1870 1704; baseline -0.001 -13"><span class='ocrx_word' id='word_1_146' title='bbox 171 1661 381 1704; x_wconf 88' lang='lat' dir='ltr'><strong>nusquam</strong></span> <span class='ocrx_word' id='word_1_147' title='bbox 410 1647 465 1691; x_wconf 83' lang='lat' dir='ltr'><strong>ad</strong></span> <span class='ocrx_word' id='word_1_148' title='bbox 495 1648 581 1691; x_wconf 77' lang='lat' dir='ltr'><strong>vim</strong></span> <span class='ocrx_word' id='word_1_149' title='bbox 612 1647 846 1690; x_wconf 88' lang='lat' dir='ltr'><strong>Tibulliani</strong></span> <span class='ocrx_word' id='word_1_150' title='bbox 877 1649 1088 1701; x_wconf 81' lang='lat' dir='ltr'><strong>affectus,</strong></span> <span class='ocrx_word' id='word_1_151' title='bbox 1119 1647 1174 1690; x_wconf 85' lang='lat' dir='ltr'><strong>ad</strong></span> <span class='ocrx_word' id='word_1_152' title='bbox 1205 1645 1478 1690; x_wconf 86' lang='lat' dir='ltr'><strong>Tibullianae</strong></span> <span class='ocrx_word' id='word_1_153' title='bbox 1509 1648 1715 1689; x_wconf 89' lang='lat' dir='ltr'><strong>orationis</strong></span> <span class='ocrx_word' id='word_1_154' title='bbox 1743 1649 1870 1701; x_wconf 88' lang='lat' dir='ltr'><strong>vigo-</strong></span> 
     </span>
     <span class='ocr_line' id='line_1_18' title="bbox 168 1729 1870 1786; baseline -0.003 -11"><span class='ocrx_word' id='word_1_155' title='bbox 168 1745 261 1775; x_wconf 88' lang='lat' dir='ltr'><strong>rem</strong></span> <span class='ocrx_word' id='word_1_156' title='bbox 302 1744 564 1786; x_wconf 82' lang='lat' dir='ltr'><strong>assurgens,</strong></span> <span class='ocrx_word' id='word_1_157' title='bbox 609 1743 691 1773; x_wconf 90' lang='lat' dir='ltr'><strong>nec</strong></span> <span class='ocrx_word' id='word_1_158' title='bbox 729 1729 936 1773; x_wconf 67' lang='lat' dir='ltr'><strong>valedixit</strong></span> <span class='ocrx_word' id='word_1_159' title='bbox 978 1729 1052 1772; x_wconf 89' lang='lat' dir='ltr'><strong>tali</strong></span> <span class='ocrx_word' id='word_1_160' title='bbox 1092 1730 1282 1772; x_wconf 86' lang='lat' dir='ltr'><strong>carmine</strong></span> <span class='ocrx_word' id='word_1_161' title='bbox 1311 1729 1512 1772; x_wconf 89' lang='lat' dir='ltr'><strong>Tibullus</strong></span> <span class='ocrx_word' id='word_1_162' title='bbox 1551 1734 1719 1771; x_wconf 85' lang='lat' dir='ltr'><strong>amatae</strong></span> <span class='ocrx_word' id='word_1_163' title='bbox 1751 1730 1870 1784; x_wconf 90' lang='lat' dir='ltr'><strong>prius</strong></span> 
     </span>
     <span class='ocr_line' id='line_1_19' title="bbox 173 1810 1870 1866; baseline -0.002 -10"><span class='ocrx_word' id='word_1_164' title='bbox 173 1814 336 1866; x_wconf 89' lang='lat' dir='ltr'><strong>Deliae,</strong></span> <span class='ocrx_word' id='word_1_165' title='bbox 357 1813 432 1856; x_wconf 89' lang='lat' dir='ltr'><strong>sed</strong></span> <span class='ocrx_word' id='word_1_166' title='bbox 453 1812 584 1855; x_wconf 90' lang='lat' dir='ltr'><strong>tacite</strong></span> <span class='ocrx_word' id='word_1_167' title='bbox 607 1811 817 1855; x_wconf 80' lang='lat' dir='ltr'><strong>discessit.</strong></span> <span class='ocrx_word' id='word_1_168' title='bbox 867 1814 1016 1854; x_wconf 84' lang='lat' dir='ltr'><strong>Artem</strong></span> <span class='ocrx_word' id='word_1_169' title='bbox 1040 1824 1144 1854; x_wconf 86' lang='lat' dir='ltr'><strong>vero</strong></span> <span class='ocrx_word' id='word_1_170' title='bbox 1167 1811 1328 1853; x_wconf 86' lang='lat' dir='ltr'><strong>Tibulli</strong></span> <span class='ocrx_word' id='word_1_171' title='bbox 1355 1811 1428 1865; x_wconf 87' lang='lat' dir='ltr'><strong>qui</strong></span> <span class='ocrx_word' id='word_1_172' title='bbox 1452 1811 1584 1864; x_wconf 82' lang='lat' dir='ltr'><strong>novit,</strong></span> <span class='ocrx_word' id='word_1_173' title='bbox 1607 1810 1870 1854; x_wconf 88' lang='lat' dir='ltr'><strong>desiderabit</strong></span> 
     </span>
     <span class='ocr_line' id='line_1_20' title="bbox 173 1893 1871 1950; baseline -0.002 -14"><span class='ocrx_word' id='word_1_174' title='bbox 173 1896 318 1938; x_wconf 85' lang='lat' dir='ltr'><strong>statim</strong></span> <span class='ocrx_word' id='word_1_175' title='bbox 358 1895 670 1950; x_wconf 87' lang='lat' dir='ltr'><strong>descriptiones</strong></span> <span class='ocrx_word' id='word_1_176' title='bbox 712 1893 963 1936; x_wconf 88' lang='lat' dir='ltr'><strong>disertiores</strong></span> <span class='ocrx_word' id='word_1_177' title='bbox 1004 1893 1238 1935; x_wconf 85' lang='lat' dir='ltr'><strong>affectuum</strong></span> <span class='ocrx_word' id='word_1_178' title='bbox 1270 1894 1374 1934; x_wconf 88' lang='lat' dir='ltr'><strong>alias</strong></span> <span class='ocrx_word' id='word_1_179' title='bbox 1406 1898 1534 1948; x_wconf 87' lang='lat' dir='ltr'><strong>atque</strong></span> <span class='ocrx_word' id='word_1_180' title='bbox 1565 1895 1670 1936; x_wconf 88' lang='lat' dir='ltr'><strong>alias</strong></span> <span class='ocrx_word' id='word_1_181' title='bbox 1702 1893 1871 1947; x_wconf 75' lang='lat' dir='ltr'><strong>(wech-</strong></span> 
     </span>
     <span class='ocr_line' id='line_1_21' title="bbox 171 1974 1870 2032; baseline -0.001 -11"><span class='ocrx_word' id='word_1_182' title='bbox 171 1978 319 2022; x_wconf 78' lang='lat' dir='ltr'><strong>selnde</strong></span> <span class='ocrx_word' id='word_1_183' title='bbox 352 1977 596 2020; x_wconf 79' lang='lat' dir='ltr'><strong>Gemc&#39;ilzlde</strong></span> <span class='ocrx_word' id='word_1_184' title='bbox 637 1976 712 2019; x_wconf 78' lang='lat' dir='ltr'><strong>des</strong></span> <span class='ocrx_word' id='word_1_185' title='bbox 751 1976 1005 2018; x_wconf 76' lang='lat' dir='ltr'><strong>Schmerzes</strong></span> <span class='ocrx_word' id='word_1_186' title='bbox 1033 1975 1128 2016; x_wconf 82' lang='lat' dir='ltr'><strong>und</strong></span> <span class='ocrx_word' id='word_1_187' title='bbox 1161 1974 1238 2016; x_wconf 82' lang='lat' dir='ltr'><strong>der</strong></span> <span class='ocrx_word' id='word_1_188' title='bbox 1278 1975 1633 2032; x_wconf 76' lang='lat' dir='ltr'><strong>Frb‘lzliclzkeit)‚</strong></span> <span class='ocrx_word' id='word_1_189' title='bbox 1683 1977 1870 2019; x_wconf 84' lang='lat' dir='ltr'><strong>maxime</strong></span> 
     </span>
     <span class='ocr_line' id='line_1_22' title="bbox 173 2059 1872 2115; baseline -0.001 -12"><span class='ocrx_word' id='word_1_190' title='bbox 173 2061 242 2105; x_wconf 79' lang='lat' dir='ltr'><strong>hic</strong></span> <span class='ocrx_word' id='word_1_191' title='bbox 281 2062 574 2114; x_wconf 82' lang='lat' dir='ltr'><strong>necessarias;</strong></span> <span class='ocrx_word' id='word_1_192' title='bbox 619 2072 766 2103; x_wconf 80' lang='lat' dir='ltr'><strong>verum</strong></span> <span class='ocrx_word' id='word_1_193' title='bbox 811 2059 936 2102; x_wconf 90' lang='lat' dir='ltr'><strong>dolor</strong></span> <span class='ocrx_word' id='word_1_194' title='bbox 979 2060 1151 2102; x_wconf 90' lang='lat' dir='ltr'><strong>omnino</strong></span> <span class='ocrx_word' id='word_1_195' title='bbox 1194 2072 1279 2101; x_wconf 92' lang='lat' dir='ltr'><strong>non</strong></span> <span class='ocrx_word' id='word_1_196' title='bbox 1323 2059 1572 2115; x_wconf 90' lang='lat' dir='ltr'><strong>depingitur</strong></span> <span class='ocrx_word' id='word_1_197' title='bbox 1613 2061 1872 2113; x_wconf 83' lang='lat' dir='ltr'><strong>accuratius,</strong></span> 
     </span>
     <span class='ocr_line' id='line_1_23' title="bbox 170 2140 1877 2199; baseline -0.004 -10"><span class='ocrx_word' id='word_1_198' title='bbox 170 2145 248 2189; x_wconf 86' lang='lat' dir='ltr'><strong>sed</strong></span> <span class='ocrx_word' id='word_1_199' title='bbox 279 2147 352 2189; x_wconf 84' lang='lat' dir='ltr'><strong>vix</strong></span> <span class='ocrx_word' id='word_1_200' title='bbox 383 2150 505 2188; x_wconf 87' lang='lat' dir='ltr'><strong>ortus</strong></span> <span class='ocrx_word' id='word_1_201' title='bbox 533 2144 678 2188; x_wconf 88' lang='lat' dir='ltr'><strong>statim</strong></span> <span class='ocrx_word' id='word_1_202' title='bbox 710 2143 988 2199; x_wconf 89' lang='lat' dir='ltr'><strong>deprimitur,</strong></span> <span class='ocrx_word' id='word_1_203' title='bbox 1020 2140 1209 2184; x_wconf 85' lang='lat' dir='ltr'><strong>hilaritas</strong></span> <span class='ocrx_word' id='word_1_204' title='bbox 1240 2145 1384 2184; x_wconf 87' lang='lat' dir='ltr'><strong>autem</strong></span> <span class='ocrx_word' id='word_1_205' title='bbox 1416 2142 1479 2184; x_wconf 85' lang='lat' dir='ltr'><strong>sic</strong></span> <span class='ocrx_word' id='word_1_206' title='bbox 1509 2141 1601 2184; x_wconf 85' lang='lat' dir='ltr'><strong>fere</strong></span> <span class='ocrx_word' id='word_1_207' title='bbox 1633 2141 1877 2184; x_wconf 83' lang='lat' dir='ltr'><strong>declaratur</strong></span> 
     </span>
     <span class='ocr_line' id='line_1_24' title="bbox 172 2223 1879 2285; baseline -0.004 -13"><span class='ocrx_word' id='word_1_208' title='bbox 172 2240 368 2285; x_wconf 84' lang='lat' dir='ltr'><strong>semper,</strong></span> <span class='ocrx_word' id='word_1_209' title='bbox 408 2233 460 2270; x_wconf 88' lang='lat' dir='ltr'><strong>ut</strong></span> <span class='ocrx_word' id='word_1_210' title='bbox 498 2227 554 2271; x_wconf 92' lang='lat' dir='ltr'><strong>ad</strong></span> <span class='ocrx_word' id='word_1_211' title='bbox 594 2225 827 2269; x_wconf 88' lang='lat' dir='ltr'><strong>bibendum</strong></span> <span class='ocrx_word' id='word_1_212' title='bbox 869 2237 916 2268; x_wconf 89' lang='lat' dir='ltr'><strong>se</strong></span> <span class='ocrx_word' id='word_1_213' title='bbox 958 2223 1212 2268; x_wconf 80' lang='lat' dir='ltr'><strong>exhortetur</strong></span> <span class='ocrx_word' id='word_1_214' title='bbox 1245 2228 1378 2280; x_wconf 87' lang='lat' dir='ltr'><strong>poeta</strong></span> <span class='ocrx_word' id='word_1_215' title='bbox 1418 2228 1463 2266; x_wconf 89' lang='lat' dir='ltr'><strong>et</strong></span> <span class='ocrx_word' id='word_1_216' title='bbox 1503 2237 1629 2266; x_wconf 88' lang='lat' dir='ltr'><strong>curas</strong></span> <span class='ocrx_word' id='word_1_217' title='bbox 1660 2224 1779 2266; x_wconf 90' lang='lat' dir='ltr'><strong>abire</strong></span> <span class='ocrx_word' id='word_1_218' title='bbox 1809 2224 1879 2265; x_wconf 90' lang='lat' dir='ltr'><strong>iu-</strong></span> 
     </span>
     <span class='ocr_line' id='line_1_25' title="bbox 181 2303 1883 2366; baseline -0.004 -11"><span class='ocrx_word' id='word_1_219' title='bbox 181 2313 305 2365; x_wconf 88' lang='lat' dir='ltr'><strong>beat,</strong></span> <span class='ocrx_word' id='word_1_220' title='bbox 344 2312 462 2355; x_wconf 84' lang='lat' dir='ltr'><strong>nulla</strong></span> <span class='ocrx_word' id='word_1_221' title='bbox 491 2303 734 2366; x_wconf 81' lang='lat' dir='ltr'><strong>pulchriore</strong></span> <span class='ocrx_word' id='word_1_222' title='bbox 759 2308 1003 2351; x_wconf 80' lang='lat' dir='ltr'><strong>¹variatione</strong></span> <span class='ocrx_word' id='word_1_223' title='bbox 1035 2307 1340 2349; x_wconf 87' lang='lat' dir='ltr'><strong>sententiarum</strong></span> <span class='ocrx_word' id='word_1_224' title='bbox 1373 2305 1586 2358; x_wconf 87' lang='lat' dir='ltr'><strong>adhibita,</strong></span> <span class='ocrx_word' id='word_1_225' title='bbox 1619 2318 1670 2348; x_wconf 88' lang='lat' dir='ltr'><strong>ac</strong></span> <span class='ocrx_word' id='word_1_226' title='bbox 1699 2305 1782 2347; x_wconf 90' lang='lat' dir='ltr'><strong>nisi</strong></span> <span class='ocrx_word' id='word_1_227' title='bbox 1810 2307 1883 2349; x_wconf 72' lang='lat' dir='ltr'><strong>lo·-</strong></span> 
     </span>
     <span class='ocr_line' id='line_1_26' title="bbox 185 2386 1884 2448; baseline -0.004 -12"><span class='ocrx_word' id='word_1_228' title='bbox 185 2406 263 2437; x_wconf 89' lang='lat' dir='ltr'><strong>cus</strong></span> <span class='ocrx_word' id='word_1_229' title='bbox 293 2392 348 2436; x_wconf 89' lang='lat' dir='ltr'><strong>de</strong></span> <span class='ocrx_word' id='word_1_230' title='bbox 387 2392 587 2448; x_wconf 87' lang='lat' dir='ltr'><strong>periuriis</strong></span> <span class='ocrx_word' id='word_1_231' title='bbox 616 2390 849 2434; x_wconf 81' lang='lat' dir='ltr'><strong>amantium</strong></span> <span class='ocrx_word' id='word_1_232' title='bbox 881 2387 1055 2431; x_wconf 88' lang='lat' dir='ltr'><strong>adesset</strong></span> <span class='ocrx_word' id='word_1_233' title='bbox 1086 2387 1326 2442; x_wconf 83' lang='lat'><strong>(45-50),</strong></span> <span class='ocrx_word' id='word_1_234' title='bbox 1369 2387 1442 2429; x_wconf 91' lang='lat' dir='ltr'><strong>ubi</strong></span> <span class='ocrx_word' id='word_1_235' title='bbox 1473 2387 1634 2441; x_wconf 87' lang='lat' dir='ltr'><strong>aliquid</strong></span> <span class='ocrx_word' id='word_1_236' title='bbox 1664 2391 1785 2430; x_wconf 87' lang='lat' dir='ltr'><strong>certe</strong></span> <span class='ocrx_word' id='word_1_237' title='bbox 1814 2386 1884 2430; x_wconf 82' lang='lat' dir='ltr'><strong>di-</strong></span> 
     </span>
     <span class='ocr_line' id='line_1_27' title="bbox 179 2470 1886 2534; baseline -0.006 -13"><span class='ocrx_word' id='word_1_238' title='bbox 179 2479 293 2521; x_wconf 88' lang='lat' dir='ltr'><strong>citur</strong></span> <span class='ocrx_word' id='word_1_239' title='bbox 321 2477 527 2534; x_wconf 83' lang='lat' dir='ltr'><strong>amplius,</strong></span> <span class='ocrx_word' id='word_1_240' title='bbox 573 2473 885 2532; x_wconf 82' lang='lat' dir='ltr'><strong>propemodum</strong></span> <span class='ocrx_word' id='word_1_241' title='bbox 927 2471 1032 2515; x_wconf 86' lang='lat' dir='ltr'><strong>nihil</strong></span> <span class='ocrx_word' id='word_1_242' title='bbox 1063 2475 1235 2527; x_wconf 89' lang='lat' dir='ltr'><strong>praeter</strong></span> <span class='ocrx_word' id='word_1_243' title='bbox 1274 2470 1405 2513; x_wconf 88' lang='lat' dir='ltr'><strong>verba</strong></span> <span class='ocrx_word' id='word_1_244' title='bbox 1437 2471 1481 2513; x_wconf 92' lang='lat' dir='ltr'><strong>in</strong></span> <span class='ocrx_word' id='word_1_245' title='bbox 1521 2474 1614 2512; x_wconf 88' lang='lat' dir='ltr'><strong>tota</strong></span> <span class='ocrx_word' id='word_1_246' title='bbox 1645 2470 1786 2524; x_wconf 86' lang='lat' dir='ltr'><strong>elegia</strong></span> <span class='ocrx_word' id='word_1_247' title='bbox 1817 2470 1886 2512; x_wconf 89' lang='lat' dir='ltr'><strong>vi-</strong></span> 
     </span>
     <span class='ocr_line' id='line_1_28' title="bbox 180 2553 1885 2615; baseline -0.006 -9"><span class='ocrx_word' id='word_1_248' title='bbox 180 2563 318 2606; x_wconf 88' lang='lat' dir='ltr'><strong>deres.</strong></span> <span class='ocrx_word' id='word_1_249' title='bbox 383 2561 509 2607; x_wconf 82' lang='lat' dir='ltr'><strong>Quae</strong></span> <span class='ocrx_word' id='word_1_250' title='bbox 537 2556 685 2615; x_wconf 87' lang='lat' dir='ltr'><strong>inopia</strong></span> <span class='ocrx_word' id='word_1_251' title='bbox 712 2566 856 2600; x_wconf 77' lang='lat' dir='ltr'><strong>rerum</strong></span> <span class='ocrx_word' id='word_1_252' title='bbox 886 2554 1103 2611; x_wconf 88' lang='lat' dir='ltr'><strong>quomodo</strong></span> <span class='ocrx_word' id='word_1_253' title='bbox 1126 2553 1370 2596; x_wconf 87' lang='lat' dir='ltr'><strong>Tibulliana</strong></span> <span class='ocrx_word' id='word_1_254' title='bbox 1399 2553 1535 2597; x_wconf 89' lang='lat' dir='ltr'><strong>videri</strong></span> <span class='ocrx_word' id='word_1_255' title='bbox 1563 2554 1768 2610; x_wconf 89' lang='lat' dir='ltr'><strong>potuerit,</strong></span> <span class='ocrx_word' id='word_1_256' title='bbox 1798 2553 1885 2596; x_wconf 82' lang='lat' dir='ltr'><strong>dif-</strong></span> 
     </span>
     <span class='ocr_line' id='line_1_29' title="bbox 181 2636 1886 2699; baseline -0.007 -9"><span class='ocrx_word' id='word_1_257' title='bbox 181 2647 297 2691; x_wconf 87' lang='lat' dir='ltr'><strong>ficile</strong></span> <span class='ocrx_word' id='word_1_258' title='bbox 327 2637 399 2689; x_wconf 70' lang='lat' dir='ltr'><strong>est</strong></span> <span class='ocrx_word' id='word_1_259' title='bbox 422 2644 608 2699; x_wconf 86' lang='lat' dir='ltr'><strong>assequi.</strong></span> <span class='ocrx_word' id='word_1_260' title='bbox 667 2641 794 2685; x_wconf 86' lang='lat' dir='ltr'><strong>Facit</strong></span> <span class='ocrx_word' id='word_1_261' title='bbox 824 2640 930 2683; x_wconf 71' lang='lat' dir='ltr'><strong>llaec</strong></span> <span class='ocrx_word' id='word_1_262' title='bbox 961 2639 1131 2695; x_wconf 88' lang='lat' dir='ltr'><strong>inopia,</strong></span> <span class='ocrx_word' id='word_1_263' title='bbox 1176 2643 1225 2680; x_wconf 87' lang='lat' dir='ltr'><strong>ut</strong></span> <span class='ocrx_word' id='word_1_264' title='bbox 1265 2642 1404 2681; x_wconf 90' lang='lat' dir='ltr'><strong>totum</strong></span> <span class='ocrx_word' id='word_1_265' title='bbox 1447 2651 1618 2681; x_wconf 88' lang='lat' dir='ltr'><strong>carmen</strong></span> <span class='ocrx_word' id='word_1_266' title='bbox 1659 2636 1763 2681; x_wconf 89' lang='lat' dir='ltr'><strong>nihil</strong></span> <span class='ocrx_word' id='word_1_267' title='bbox 1803 2636 1886 2679; x_wconf 88' lang='lat' dir='ltr'><strong>nisi</strong></span> 
     </span>
     <span class='ocr_line' id='line_1_30' title="bbox 188 2708 1886 2777; baseline -0.006 -3"><span class='ocrx_word' id='word_1_268' title='bbox 188 2708 358 2774; x_wconf 81' lang='lat' dir='ltr'><strong>inanem</strong></span> <span class='ocrx_word' id='word_1_269' title='bbox 400 2729 542 2772; x_wconf 88' lang='lat' dir='ltr'><strong>lusum</strong></span> <span class='ocrx_word' id='word_1_270' title='bbox 583 2726 766 2770; x_wconf 86' lang='lat' dir='ltr'><strong>duorum</strong></span> <span class='ocrx_word' id='word_1_271' title='bbox 797 2729 992 2768; x_wconf 90' lang='lat' dir='ltr'><strong>motuum</strong></span> <span class='ocrx_word' id='word_1_272' title='bbox 1037 2723 1218 2775; x_wconf 82' lang='lat' dir='ltr'><strong>offerat,</strong></span> <span class='ocrx_word' id='word_1_273' title='bbox 1268 2723 1341 2777; x_wconf 90' lang='lat' dir='ltr'><strong>qui</strong></span> <span class='ocrx_word' id='word_1_274' title='bbox 1372 2722 1590 2765; x_wconf 87' lang='lat' dir='ltr'><strong>fastidium</strong></span> <span class='ocrx_word' id='word_1_275' title='bbox 1621 2721 1724 2765; x_wconf 85' lang='lat' dir='ltr'><strong>facit</strong></span> <span class='ocrx_word' id='word_1_276' title='bbox 1753 2721 1886 2764; x_wconf 86' lang='lat' dir='ltr'><strong>toties</strong></span> 
     </span>
     <span class='ocr_line' id='line_1_31' title="bbox 190 2803 1890 2870; baseline -0.006 -14"><span class='ocrx_word' id='word_1_277' title='bbox 190 2813 413 2870; x_wconf 86' lang='lat' dir='ltr'><strong>repetitus.</strong></span> <span class='ocrx_word' id='word_1_278' title='bbox 456 2812 704 2854; x_wconf 70' lang='lat' dir='ltr'><strong>&#39;Postremo</strong></span> <span class='ocrx_word' id='word_1_279' title='bbox 733 2808 851 2852; x_wconf 84' lang='lat' dir='ltr'><strong>alind</strong></span> <span class='ocrx_word' id='word_1_280' title='bbox 882 2808 938 2851; x_wconf 88' lang='lat' dir='ltr'><strong>de</strong></span> <span class='ocrx_word' id='word_1_281' title='bbox 967 2807 1106 2850; x_wconf 85' lang='lat' dir='ltr'><strong>forma</strong></span> <span class='ocrx_word' id='word_1_282' title='bbox 1135 2806 1457 2862; x_wconf 90' lang='lat' dir='ltr'><strong>compositionis</strong></span> <span class='ocrx_word' id='word_1_283' title='bbox 1479 2817 1651 2851; x_wconf 81' lang='lat' dir='ltr'><strong>moneo.</strong></span> <span class='ocrx_word' id='word_1_284' title='bbox 1702 2803 1890 2847; x_wconf 66' lang='lat' dir='ltr'><strong>⁴Etenim</strong></span> 
     </span>
     <span class='ocr_line' id='line_1_32' title="bbox 187 2884 1890 2949; baseline -0.004 -11"><span class='ocrx_word' id='word_1_285' title='bbox 187 2895 341 2938; x_wconf 84' lang='lat' dir='ltr'><strong>divisio</strong></span> <span class='ocrx_word' id='word_1_286' title='bbox 366 2884 607 2948; x_wconf 41' lang='lat' dir='ltr'><strong>carminis}</strong></span> <span class='ocrx_word' id='word_1_287' title='bbox 619 2894 770 2949; x_wconf 78' lang='lat' dir='ltr'><strong>quales</strong></span> <span class='ocrx_word' id='word_1_288' title='bbox 797 2893 931 2947; x_wconf 84' lang='lat' dir='ltr'><strong>vulgo</strong></span> <span class='ocrx_word' id='word_1_289' title='bbox 963 2890 1195 2944; x_wconf 88' lang='lat' dir='ltr'><strong>habentur,</strong></span> <span class='ocrx_word' id='word_1_290' title='bbox 1231 2889 1298 2933; x_wconf 78' lang='lat' dir='ltr'><strong>liic</strong></span> <span class='ocrx_word' id='word_1_291' title='bbox 1330 2894 1395 2932; x_wconf 89' lang='lat' dir='ltr'><strong>est</strong></span> <span class='ocrx_word' id='word_1_292' title='bbox 1427 2890 1565 2932; x_wconf 84' lang='lat' dir='ltr'><strong>nulla:</strong></span> <span class='ocrx_word' id='word_1_293' title='bbox 1613 2901 1699 2932; x_wconf 90' lang='lat' dir='ltr'><strong>non</strong></span> <span class='ocrx_word' id='word_1_294' title='bbox 1730 2887 1890 2932; x_wconf 87' lang='lat' dir='ltr'><strong>habent</strong></span> 
     </span>
     <span class='ocr_line' id='line_1_33' title="bbox 187 2974 1892 3036; baseline -0.004 -13"><span class='ocrx_word' id='word_1_295' title='bbox 187 2978 259 3023; x_wconf 79' lang='lat' dir='ltr'><strong>liic</strong></span> <span class='ocrx_word' id='word_1_296' title='bbox 290 2979 546 3036; x_wconf 88' lang='lat' dir='ltr'><strong>principium</strong></span> <span class='ocrx_word' id='word_1_297' title='bbox 578 2981 623 3020; x_wconf 81' lang='lat' dir='ltr'><strong>et</strong></span> <span class='ocrx_word' id='word_1_298' title='bbox 650 2977 748 3020; x_wconf 85' lang='lat' dir='ltr'><strong>finis</strong></span> <span class='ocrx_word' id='word_1_299' title='bbox 778 2976 893 3019; x_wconf 90' lang='lat' dir='ltr'><strong>aliud</strong></span> <span class='ocrx_word' id='word_1_300' title='bbox 924 2976 1145 3031; x_wconf 89' lang='lat' dir='ltr'><strong>negotium</strong></span> <span class='ocrx_word' id='word_1_301' title='bbox 1180 2988 1307 3030; x_wconf 88' lang='lat' dir='ltr'><strong>quam</strong></span> <span class='ocrx_word' id='word_1_302' title='bbox 1352 2974 1538 3019; x_wconf 90' lang='lat' dir='ltr'><strong>medium</strong></span> <span class='ocrx_word' id='word_1_303' title='bbox 1571 2987 1767 3028; x_wconf 88' lang='lat' dir='ltr'><strong>carmen,</strong></span> <span class='ocrx_word' id='word_1_304' title='bbox 1812 2974 1892 3018; x_wconf 78' lang='lat' dir='ltr'><strong>sed</strong></span> 
     </span>
     <span class='ocr_line' id='line_1_34' title="bbox 191 3047 1936 3118; baseline -0.005 -11"><span class='ocrx_word' id='word_1_305' title='bbox 191 3064 416 3107; x_wconf 79' lang='lat' dir='ltr'><strong>uniformis</strong></span> <span class='ocrx_word' id='word_1_306' title='bbox 444 3075 471 3104; x_wconf 85' lang='lat' dir='ltr'><strong>a</strong></span> <span class='ocrx_word' id='word_1_307' title='bbox 499 3062 640 3118; x_wconf 84' lang='lat' dir='ltr'><strong>primo</strong></span> <span class='ocrx_word' id='word_1_308' title='bbox 669 3073 799 3104; x_wconf 77' lang='lat' dir='ltr'><strong>versu</strong></span> <span class='ocrx_word' id='word_1_309' title='bbox 831 3059 884 3103; x_wconf 88' lang='lat' dir='ltr'><strong>ad</strong></span> <span class='ocrx_word' id='word_1_310' title='bbox 915 3060 1112 3103; x_wconf 89' lang='lat' dir='ltr'><strong>ultimum</strong></span> <span class='ocrx_word' id='word_1_311' title='bbox 1155 3059 1346 3103; x_wconf 88' lang='lat' dir='ltr'><strong>decurrit</strong></span> <span class='ocrx_word' id='word_1_312' title='bbox 1377 3058 1604 3110; x_wconf 80' lang='lat' dir='ltr'><strong>tractatio3</strong></span> <span class='ocrx_word' id='word_1_313' title='bbox 1650 3069 1748 3099; x_wconf 90' lang='lat' dir='ltr'><strong>nam</strong></span> <span class='ocrx_word' id='word_1_314' title='bbox 1791 3059 1892 3112; x_wconf 83' lang='lat' dir='ltr'><strong>post</strong></span> <span class='ocrx_word' id='word_1_315' title='bbox 1931 3047 1936 3051; x_wconf 65' lang='grc'><strong>’</strong></span> 
     </span>
     <span class='ocr_line' id='line_1_35' title="bbox 192 3142 1891 3206; baseline -0.004 -15"><span class='ocrx_word' id='word_1_316' title='bbox 192 3148 451 3206; x_wconf 90' lang='lat' dir='ltr'><strong>principium</strong></span> <span class='ocrx_word' id='word_1_317' title='bbox 493 3147 654 3190; x_wconf 89' lang='lat' dir='ltr'><strong>laetum</strong></span> <span class='ocrx_word' id='word_1_318' title='bbox 685 3145 838 3188; x_wconf 85' lang='lat' dir='ltr'><strong>transit</strong></span> <span class='ocrx_word' id='word_1_319' title='bbox 879 3143 936 3187; x_wconf 87' lang='lat' dir='ltr'><strong>ad</strong></span> <span class='ocrx_word' id='word_1_320' title='bbox 977 3145 1236 3191; x_wconf 87' lang='lat' dir='ltr'><strong>contrarium</strong></span> <span class='ocrx_word' id='word_1_321' title='bbox 1272 3157 1470 3198; x_wconf 90' lang='lat' dir='ltr'><strong>sensum,</strong></span> <span class='ocrx_word' id='word_1_322' title='bbox 1516 3143 1617 3187; x_wconf 90' lang='lat' dir='ltr'><strong>inde</strong></span> <span class='ocrx_word' id='word_1_323' title='bbox 1647 3144 1697 3185; x_wconf 85' lang='lat' dir='ltr'><strong>fit</strong></span> <span class='ocrx_word' id='word_1_324' title='bbox 1725 3142 1891 3185; x_wconf 85' lang='lat' dir='ltr'><strong>reditus</strong></span> 
     </span>
     <span class='ocr_line' id='line_1_36' title="bbox 195 3226 1889 3284; baseline -0.004 -10"><span class='ocrx_word' id='word_1_325' title='bbox 195 3230 252 3274; x_wconf 84' lang='lat' dir='ltr'><strong>ad</strong></span> <span class='ocrx_word' id='word_1_326' title='bbox 283 3230 422 3284; x_wconf 85' lang='lat' dir='ltr'><strong>laeta,</strong></span> <span class='ocrx_word' id='word_1_327' title='bbox 469 3242 496 3271; x_wconf 88' lang='lat' dir='ltr'><strong>a</strong></span> <span class='ocrx_word' id='word_1_328' title='bbox 536 3227 691 3283; x_wconf 88' lang='lat' dir='ltr'><strong>quibus</strong></span> <span class='ocrx_word' id='word_1_329' title='bbox 730 3226 939 3271; x_wconf 88' lang='lat' dir='ltr'><strong>relabitur</strong></span> <span class='ocrx_word' id='word_1_330' title='bbox 972 3227 1031 3270; x_wconf 76' lang='lat' dir='ltr'><strong>ad</strong></span> <span class='ocrx_word' id='word_1_331' title='bbox 1058 3227 1275 3271; x_wconf 87' lang='lat' dir='ltr'><strong>tristitiam</strong></span> <span class='ocrx_word' id='word_1_332' title='bbox 1307 3233 1351 3270; x_wconf 89' lang='lat' dir='ltr'><strong>et</strong></span> <span class='ocrx_word' id='word_1_333' title='bbox 1381 3227 1444 3270; x_wconf 83' lang='lat' dir='ltr'><strong>sic</strong></span> <span class='ocrx_word' id='word_1_334' title='bbox 1475 3239 1632 3282; x_wconf 89' lang='lat' dir='ltr'><strong>porro,</strong></span> <span class='ocrx_word' id='word_1_335' title='bbox 1680 3229 1728 3268; x_wconf 91' lang='lat' dir='ltr'><strong>ut</strong></span> <span class='ocrx_word' id='word_1_336' title='bbox 1760 3238 1889 3281; x_wconf 87' lang='lat' dir='ltr'><strong>supra</strong></span> 
     </span>
     <span class='ocr_line' id='line_1_37' title="bbox 198 3309 1895 3370; baseline -0.004 -12"><span class='ocrx_word' id='word_1_337' title='bbox 198 3316 382 3359; x_wconf 72' lang='lat' dir='ltr'><strong>narravi.</strong></span> <span class='ocrx_word' id='word_1_338' title='bbox 443 3314 668 3358; x_wconf 88' lang='lat' dir='ltr'><strong>Habemus</strong></span> <span class='ocrx_word' id='word_1_339' title='bbox 710 3313 843 3366; x_wconf 84' lang='lat' dir='ltr'><strong>igitur</strong></span> <span class='ocrx_word' id='word_1_340' title='bbox 885 3311 952 3356; x_wconf 87' lang='lat' dir='ltr'><strong>hic</strong></span> <span class='ocrx_word' id='word_1_341' title='bbox 997 3314 1241 3370; x_wconf 80' lang='lat' dir='ltr'><strong>exemplum</strong></span> <span class='ocrx_word' id='word_1_342' title='bbox 1286 3314 1385 3356; x_wconf 83' lang='lat' dir='ltr'><strong>talis</strong></span> <span class='ocrx_word' id='word_1_343' title='bbox 1427 3311 1774 3368; x_wconf 75' lang='lat' dir='ltr'><strong>compositioniS‚</strong></span> <span class='ocrx_word' id='word_1_344' title='bbox 1821 3309 1895 3351; x_wconf 88' lang='lat' dir='ltr'><strong>ubi</strong></span> 
     </span>
     <span class='ocr_line' id='line_1_38' title="bbox 198 3389 1899 3454; baseline -0.007 -10"><span class='ocrx_word' id='word_1_345' title='bbox 198 3400 292 3444; x_wconf 82' lang='lat' dir='ltr'><strong>sine</strong></span> <span class='ocrx_word' id='word_1_346' title='bbox 331 3399 418 3444; x_wconf 83' lang='lat' dir='ltr'><strong>ulla</strong></span> <span class='ocrx_word' id='word_1_347' title='bbox 459 3399 621 3444; x_wconf 84' lang='lat' dir='ltr'><strong>maiore</strong></span> <span class='ocrx_word' id='word_1_348' title='bbox 666 3396 875 3443; x_wconf 79' lang='lat' dir='ltr'><strong>divisione</strong></span> <span class='ocrx_word' id='word_1_349' title='bbox 914 3402 1124 3454; x_wconf 83' lang='lat' dir='ltr'><strong>perpetuo</strong></span> <span class='ocrx_word' id='word_1_350' title='bbox 1158 3409 1287 3442; x_wconf 78' lang='lat' dir='ltr'><strong>cursu</strong></span> <span class='ocrx_word' id='word_1_351' title='bbox 1326 3396 1381 3438; x_wconf 85' lang='lat' dir='ltr'><strong>ab</strong></span> <span class='ocrx_word' id='word_1_352' title='bbox 1423 3395 1542 3437; x_wconf 77' lang='lat' dir='ltr'><strong>initio</strong></span> <span class='ocrx_word' id='word_1_353' title='bbox 1575 3392 1628 3436; x_wconf 83' lang='lat' dir='ltr'><strong>ad</strong></span> <span class='ocrx_word' id='word_1_354' title='bbox 1660 3394 1788 3436; x_wconf 84' lang='lat' dir='ltr'><strong>finem</strong></span> <span class='ocrx_word' id='word_1_355' title='bbox 1820 3389 1899 3433; x_wconf 83' lang='lat' dir='ltr'><strong>ab-</strong></span> 
     </span>
    </p>
   </div>
   <div class='ocr_carea' id='block_1_3' title="bbox 1318 3475 1427 3528">
    <p class='ocr_par' dir='ltr' id='par_1_11' title="bbox 1318 3475 1427 3528">
     <span class='ocr_line' id='line_1_39' title="bbox 1318 3475 1427 3528; baseline -0.009 0"><span class='ocrx_word' id='word_1_356' title='bbox 1318 3475 1427 3528; x_wconf 76' lang='lat'><strong>24*</strong></span> 
     </span>
    </p>
   </div>
  </div>
 </body>
</html>
