<?xml version="1.0" encoding="UTF-8"?>
<!DOCTYPE html PUBLIC "-//W3C//DTD XHTML 1.0 Transitional//EN"
    "http://www.w3.org/TR/xhtml1/DTD/xhtml1-transitional.dtd">
<html xmlns="http://www.w3.org/1999/xhtml" xml:lang="en" lang="en">
 <head>
  <title>
</title>
<meta http-equiv="Content-Type" content="text/html;charset=utf-8" />
  <meta name='ocr-system' content='tesseract 3.04.00' />
  <meta name='ocr-capabilities' content='ocr_page ocr_carea ocr_par ocr_line ocrx_word'/>
</head>
<body>
  <div class='ocr_page' id='page_1' title='image "./carminaexrecensi01tibuuoft_0345.png"; bbox 0 0 2158 3750; ppageno 0'>
   <div class='ocr_carea' id='block_1_1' title="bbox 710 200 1862 299">
    <p class='ocr_par' dir='ltr' id='par_1_1' title="bbox 710 200 1862 299">
     <span class='ocr_line' id='line_1_1' title="bbox 710 200 1862 299; baseline -0.001 -1"><span class='ocrx_word' id='word_1_1' title='bbox 710 246 891 299; x_wconf 88' lang='lat' dir='ltr'>LIBR.</span> <span class='ocrx_word' id='word_1_2' title='bbox 928 248 969 298; x_wconf 91' lang='grc' dir='ltr'><strong>Ι.</strong></span> <span class='ocrx_word' id='word_1_3' title='bbox 1040 245 1241 298; x_wconf 87' lang='lat' dir='ltr'><strong>ELEG.</strong></span> <span class='ocrx_word' id='word_1_4' title='bbox 1277 247 1319 297; x_wconf 89' lang='lat'><strong>1.</strong></span> <span class='ocrx_word' id='word_1_5' title='bbox 1721 200 1723 203; x_wconf 92' lang='lat'>·</span> <span class='ocrx_word' id='word_1_6' title='bbox 1797 252 1862 297; x_wconf 80' lang='lat'><strong>13</strong></span> 
     </span>
    </p>
   </div>
   <div class='ocr_carea' id='block_1_2' title="bbox 149 389 1865 2193">
    <p class='ocr_par' dir='ltr' id='par_1_2' title="bbox 149 389 1865 2193">
     <span class='ocr_line' id='line_1_2' title="bbox 165 389 1864 447; baseline -0.003 -10"><span class='ocrx_word' id='word_1_7' title='bbox 165 394 295 447; x_wconf 89' lang='lat' dir='ltr'><strong>situs,</strong></span> <span class='ocrx_word' id='word_1_8' title='bbox 328 402 376 438; x_wconf 91' lang='lat' dir='ltr'><strong>nt</strong></span> <span class='ocrx_word' id='word_1_9' title='bbox 405 396 611 441; x_wconf 76' lang='lat' dir='ltr'><strong>Termini.</strong></span> <span class='ocrx_word' id='word_1_10' title='bbox 673 397 748 441; x_wconf 91' lang='lat' dir='ltr'><strong>Sic</strong></span> <span class='ocrx_word' id='word_1_11' title='bbox 781 397 1025 441; x_wconf 83' lang='lat' dir='ltr'><strong>notantibus</strong></span> <span class='ocrx_word' id='word_1_12' title='bbox 1056 396 1150 439; x_wconf 88' lang='lat' dir='ltr'><strong>aliis</strong></span> <span class='ocrx_word' id='word_1_13' title='bbox 1179 397 1415 440; x_wconf 75' lang='lat' dir='ltr'><strong>Pnorssn‘r.</strong></span> <span class='ocrx_word' id='word_1_14' title='bbox 1446 391 1482 446; x_wconf 90' lang='lat'><strong>1,</strong></span> <span class='ocrx_word' id='word_1_15' title='bbox 1509 393 1583 439; x_wconf 82' lang='lat'><strong>20,</strong></span> <span class='ocrx_word' id='word_1_16' title='bbox 1612 393 1684 434; x_wconf 85' lang='lat'><strong>36.</strong></span> <span class='ocrx_word' id='word_1_17' title='bbox 1718 389 1864 435; x_wconf 77' lang='lat' dir='ltr'><strong>deser-</strong></span> 
     </span>
     <span class='ocr_line' id='line_1_3' title="bbox 165 472 1865 534; baseline -0.001 -18"><span class='ocrx_word' id='word_1_18' title='bbox 165 483 241 517; x_wconf 82' lang='lat' dir='ltr'><strong>tae</strong></span> <span class='ocrx_word' id='word_1_19' title='bbox 286 475 463 520; x_wconf 81' lang='lat' dir='ltr'><strong>arbores</strong></span> <span class='ocrx_word' id='word_1_20' title='bbox 502 477 724 531; x_wconf 89' lang='lat' dir='ltr'><strong>dicuntur,</strong></span> <span class='ocrx_word' id='word_1_21' title='bbox 767 484 811 521; x_wconf 90' lang='lat' dir='ltr'><strong>et</strong></span> <span class='ocrx_word' id='word_1_22' title='bbox 853 479 1055 534; x_wconf 70' lang='grc' dir='ltr'><strong>Ξρημαται</strong></span> <span class='ocrx_word' id='word_1_23' title='bbox 1100 473 1228 534; x_wconf 75' lang='grc' dir='ltr'><em>δρύες</em></span> <span class='ocrx_word' id='word_1_24' title='bbox 1274 475 1451 519; x_wconf 77' lang='lat' dir='ltr'><strong>Mosen.</strong></span> <span class='ocrx_word' id='word_1_25' title='bbox 1479 473 1561 527; x_wconf 90' lang='grc' dir='ltr'><strong>ΙΠ,</strong></span> <span class='ocrx_word' id='word_1_26' title='bbox 1591 476 1665 517; x_wconf 81' lang='grc'><strong>21.</strong></span> <span class='ocrx_word' id='word_1_27' title='bbox 1739 472 1865 516; x_wconf 80' lang='lat' dir='ltr'><strong>Adde</strong></span> 
     </span>
     <span class='ocr_line' id='line_1_4' title="bbox 164 554 1864 613; baseline -0.001 -14"><span class='ocrx_word' id='word_1_28' title='bbox 164 569 291 610; x_wconf 90' lang='lat' dir='ltr'><strong>vero,</strong></span> <span class='ocrx_word' id='word_1_29' title='bbox 338 559 452 613; x_wconf 88' lang='lat' dir='ltr'><strong>quod</strong></span> <span class='ocrx_word' id='word_1_30' title='bbox 494 558 599 604; x_wconf 85' lang='lat' dir='ltr'><strong>vidit</strong></span> <span class='ocrx_word' id='word_1_31' title='bbox 639 559 768 602; x_wconf 87' lang='lat' dir='ltr'><strong>etiam</strong></span> <span class='ocrx_word' id='word_1_32' title='bbox 810 558 1027 610; x_wconf 84' lang='lat' dir='ltr'><strong>Vossms‚</strong></span> <span class='ocrx_word' id='word_1_33' title='bbox 1073 570 1224 600; x_wconf 89' lang='lat' dir='ltr'><strong>vocem</strong></span> <span class='ocrx_word' id='word_1_34' title='bbox 1253 570 1365 600; x_wconf 88' lang='lat' dir='ltr'><strong>nunc</strong></span> <span class='ocrx_word' id='word_1_35' title='bbox 1398 557 1560 613; x_wconf 90' lang='lat' dir='ltr'><strong>opponi</strong></span> <span class='ocrx_word' id='word_1_36' title='bbox 1598 554 1764 600; x_wconf 82' lang='lat' dir='ltr'><strong>verbis=</strong></span> <span class='ocrx_word' id='word_1_37' title='bbox 1808 555 1864 598; x_wconf 91' lang='lat' dir='ltr'><strong>in</strong></span> 
     </span>
     <span class='ocr_line' id='line_1_5' title="bbox 162 637 1863 697; baseline -0.002 -13"><span class='ocrx_word' id='word_1_38' title='bbox 162 642 390 696; x_wconf 75' lang='lat' dir='ltr'><strong>triviis,</strong></span> <span class='ocrx_word' id='word_1_39' title='bbox 431 642 644 697; x_wconf 78' lang='lat' dir='ltr'><strong>frequenti</strong></span> <span class='ocrx_word' id='word_1_40' title='bbox 673 641 802 692; x_wconf 83' lang='lat' dir='ltr'><strong>loco;</strong></span> <span class='ocrx_word' id='word_1_41' title='bbox 839 639 976 683; x_wconf 79' lang='lat' dir='ltr'><strong>triviis</strong></span> <span class='ocrx_word' id='word_1_42' title='bbox 1006 641 1144 693; x_wconf 88' lang='lat' dir='ltr'><strong>enim,</strong></span> <span class='ocrx_word' id='word_1_43' title='bbox 1188 639 1244 682; x_wconf 88' lang='lat' dir='ltr'><strong>de</strong></span> <span class='ocrx_word' id='word_1_44' title='bbox 1286 652 1470 695; x_wconf 87' lang='lat' dir='ltr'><strong>quorum</strong></span> <span class='ocrx_word' id='word_1_45' title='bbox 1501 637 1729 682; x_wconf 80' lang='lat' dir='ltr'><strong>sanctitate</strong></span> <span class='ocrx_word' id='word_1_46' title='bbox 1757 649 1863 680; x_wconf 91' lang='lat' dir='ltr'><strong>con-</strong></span> 
     </span>
     <span class='ocr_line' id='line_1_6' title="bbox 161 719 1863 780; baseline -0.004 -11"><span class='ocrx_word' id='word_1_47' title='bbox 161 731 273 779; x_wconf 83' lang='lat' dir='ltr'><strong>stat,</strong></span> <span class='ocrx_word' id='word_1_48' title='bbox 311 726 437 770; x_wconf 90' lang='lat' dir='ltr'><strong>simul</strong></span> <span class='ocrx_word' id='word_1_49' title='bbox 468 724 755 780; x_wconf 87' lang='lat' dir='ltr'><strong>frequentium</strong></span> <span class='ocrx_word' id='word_1_50' title='bbox 786 725 980 767; x_wconf 89' lang='lat' dir='ltr'><strong>locorum</strong></span> <span class='ocrx_word' id='word_1_51' title='bbox 1011 723 1131 765; x_wconf 90' lang='lat' dir='ltr'><strong>notio</strong></span> <span class='ocrx_word' id='word_1_52' title='bbox 1161 723 1289 765; x_wconf 89' lang='lat' dir='ltr'><strong>inest.</strong></span> <span class='ocrx_word' id='word_1_53' title='bbox 1359 723 1583 765; x_wconf 81' lang='lat' dir='ltr'>Habemus</span> <span class='ocrx_word' id='word_1_54' title='bbox 1611 721 1744 776; x_wconf 81' lang='lat' dir='ltr'><strong>igitur</strong></span> <span class='ocrx_word' id='word_1_55' title='bbox 1778 719 1863 763; x_wconf 85' lang='lat' dir='ltr'><strong>ite-</strong></span> 
     </span>
     <span class='ocr_line' id='line_1_7' title="bbox 159 803 1863 866; baseline -0.003 -13"><span class='ocrx_word' id='word_1_56' title='bbox 159 823 254 852; x_wconf 87' lang='lat' dir='ltr'><strong>rum</strong></span> <span class='ocrx_word' id='word_1_57' title='bbox 285 810 598 866; x_wconf 88' lang='lat' dir='ltr'><strong>oppositionem</strong></span> <span class='ocrx_word' id='word_1_58' title='bbox 631 807 976 865; x_wconf 84' lang='lat' dir='ltr'><strong>praedicatorum</strong></span> <span class='ocrx_word' id='word_1_59' title='bbox 1007 818 1235 849; x_wconf 81' lang='lat' dir='ltr'>nervosam</span> <span class='ocrx_word' id='word_1_60' title='bbox 1263 806 1308 848; x_wconf 91' lang='lat' dir='ltr'><strong>in</strong></span> <span class='ocrx_word' id='word_1_61' title='bbox 1337 803 1403 848; x_wconf 88' lang='lat' dir='ltr'><strong>his</strong></span> <span class='ocrx_word' id='word_1_62' title='bbox 1434 806 1636 849; x_wconf 81' lang='lat' dir='ltr'><strong>membris</strong></span> <span class='ocrx_word' id='word_1_63' title='bbox 1665 805 1720 849; x_wconf 89' lang='lat' dir='ltr'><strong>de</strong></span> <span class='ocrx_word' id='word_1_64' title='bbox 1742 817 1863 849; x_wconf 90' lang='lat' dir='ltr'><strong>more</strong></span> 
     </span>
     <span class='ocr_line' id='line_1_8' title="bbox 157 890 1862 947; baseline -0.001 -12"><span class='ocrx_word' id='word_1_65' title='bbox 157 892 345 945; x_wconf 84' lang='lat' dir='ltr'><strong>Tibulli,</strong></span> <span class='ocrx_word' id='word_1_66' title='bbox 378 904 505 946; x_wconf 90' lang='lat' dir='ltr'><strong>quem</strong></span> <span class='ocrx_word' id='word_1_67' title='bbox 541 893 614 947; x_wconf 88' lang='lat' dir='ltr'><strong>qui</strong></span> <span class='ocrx_word' id='word_1_68' title='bbox 643 892 777 935; x_wconf 89' lang='lat' dir='ltr'><strong>semel</strong></span> <span class='ocrx_word' id='word_1_69' title='bbox 809 890 1059 947; x_wconf 79' lang='lat' dir='ltr'><strong>perspexit,</strong></span> <span class='ocrx_word' id='word_1_70' title='bbox 1099 892 1235 935; x_wconf 91' lang='lat' dir='ltr'><strong>multa</strong></span> <span class='ocrx_word' id='word_1_71' title='bbox 1266 895 1412 947; x_wconf 88' lang='lat' dir='ltr'><strong>potest</strong></span> <span class='ocrx_word' id='word_1_72' title='bbox 1438 892 1483 934; x_wconf 91' lang='lat' dir='ltr'><strong>in</strong></span> <span class='ocrx_word' id='word_1_73' title='bbox 1510 890 1576 934; x_wconf 85' lang='lat' dir='ltr'><strong>his</strong></span> <span class='ocrx_word' id='word_1_74' title='bbox 1606 891 1862 934; x_wconf 75' lang='lat' dir='ltr'><strong>carminibus</strong></span> 
     </span>
     <span class='ocr_line' id='line_1_9' title="bbox 157 973 1862 1031; baseline 0.001 -15"><span class='ocrx_word' id='word_1_75' title='bbox 157 975 400 1016; x_wconf 77' lang='lat' dir='ltr'><strong>accuratius</strong></span> <span class='ocrx_word' id='word_1_76' title='bbox 427 973 716 1030; x_wconf 87' lang='lat' dir='ltr'><strong>interpretari.</strong></span> <span class='ocrx_word' id='word_1_77' title='bbox 775 974 915 1017; x_wconf 89' lang='lat' dir='ltr'><strong>Porro</strong></span> <span class='ocrx_word' id='word_1_78' title='bbox 942 978 1107 1018; x_wconf 87' lang='lat' dir='ltr'><strong>vetus</strong></span> <span class='ocrx_word' id='word_1_79' title='bbox 1136 974 1246 1031; x_wconf 88' lang='lat' dir='ltr'><strong>lapis</strong></span> <span class='ocrx_word' id='word_1_80' title='bbox 1266 973 1434 1025; x_wconf 86' lang='lat' dir='ltr'><strong>dicitur,</strong></span> <span class='ocrx_word' id='word_1_81' title='bbox 1466 987 1562 1018; x_wconf 92' lang='lat' dir='ltr'><strong>cum</strong></span> <span class='ocrx_word' id='word_1_82' title='bbox 1585 974 1695 1018; x_wconf 88' lang='lat' dir='ltr'><strong>tales</strong></span> <span class='ocrx_word' id='word_1_83' title='bbox 1717 982 1862 1018; x_wconf 86' lang='lat' dir='ltr'><strong>essent</strong></span> 
     </span>
     <span class='ocr_line' id='line_1_10' title="bbox 154 1053 1861 1114; baseline 0.002 -18"><span class='ocrx_word' id='word_1_84' title='bbox 154 1053 198 1097; x_wconf 79' lang='lat' dir='ltr'><strong>hi</strong></span> <span class='ocrx_word' id='word_1_85' title='bbox 228 1055 365 1109; x_wconf 83' lang='lat' dir='ltr'><strong>sacri3</strong></span> <span class='ocrx_word' id='word_1_86' title='bbox 409 1060 455 1098; x_wconf 89' lang='lat' dir='ltr'><strong>at</strong></span> <span class='ocrx_word' id='word_1_87' title='bbox 485 1055 656 1113; x_wconf 79' lang='lat' dir='ltr'><strong>stipites</strong></span> <span class='ocrx_word' id='word_1_88' title='bbox 686 1069 784 1100; x_wconf 91' lang='lat' dir='ltr'><strong>cum</strong></span> <span class='ocrx_word' id='word_1_89' title='bbox 823 1061 1125 1114; x_wconf 82' lang='lat' dir='ltr'><strong>putrescerent</strong></span> <span class='ocrx_word' id='word_1_90' title='bbox 1155 1058 1197 1102; x_wconf 87' lang='lat' dir='ltr'><strong>vi</strong></span> <span class='ocrx_word' id='word_1_91' title='bbox 1227 1057 1366 1112; x_wconf 71' lang='lat' dir='ltr'><strong>aeris,</strong></span> <span class='ocrx_word' id='word_1_92' title='bbox 1409 1056 1591 1100; x_wconf 88' lang='lat' dir='ltr'><strong>subinde</strong></span> <span class='ocrx_word' id='word_1_93' title='bbox 1620 1058 1721 1101; x_wconf 91' lang='lat' dir='ltr'><strong>novi</strong></span> <span class='ocrx_word' id='word_1_94' title='bbox 1758 1057 1861 1101; x_wconf 88' lang='lat' dir='ltr'><strong>sub-</strong></span> 
     </span>
     <span class='ocr_line' id='line_1_11' title="bbox 152 1137 1864 1197; baseline -0.001 -16"><span class='ocrx_word' id='word_1_95' title='bbox 152 1137 356 1182; x_wconf 84' lang='lat' dir='ltr'><strong>stituendi</strong></span> <span class='ocrx_word' id='word_1_96' title='bbox 386 1143 523 1182; x_wconf 82' lang='lat' dir='ltr'><strong>erant.</strong></span> <span class='ocrx_word' id='word_1_97' title='bbox 583 1139 675 1183; x_wconf 90' lang='lat' dir='ltr'><strong>Iam</strong></span> <span class='ocrx_word' id='word_1_98' title='bbox 717 1138 816 1183; x_wconf 84' lang='lat' dir='ltr'><strong>vide</strong></span> <span class='ocrx_word' id='word_1_99' title='bbox 854 1152 1028 1183; x_wconf 87' lang='lat' dir='ltr'><strong>sensum</strong></span> <span class='ocrx_word' id='word_1_100' title='bbox 1069 1139 1206 1183; x_wconf 88' lang='lat' dir='ltr'><strong>totius</strong></span> <span class='ocrx_word' id='word_1_101' title='bbox 1246 1139 1357 1183; x_wconf 78' lang='lat' dir='ltr'><strong>loci:</strong></span> <span class='ocrx_word' id='word_1_102' title='bbox 1401 1138 1504 1181; x_wconf 81' lang='lat' dir='ltr'><strong>Sive</strong></span> <span class='ocrx_word' id='word_1_103' title='bbox 1542 1137 1590 1180; x_wconf 87' lang='lat' dir='ltr'><strong>in</strong></span> <span class='ocrx_word' id='word_1_104' title='bbox 1623 1137 1864 1197; x_wconf 82' lang='lat' dir='ltr'><strong>frequenti</strong></span> 
     </span>
     <span class='ocr_line' id='line_1_12' title="bbox 153 1219 1862 1282; baseline -0.001 -19"><span class='ocrx_word' id='word_1_105' title='bbox 153 1220 246 1264; x_wconf 80' lang='lat' dir='ltr'><strong>sive</strong></span> <span class='ocrx_word' id='word_1_106' title='bbox 267 1220 317 1263; x_wconf 85' lang='lat' dir='ltr'><strong>in</strong></span> <span class='ocrx_word' id='word_1_107' title='bbox 346 1221 626 1281; x_wconf 84' lang='lat' dir='ltr'><strong>infrequenti</strong></span> <span class='ocrx_word' id='word_1_108' title='bbox 656 1221 750 1265; x_wconf 86' lang='lat' dir='ltr'><strong>loco</strong></span> <span class='ocrx_word' id='word_1_109' title='bbox 781 1236 817 1267; x_wconf 82' lang='lat' dir='ltr'><strong>s.</strong></span> <span class='ocrx_word' id='word_1_110' title='bbox 846 1221 1098 1282; x_wconf 82' lang='lat' dir='ltr'><strong>ubicunque</strong></span> <span class='ocrx_word' id='word_1_111' title='bbox 1127 1221 1328 1280; x_wconf 79' lang='lat' dir='ltr'><strong>stipitem</strong></span> <span class='ocrx_word' id='word_1_112' title='bbox 1356 1229 1402 1263; x_wconf 85' lang='lat' dir='ltr'><strong>et</strong></span> <span class='ocrx_word' id='word_1_113' title='bbox 1433 1220 1627 1278; x_wconf 82' lang='lat' dir='ltr'><strong>lapidem</strong></span> <span class='ocrx_word' id='word_1_114' title='bbox 1658 1219 1707 1263; x_wconf 85' lang='lat' dir='ltr'><strong>in</strong></span> <span class='ocrx_word' id='word_1_115' title='bbox 1736 1219 1862 1279; x_wconf 76' lang='lat' dir='ltr'><strong>agris</strong></span> 
     </span>
     <span class='ocr_line' id='line_1_13' title="bbox 152 1302 1861 1364; baseline -0.001 -18"><span class='ocrx_word' id='word_1_116' title='bbox 152 1305 279 1348; x_wconf 67' lang='lat' dir='ltr'><strong>video</strong></span> <span class='ocrx_word' id='word_1_117' title='bbox 322 1306 456 1349; x_wconf 76' lang='lat' dir='ltr'><strong>sertis</strong></span> <span class='ocrx_word' id='word_1_118' title='bbox 495 1313 736 1362; x_wconf 83' lang='lat' dir='ltr'><strong>ornatum,</strong></span> <span class='ocrx_word' id='word_1_119' title='bbox 782 1314 839 1349; x_wconf 85' lang='lat' dir='ltr'><strong>ut</strong></span> <span class='ocrx_word' id='word_1_120' title='bbox 877 1315 1100 1364; x_wconf 82' lang='lat' dir='ltr'><strong>appareat</strong></span> <span class='ocrx_word' id='word_1_121' title='bbox 1130 1321 1310 1349; x_wconf 84' lang='lat' dir='ltr'><strong>sacrum</strong></span> <span class='ocrx_word' id='word_1_122' title='bbox 1339 1319 1439 1347; x_wconf 85' lang='lat' dir='ltr'><strong>eum</strong></span> <span class='ocrx_word' id='word_1_123' title='bbox 1467 1318 1586 1351; x_wconf 77' lang='lat' dir='ltr'><strong>esse,</strong></span> <span class='ocrx_word' id='word_1_124' title='bbox 1626 1302 1786 1345; x_wconf 83' lang='lat' dir='ltr'><strong>accedo</strong></span> <span class='ocrx_word' id='word_1_125' title='bbox 1815 1310 1861 1345; x_wconf 81' lang='lat' dir='ltr'><strong>et</strong></span> 
     </span>
     <span class='ocr_line' id='line_1_14' title="bbox 153 1385 1861 1448; baseline 0.001 -20"><span class='ocrx_word' id='word_1_126' title='bbox 153 1386 317 1436; x_wconf 85' lang='lat' dir='ltr'><strong>adoro,</strong></span> <span class='ocrx_word' id='word_1_127' title='bbox 354 1402 613 1436; x_wconf 80' lang='lat' dir='ltr'><strong>veneror.</strong></span> <span class='ocrx_word' id='word_1_128' title='bbox 674 1390 944 1435; x_wconf 79' lang='lat' dir='ltr'><strong>Huscnxms</strong></span> <span class='ocrx_word' id='word_1_129' title='bbox 975 1395 1196 1448; x_wconf 84' lang='lat' dir='ltr'><strong>comparat</strong></span> <span class='ocrx_word' id='word_1_130' title='bbox 1227 1389 1423 1432; x_wconf 71' lang='lat' dir='ltr'><strong>Lucun.</strong></span> <span class='ocrx_word' id='word_1_131' title='bbox 1453 1385 1686 1431; x_wconf 83' lang='lat' dir='ltr'><strong>Alexandr.</strong></span> <span class='ocrx_word' id='word_1_132' title='bbox 1717 1401 1756 1431; x_wconf 90' lang='lat' dir='ltr'><strong>e.</strong></span> <span class='ocrx_word' id='word_1_133' title='bbox 1786 1389 1861 1431; x_wconf 82' lang='lat'><strong>30.</strong></span> 
     </span>
     <span class='ocr_line' id='line_1_15' title="bbox 151 1464 1858 1528; baseline -0.001 -17"><span class='ocrx_word' id='word_1_134' title='bbox 151 1469 327 1525; x_wconf 79' lang='lat' dir='ltr'><strong>Bipont.</strong></span> <span class='ocrx_word' id='word_1_135' title='bbox 358 1470 484 1514; x_wconf 89' lang='lat' dir='ltr'><strong>Tom.</strong></span> <span class='ocrx_word' id='word_1_136' title='bbox 515 1471 585 1515; x_wconf 80' lang='lat' dir='ltr'><strong>V:</strong></span> <span class='ocrx_word' id='word_1_137' title='bbox 636 1472 672 1514; x_wconf 81' lang='grc' dir='ltr'><strong>εὶ</strong></span> <span class='ocrx_word' id='word_1_138' title='bbox 705 1468 832 1522; x_wconf 78' lang='grc' dir='ltr'><strong><em>μόνον</em></strong></span> <span class='ocrx_word' id='word_1_139' title='bbox 863 1468 1150 1528; x_wconf 68' lang='grc' dir='ltr'><strong><em>ἀληλιμμένον</em></strong></span> <span class='ocrx_word' id='word_1_140' title='bbox 1183 1485 1267 1512; x_wconf 84' lang='grc' dir='ltr'><strong>που</strong></span> <span class='ocrx_word' id='word_1_141' title='bbox 1300 1470 1430 1511; x_wconf 79' lang='grc' dir='ltr'><strong><em>λίθον</em></strong></span> <span class='ocrx_word' id='word_1_142' title='bbox 1459 1464 1487 1526; x_wconf 78' lang='grc' dir='ltr'><strong><em>ἢ</em></strong></span> <span class='ocrx_word' id='word_1_143' title='bbox 1518 1469 1858 1519; x_wconf 70' lang='grc' dir='ltr'><strong><em>ἐστεφανωμένον</em></strong></span> 
     </span>
     <span class='ocr_line' id='line_1_16' title="bbox 153 1548 1856 1612; baseline 0 -19"><span class='ocrx_word' id='word_1_144' title='bbox 153 1548 381 1601; x_wconf 78' lang='grc' dir='ltr'><strong><em>θεάσαιτο,</em></strong></span> <span class='ocrx_word' id='word_1_145' title='bbox 412 1557 690 1610; x_wconf 53' lang='lat' dir='ltr'><strong>noos-nimmia</strong></span> <span class='ocrx_word' id='word_1_146' title='bbox 717 1550 784 1596; x_wconf 78' lang='grc' dir='ltr'><strong>αἐὶ</strong></span> <span class='ocrx_word' id='word_1_147' title='bbox 813 1557 887 1595; x_wconf 79' lang='grc' dir='ltr'><strong>καὶ</strong></span> <span class='ocrx_word' id='word_1_148' title='bbox 914 1553 1178 1612; x_wconf 75' lang='grc' dir='ltr'><strong><em>προσκυνῶν,</em></strong></span> <span class='ocrx_word' id='word_1_149' title='bbox 1209 1552 1284 1595; x_wconf 77' lang='lat' dir='ltr'><strong>ubi</strong></span> <span class='ocrx_word' id='word_1_150' title='bbox 1315 1551 1414 1596; x_wconf 82' lang='lat' dir='ltr'><strong>vide</strong></span> <span class='ocrx_word' id='word_1_151' title='bbox 1443 1552 1529 1595; x_wconf 83' lang='lat' dir='ltr'><strong>alia</strong></span> <span class='ocrx_word' id='word_1_152' title='bbox 1559 1550 1675 1607; x_wconf 77' lang='lat' dir='ltr'><strong>apud</strong></span> <span class='ocrx_word' id='word_1_153' title='bbox 1707 1551 1856 1594; x_wconf 75' lang='lat' dir='ltr'><strong>SOLA-</strong></span> 
     </span>
     <span class='ocr_line' id='line_1_17' title="bbox 150 1636 1858 1696; baseline -0.002 -16"><span class='ocrx_word' id='word_1_154' title='bbox 150 1649 265 1681; x_wconf 69' lang='lat' dir='ltr'><strong>ntm.</strong></span> <span class='ocrx_word' id='word_1_155' title='bbox 325 1637 408 1680; x_wconf 87' lang='lat' dir='ltr'><strong>Est</strong></span> <span class='ocrx_word' id='word_1_156' title='bbox 444 1642 588 1681; x_wconf 80' lang='lat' dir='ltr'><strong>tamen</strong></span> <span class='ocrx_word' id='word_1_157' title='bbox 624 1638 686 1682; x_wconf 88' lang='lat' dir='ltr'><strong>ibi</strong></span> <span class='ocrx_word' id='word_1_158' title='bbox 715 1650 788 1682; x_wconf 90' lang='lat' dir='ltr'><strong>res</strong></span> <span class='ocrx_word' id='word_1_159' title='bbox 818 1638 1108 1696; x_wconf 84' lang='lat' dir='ltr'><strong>superstitiosi</strong></span> <span class='ocrx_word' id='word_1_160' title='bbox 1135 1636 1331 1682; x_wconf 78' lang='lat' dir='ltr'><strong>hominis·</strong></span> <span class='ocrx_word' id='word_1_161' title='bbox 1363 1660 1418 1670; x_wconf 86' lang='lat'><strong>·-</strong></span> <span class='ocrx_word' id='word_1_162' title='bbox 1465 1636 1520 1680; x_wconf 88' lang='lat' dir='ltr'><strong>V.</strong></span> <span class='ocrx_word' id='word_1_163' title='bbox 1554 1638 1611 1679; x_wconf 84' lang='lat'><strong>13</strong></span> <span class='ocrx_word' id='word_1_164' title='bbox 1642 1648 1735 1690; x_wconf 90' lang='lat' dir='ltr'><strong>sqq.</strong></span> <span class='ocrx_word' id='word_1_165' title='bbox 1767 1647 1858 1678; x_wconf 83' lang='lat' dir='ltr'><strong>no-</strong></span> 
     </span>
     <span class='ocr_line' id='line_1_18' title="bbox 149 1716 1854 1779; baseline -0.002 -14"><span class='ocrx_word' id='word_1_166' title='bbox 149 1734 249 1766; x_wconf 87' lang='lat' dir='ltr'><strong>vus</strong></span> <span class='ocrx_word' id='word_1_167' title='bbox 289 1716 509 1776; x_wconf 53' lang='lat' dir='ltr'><strong>annus:</strong></span> <span class='ocrx_word' id='word_1_168' title='bbox 534 1721 576 1767; x_wconf 89' lang='lat' dir='ltr'><strong>h.</strong></span> <span class='ocrx_word' id='word_1_169' title='bbox 608 1736 647 1768; x_wconf 90' lang='lat' dir='ltr'><strong>e.</strong></span> <span class='ocrx_word' id='word_1_170' title='bbox 686 1734 801 1767; x_wconf 92' lang='lat' dir='ltr'><strong>novo</strong></span> <span class='ocrx_word' id='word_1_171' title='bbox 830 1735 1003 1779; x_wconf 84' lang='lat' dir='ltr'><strong>quoque</strong></span> <span class='ocrx_word' id='word_1_172' title='bbox 1032 1735 1145 1766; x_wconf 87' lang='lat' dir='ltr'><strong>anno</strong></span> <span class='ocrx_word' id='word_1_173' title='bbox 1175 1721 1339 1766; x_wconf 91' lang='lat' dir='ltr'><strong>honoro</strong></span> <span class='ocrx_word' id='word_1_174' title='bbox 1370 1719 1498 1764; x_wconf 90' lang='lat' dir='ltr'><strong>deum</strong></span> <span class='ocrx_word' id='word_1_175' title='bbox 1530 1719 1728 1776; x_wconf 88' lang='lat' dir='ltr'><strong>primitiis</strong></span> <span class='ocrx_word' id='word_1_176' title='bbox 1760 1718 1854 1762; x_wconf 82' lang='lat' dir='ltr'><strong>fru-</strong></span> 
     </span>
     <span class='ocr_line' id='line_1_19' title="bbox 150 1788 1858 1860; baseline -0.002 -14"><span class='ocrx_word' id='word_1_177' title='bbox 150 1807 311 1847; x_wconf 89' lang='lat' dir='ltr'><strong>ctuum.</strong></span> <span class='ocrx_word' id='word_1_178' title='bbox 349 1798 408 1835; x_wconf 73' lang='grc'><strong>-“-</strong></span> <span class='ocrx_word' id='word_1_179' title='bbox 459 1788 669 1848; x_wconf 87' lang='lat' dir='ltr'><strong>educat</strong></span> <span class='ocrx_word' id='word_1_180' title='bbox 712 1804 916 1848; x_wconf 86' lang='lat' dir='ltr'><strong>selectius</strong></span> <span class='ocrx_word' id='word_1_181' title='bbox 955 1804 1134 1848; x_wconf 90' lang='lat' dir='ltr'><strong>verbum</strong></span> <span class='ocrx_word' id='word_1_182' title='bbox 1173 1816 1240 1860; x_wconf 86' lang='lat' dir='ltr'><strong>pr.</strong></span> <span class='ocrx_word' id='word_1_183' title='bbox 1279 1803 1415 1846; x_wconf 89' lang='lat' dir='ltr'><strong>nutrit</strong></span> <span class='ocrx_word' id='word_1_184' title='bbox 1461 1807 1506 1846; x_wconf 91' lang='lat' dir='ltr'><strong>et</strong></span> <span class='ocrx_word' id='word_1_185' title='bbox 1552 1805 1752 1845; x_wconf 82' lang='lat' dir='ltr'><strong>maturat.</strong></span> <span class='ocrx_word' id='word_1_186' title='bbox 1796 1822 1858 1832; x_wconf 89' lang='lat'><strong>—</strong></span> 
     </span>
     <span class='ocr_line' id='line_1_20' title="bbox 151 1883 1860 1942; baseline -0.001 -15"><span class='ocrx_word' id='word_1_187' title='bbox 151 1885 535 1941; x_wconf 88' lang='lat' dir='ltr'><strong>quodcunque</strong></span> <span class='ocrx_word' id='word_1_188' title='bbox 566 1899 807 1942; x_wconf 90' lang='lat' dir='ltr'><strong>pomum,</strong></span> <span class='ocrx_word' id='word_1_189' title='bbox 848 1885 889 1929; x_wconf 90' lang='lat' dir='ltr'><strong>h.</strong></span> <span class='ocrx_word' id='word_1_190' title='bbox 922 1899 961 1930; x_wconf 88' lang='lat' dir='ltr'><strong>e.</strong></span> <span class='ocrx_word' id='word_1_191' title='bbox 992 1885 1279 1940; x_wconf 91' lang='lat' dir='ltr'><strong>quodcunque</strong></span> <span class='ocrx_word' id='word_1_192' title='bbox 1308 1897 1447 1940; x_wconf 84' lang='lat' dir='ltr'><strong>genus</strong></span> <span class='ocrx_word' id='word_1_193' title='bbox 1475 1896 1701 1940; x_wconf 91' lang='lat' dir='ltr'><strong>pomorum</strong></span> <span class='ocrx_word' id='word_1_194' title='bbox 1732 1883 1860 1940; x_wconf 92' lang='lat' dir='ltr'><strong>poni-</strong></span> 
     </span>
     <span class='ocr_line' id='line_1_21' title="bbox 150 1965 1859 2024; baseline -0.002 -14"><span class='ocrx_word' id='word_1_195' title='bbox 150 1975 220 2011; x_wconf 85' lang='lat' dir='ltr'><strong>tur</strong></span> <span class='ocrx_word' id='word_1_196' title='bbox 240 1969 416 2011; x_wconf 87' lang='lat' dir='ltr'><strong>Silvano</strong></span> <span class='ocrx_word' id='word_1_197' title='bbox 445 1966 651 2022; x_wconf 85' lang='lat' dir='ltr'><strong>libatum,</strong></span> <span class='ocrx_word' id='word_1_198' title='bbox 682 1981 739 2011; x_wconf 86' lang='lat' dir='ltr'><strong>ex</strong></span> <span class='ocrx_word' id='word_1_199' title='bbox 770 1972 895 2024; x_wconf 89' lang='lat' dir='ltr'><strong>parte</strong></span> <span class='ocrx_word' id='word_1_200' title='bbox 923 1968 1101 2012; x_wconf 88' lang='lat' dir='ltr'><strong>selecta.</strong></span> <span class='ocrx_word' id='word_1_201' title='bbox 1161 1966 1274 2010; x_wconf 89' lang='lat' dir='ltr'><strong>Nam</strong></span> <span class='ocrx_word' id='word_1_202' title='bbox 1298 1967 1478 2009; x_wconf 88' lang='lat' dir='ltr'><strong>libatum</strong></span> <span class='ocrx_word' id='word_1_203' title='bbox 1508 1965 1670 2021; x_wconf 90' lang='lat' dir='ltr'><strong>aliquid</strong></span> <span class='ocrx_word' id='word_1_204' title='bbox 1701 1965 1859 2008; x_wconf 84' lang='lat' dir='ltr'><strong>offerre</strong></span> 
     </span>
     <span class='ocr_line' id='line_1_22' title="bbox 149 2047 1860 2109; baseline -0.003 -15"><span class='ocrx_word' id='word_1_205' title='bbox 149 2053 218 2094; x_wconf 86' lang='lat' dir='ltr'><strong>est</strong></span> <span class='ocrx_word' id='word_1_206' title='bbox 258 2050 416 2094; x_wconf 84' lang='lat' dir='ltr'><strong>offerre</strong></span> <span class='ocrx_word' id='word_1_207' title='bbox 458 2051 574 2106; x_wconf 92' lang='lat' dir='ltr'><strong>quod</strong></span> <span class='ocrx_word' id='word_1_208' title='bbox 618 2051 820 2096; x_wconf 83' lang='lat' dir='ltr'><strong>libaveris</strong></span> <span class='ocrx_word' id='word_1_209' title='bbox 851 2055 896 2095; x_wconf 89' lang='lat' dir='ltr'><strong>et</strong></span> <span class='ocrx_word' id='word_1_210' title='bbox 926 2051 1196 2109; x_wconf 87' lang='lat' dir='ltr'><strong>decerpseris</strong></span> <span class='ocrx_word' id='word_1_211' title='bbox 1227 2064 1253 2094; x_wconf 91' lang='lat' dir='ltr'><strong>e</strong></span> <span class='ocrx_word' id='word_1_212' title='bbox 1283 2054 1390 2094; x_wconf 87' lang='lat' dir='ltr'><strong>toto.</strong></span> <span class='ocrx_word' id='word_1_213' title='bbox 1462 2050 1602 2093; x_wconf 89' lang='lat' dir='ltr'><strong>Porro</strong></span> <span class='ocrx_word' id='word_1_214' title='bbox 1632 2047 1860 2107; x_wconf 82' lang='lat' dir='ltr'><strong>agricolae</strong></span> 
     </span>
     <span class='ocr_line' id='line_1_23' title="bbox 152 2132 1860 2193; baseline -0.001 -18"><span class='ocrx_word' id='word_1_215' title='bbox 152 2134 280 2177; x_wconf 82' lang='lat' dir='ltr'><strong>deum</strong></span> <span class='ocrx_word' id='word_1_216' title='bbox 314 2136 514 2180; x_wconf 88' lang='lat' dir='ltr'><strong>codicum</strong></span> <span class='ocrx_word' id='word_1_217' title='bbox 558 2141 627 2181; x_wconf 90' lang='lat' dir='ltr'><strong>est</strong></span> <span class='ocrx_word' id='word_1_218' title='bbox 666 2137 824 2191; x_wconf 85' lang='lat' dir='ltr'><strong>lectio,</strong></span> <span class='ocrx_word' id='word_1_219' title='bbox 873 2136 950 2181; x_wconf 89' lang='lat' dir='ltr'><strong>sed</strong></span> <span class='ocrx_word' id='word_1_220' title='bbox 994 2139 1224 2193; x_wconf 78' lang='lat' dir='ltr'><strong>corrupta3</strong></span> <span class='ocrx_word' id='word_1_221' title='bbox 1263 2135 1300 2178; x_wconf 85' lang='lat' dir='ltr'><strong>si</strong></span> <span class='ocrx_word' id='word_1_222' title='bbox 1330 2134 1427 2190; x_wconf 90' lang='lat' dir='ltr'><strong>quis</strong></span> <span class='ocrx_word' id='word_1_223' title='bbox 1458 2134 1572 2177; x_wconf 91' lang='lat' dir='ltr'><strong>enim</strong></span> <span class='ocrx_word' id='word_1_224' title='bbox 1602 2132 1751 2177; x_wconf 88' lang='lat' dir='ltr'><strong>credat</strong></span> <span class='ocrx_word' id='word_1_225' title='bbox 1780 2144 1860 2189; x_wconf 88' lang='lat' dir='ltr'><strong>per</strong></span> 
     </span>
    </p>
   </div>
   <div class='ocr_carea' id='block_1_3' title="bbox 59 2213 1858 2275">
    <p class='ocr_par' dir='ltr' id='par_1_3' title="bbox 59 2213 1858 2275">
     <span class='ocr_line' id='line_1_24' title="bbox 59 2213 1858 2275; baseline -0.003 -13"><span class='ocrx_word' id='word_1_226' title='bbox 59 2237 63 2240; x_wconf 90' lang='grc'><em>·</em></span> <span class='ocrx_word' id='word_1_227' title='bbox 148 2215 589 2275; x_wconf 86' lang='lat' dir='ltr'><strong>circumscriptionem</strong></span> <span class='ocrx_word' id='word_1_228' title='bbox 630 2220 852 2272; x_wconf 82' lang='lat' dir='ltr'><strong>Silvanum</strong></span> <span class='ocrx_word' id='word_1_229' title='bbox 898 2231 1012 2262; x_wconf 89' lang='lat' dir='ltr'><strong>nune</strong></span> <span class='ocrx_word' id='word_1_230' title='bbox 1052 2217 1341 2273; x_wconf 82' lang='lat' dir='ltr'><strong>agricolarum</strong></span> <span class='ocrx_word' id='word_1_231' title='bbox 1376 2215 1506 2260; x_wconf 88' lang='lat' dir='ltr'><strong>deum</strong></span> <span class='ocrx_word' id='word_1_232' title='bbox 1543 2215 1732 2269; x_wconf 88' lang='lat' dir='ltr'><strong>dictum,</strong></span> <span class='ocrx_word' id='word_1_233' title='bbox 1778 2213 1858 2257; x_wconf 88' lang='lat' dir='ltr'><strong>ad-</strong></span> 
     </span>
    </p>
   </div>
   <div class='ocr_carea' id='block_1_4' title="bbox 135 2294 1860 3439">
    <p class='ocr_par' dir='ltr' id='par_1_4' title="bbox 135 2294 1860 3439">
     <span class='ocr_line' id='line_1_25' title="bbox 147 2294 1859 2357; baseline -0.004 -12"><span class='ocrx_word' id='word_1_234' title='bbox 147 2302 324 2345; x_wconf 90' lang='lat' dir='ltr'><strong>modum</strong></span> <span class='ocrx_word' id='word_1_235' title='bbox 353 2302 514 2345; x_wconf 88' lang='lat' dir='ltr'><strong>ieiunia</strong></span> <span class='ocrx_word' id='word_1_236' title='bbox 543 2302 601 2345; x_wconf 89' lang='lat' dir='ltr'><strong>sit</strong></span> <span class='ocrx_word' id='word_1_237' title='bbox 629 2302 730 2345; x_wconf 86' lang='lat' dir='ltr'><strong>talis</strong></span> <span class='ocrx_word' id='word_1_238' title='bbox 760 2300 1116 2357; x_wconf 89' lang='lat' dir='ltr'><strong>circumscriptio.</strong></span> <span class='ocrx_word' id='word_1_239' title='bbox 1176 2298 1309 2343; x_wconf 88' lang='lat' dir='ltr'><strong>Haud</strong></span> <span class='ocrx_word' id='word_1_240' title='bbox 1339 2297 1470 2342; x_wconf 88' lang='lat' dir='ltr'><strong>dubie</strong></span> <span class='ocrx_word' id='word_1_241' title='bbox 1506 2298 1576 2341; x_wconf 85' lang='lat' dir='ltr'><strong>vel</strong></span> <span class='ocrx_word' id='word_1_242' title='bbox 1612 2294 1859 2355; x_wconf 82' lang='lat' dir='ltr'><strong>agricolam</strong></span> 
     </span>
     <span class='ocr_line' id='line_1_26' title="bbox 149 2377 1857 2443; baseline -0.005 -16"><span class='ocrx_word' id='word_1_243' title='bbox 149 2386 300 2433; x_wconf 84' lang='lat' dir='ltr'><strong>deum,</strong></span> <span class='ocrx_word' id='word_1_244' title='bbox 342 2387 413 2428; x_wconf 88' lang='lat' dir='ltr'><strong>vel</strong></span> <span class='ocrx_word' id='word_1_245' title='bbox 444 2384 670 2443; x_wconf 81' lang='lat' dir='ltr'><strong>agricolae</strong></span> <span class='ocrx_word' id='word_1_246' title='bbox 701 2383 780 2427; x_wconf 83' lang='lat' dir='ltr'><strong>deo</strong></span> <span class='ocrx_word' id='word_1_247' title='bbox 809 2384 1056 2440; x_wconf 81' lang='lat' dir='ltr'><strong>legendnm.</strong></span> <span class='ocrx_word' id='word_1_248' title='bbox 1130 2381 1360 2427; x_wconf 80' lang='lat' dir='ltr'><strong>videbitur</strong></span> <span class='ocrx_word' id='word_1_249' title='bbox 1389 2379 1559 2424; x_wconf 85' lang='lat' dir='ltr'><strong>dativus</strong></span> <span class='ocrx_word' id='word_1_250' title='bbox 1588 2377 1857 2434; x_wconf 86' lang='lat' dir='ltr'><strong>exquisitior.</strong></span> 
     </span>
     <span class='ocr_line' id='line_1_27' title="bbox 147 2462 1859 2521; baseline -0.006 -10"><span class='ocrx_word' id='word_1_251' title='bbox 147 2469 223 2511; x_wconf 89' lang='lat' dir='ltr'><strong>Sic</strong></span> <span class='ocrx_word' id='word_1_252' title='bbox 250 2472 383 2510; x_wconf 88' lang='lat' dir='ltr'><strong>ante</strong></span> <span class='ocrx_word' id='word_1_253' title='bbox 413 2467 719 2510; x_wconf 85' lang='lat' dir='ltr'><strong>adverbialiter</strong></span> <span class='ocrx_word' id='word_1_254' title='bbox 749 2465 935 2520; x_wconf 89' lang='lat' dir='ltr'><strong>dictum,</strong></span> <span class='ocrx_word' id='word_1_255' title='bbox 965 2470 1041 2508; x_wconf 91' lang='lat' dir='ltr'><strong>ant</strong></span> <span class='ocrx_word' id='word_1_256' title='bbox 1072 2477 1177 2521; x_wconf 84' lang='lat' dir='ltr'><strong>pro:</strong></span> <span class='ocrx_word' id='word_1_257' title='bbox 1207 2468 1438 2518; x_wconf 89' lang='lat' dir='ltr'><strong>antequam</strong></span> <span class='ocrx_word' id='word_1_258' title='bbox 1466 2462 1562 2518; x_wconf 89' lang='lat' dir='ltr'><strong>ipse</strong></span> <span class='ocrx_word' id='word_1_259' title='bbox 1591 2463 1779 2516; x_wconf 88' lang='lat' dir='ltr'><strong>gustem,</strong></span> <span class='ocrx_word' id='word_1_260' title='bbox 1808 2462 1859 2502; x_wconf 90' lang='lat' dir='ltr'><strong>ut</strong></span> 
     </span>
     <span class='ocr_line' id='line_1_28' title="bbox 146 2532 1859 2598; baseline -0.008 -5"><span class='ocrx_word' id='word_1_261' title='bbox 146 2551 442 2594; x_wconf 65' lang='lat' dir='ltr'><strong>Cssusonmus</strong></span> <span class='ocrx_word' id='word_1_262' title='bbox 473 2550 529 2592; x_wconf 88' lang='lat' dir='ltr'><strong>de</strong></span> <span class='ocrx_word' id='word_1_263' title='bbox 558 2549 613 2591; x_wconf 89' lang='lat' dir='ltr'><strong>D.</strong></span> <span class='ocrx_word' id='word_1_264' title='bbox 643 2548 746 2592; x_wconf 84' lang='lat' dir='ltr'><strong>Nat.</strong></span> <span class='ocrx_word' id='word_1_265' title='bbox 778 2561 818 2591; x_wconf 89' lang='lat' dir='ltr'><strong>c.</strong></span> <span class='ocrx_word' id='word_1_266' title='bbox 851 2550 894 2592; x_wconf 91' lang='lat'><strong>1.</strong></span> <span class='ocrx_word' id='word_1_267' title='bbox 923 2547 1026 2590; x_wconf 88' lang='lat' dir='ltr'><strong>dicit</strong></span> <span class='ocrx_word' id='word_1_268' title='bbox 1057 2546 1113 2589; x_wconf 91' lang='lat' dir='ltr'><strong>de</strong></span> <span class='ocrx_word' id='word_1_269' title='bbox 1146 2532 1402 2589; x_wconf 81' lang='lat' dir='ltr'><strong>maioribus=</strong></span> <span class='ocrx_word' id='word_1_270' title='bbox 1443 2557 1543 2585; x_wconf 88' lang='lat' dir='ltr'><strong>cum</strong></span> <span class='ocrx_word' id='word_1_271' title='bbox 1566 2547 1859 2598; x_wconf 81' lang='lat' dir='ltr'><strong>perceperant</strong></span> 
     </span>
     <span class='ocr_line' id='line_1_29' title="bbox 135 2624 1860 2693; baseline -0.005 -17"><span class='ocrx_word' id='word_1_272' title='bbox 135 2634 332 2693; x_wconf 79' lang='lat' dir='ltr'><strong>fruges,</strong></span> <span class='ocrx_word' id='word_1_273' title='bbox 377 2641 623 2693; x_wconf 86' lang='lat' dir='ltr'><strong>antequam</strong></span> <span class='ocrx_word' id='word_1_274' title='bbox 651 2639 960 2685; x_wconf 74' lang='lat' dir='ltr'><strong>vescerentur,</strong></span> <span class='ocrx_word' id='word_1_275' title='bbox 1008 2630 1077 2672; x_wconf 72' lang='lat' dir='ltr'><strong>dis</strong></span> <span class='ocrx_word' id='word_1_276' title='bbox 1108 2628 1248 2672; x_wconf 88' lang='lat' dir='ltr'><strong>libare</strong></span> <span class='ocrx_word' id='word_1_277' title='bbox 1276 2628 1594 2671; x_wconf 79' lang='lat' dir='ltr'><strong>instituerunt.</strong></span> <span class='ocrx_word' id='word_1_278' title='bbox 1671 2624 1860 2670; x_wconf 81' lang='lat' dir='ltr'><strong>Volebat</strong></span> 
     </span>
     <span class='ocr_line' id='line_1_30' title="bbox 143 2708 1859 2767; baseline -0.007 -6"><span class='ocrx_word' id='word_1_279' title='bbox 143 2718 206 2761; x_wconf 87' lang='lat' dir='ltr'><strong>ita</strong></span> <span class='ocrx_word' id='word_1_280' title='bbox 237 2718 454 2762; x_wconf 65' lang='lat' dir='ltr'><strong>Hermus</strong></span> <span class='ocrx_word' id='word_1_281' title='bbox 490 2722 536 2761; x_wconf 90' lang='lat' dir='ltr'><strong>et</strong></span> <span class='ocrx_word' id='word_1_282' title='bbox 564 2717 608 2760; x_wconf 91' lang='lat' dir='ltr'><strong>ni</strong></span> <span class='ocrx_word' id='word_1_283' title='bbox 639 2715 766 2760; x_wconf 86' lang='lat' dir='ltr'><strong>fallor</strong></span> <span class='ocrx_word' id='word_1_284' title='bbox 798 2715 929 2760; x_wconf 87' lang='lat' dir='ltr'><strong>etiam</strong></span> <span class='ocrx_word' id='word_1_285' title='bbox 959 2714 1254 2767; x_wconf 71' lang='lat' dir='ltr'><strong>Husclncms,</strong></span> <span class='ocrx_word' id='word_1_286' title='bbox 1303 2713 1376 2767; x_wconf 88' lang='lat' dir='ltr'><strong>qui</strong></span> <span class='ocrx_word' id='word_1_287' title='bbox 1416 2709 1645 2766; x_wconf 85' lang='lat' dir='ltr'><strong>adscripsit</strong></span> <span class='ocrx_word' id='word_1_288' title='bbox 1675 2708 1859 2751; x_wconf 64' lang='lat' dir='ltr'><strong>Housm-</strong></span> 
     </span>
     <span class='ocr_line' id='line_1_31' title="bbox 146 2792 1858 2855; baseline -0.005 -12"><span class='ocrx_word' id='word_1_289' title='bbox 146 2802 240 2844; x_wconf 88' lang='lat' dir='ltr'><strong>Sat.</strong></span> <span class='ocrx_word' id='word_1_290' title='bbox 270 2800 328 2853; x_wconf 88' lang='grc' dir='ltr'><strong>ΙΙ,</strong></span> <span class='ocrx_word' id='word_1_291' title='bbox 351 2804 395 2854; x_wconf 87' lang='lat'><strong>5,</strong></span> <span class='ocrx_word' id='word_1_292' title='bbox 425 2801 484 2842; x_wconf 82' lang='lat'><strong>12</strong></span> <span class='ocrx_word' id='word_1_293' title='bbox 513 2811 607 2854; x_wconf 88' lang='lat' dir='ltr'><strong>sqq.</strong></span> <span class='ocrx_word' id='word_1_294' title='bbox 668 2797 760 2842; x_wconf 88' lang='lat' dir='ltr'><strong>Sed</strong></span> <span class='ocrx_word' id='word_1_295' title='bbox 791 2797 1026 2855; x_wconf 88' lang='lat' dir='ltr'><strong>simplicior</strong></span> <span class='ocrx_word' id='word_1_296' title='bbox 1057 2798 1193 2840; x_wconf 89' lang='lat' dir='ltr'><strong>altera</strong></span> <span class='ocrx_word' id='word_1_297' title='bbox 1222 2796 1349 2850; x_wconf 89' lang='lat' dir='ltr'><strong>ratio,</strong></span> <span class='ocrx_word' id='word_1_298' title='bbox 1379 2794 1454 2838; x_wconf 92' lang='lat' dir='ltr'><strong>ubi</strong></span> <span class='ocrx_word' id='word_1_299' title='bbox 1483 2792 1588 2836; x_wconf 87' lang='lat' dir='ltr'><strong>nihil</strong></span> <span class='ocrx_word' id='word_1_300' title='bbox 1618 2792 1858 2848; x_wconf 89' lang='lat' dir='ltr'><strong>suppletur.</strong></span> 
     </span>
     <span class='ocr_line' id='line_1_32' title="bbox 147 2875 1859 2939; baseline -0.004 -14"><span class='ocrx_word' id='word_1_301' title='bbox 147 2882 308 2937; x_wconf 81' lang='lat' dir='ltr'><strong>Accipe</strong></span> <span class='ocrx_word' id='word_1_302' title='bbox 356 2881 592 2938; x_wconf 90' lang='lat' dir='ltr'><strong>ponitur</strong></span> <span class='ocrx_word' id='word_1_303' title='bbox 630 2886 763 2925; x_wconf 86' lang='lat' dir='ltr'><strong>ante</strong></span> <span class='ocrx_word' id='word_1_304' title='bbox 802 2893 884 2937; x_wconf 89' lang='lat' dir='ltr'><strong>pro</strong></span> <span class='ocrx_word' id='word_1_305' title='bbox 925 2879 1218 2939; x_wconf 83' lang='lat' dir='ltr'><strong>anteponitur</strong></span> <span class='ocrx_word' id='word_1_306' title='bbox 1259 2893 1357 2924; x_wconf 90' lang='lat' dir='ltr'><strong>cum</strong></span> <span class='ocrx_word' id='word_1_307' title='bbox 1399 2877 1606 2921; x_wconf 72' lang='lat' dir='ltr'><strong>Munu‘ro</strong></span> <span class='ocrx_word' id='word_1_308' title='bbox 1637 2879 1683 2920; x_wconf 87' lang='lat' dir='ltr'><strong>et</strong></span> <span class='ocrx_word' id='word_1_309' title='bbox 1712 2875 1859 2920; x_wconf 65' lang='lat' dir='ltr'><strong>Wun-</strong></span> 
     </span>
     <span class='ocr_line' id='line_1_33' title="bbox 148 2958 1856 3021; baseline -0.005 -12"><span class='ocrx_word' id='word_1_310' title='bbox 148 2978 429 3018; x_wconf 71' lang='lat' dir='ltr'><strong>mzamcmo,</strong></span> <span class='ocrx_word' id='word_1_311' title='bbox 475 2966 550 3021; x_wconf 91' lang='lat' dir='ltr'><strong>qui</strong></span> <span class='ocrx_word' id='word_1_312' title='bbox 592 2965 774 3009; x_wconf 64' lang='lat' dir='ltr'><strong>Hona‘r.</strong></span> <span class='ocrx_word' id='word_1_313' title='bbox 813 2967 909 3010; x_wconf 86' lang='lat' dir='ltr'><strong>Sat.</strong></span> <span class='ocrx_word' id='word_1_314' title='bbox 954 2966 991 3020; x_wconf 91' lang='lat'><strong>1,</strong></span> <span class='ocrx_word' id='word_1_315' title='bbox 1031 2970 1075 3020; x_wconf 81' lang='grc'><strong>3,</strong></span> <span class='ocrx_word' id='word_1_316' title='bbox 1111 2967 1185 3008; x_wconf 83' lang='grc'><strong>92.</strong></span> <span class='ocrx_word' id='word_1_317' title='bbox 1232 2966 1456 3020; x_wconf 89' lang='lat' dir='ltr'><strong>comparat</strong></span> <span class='ocrx_word' id='word_1_318' title='bbox 1492 2958 1693 3019; x_wconf 81' lang='lat' dir='ltr'><strong>positum</strong></span> <span class='ocrx_word' id='word_1_319' title='bbox 1738 2964 1856 3001; x_wconf 79' lang='lat' dir='ltr'><strong>ante.</strong></span> 
     </span>
     <span class='ocr_line' id='line_1_34' title="bbox 145 3042 1858 3102; baseline -0.002 -12"><span class='ocrx_word' id='word_1_320' title='bbox 145 3049 345 3091; x_wconf 86' lang='lat' dir='ltr'><strong>Tibullus</strong></span> <span class='ocrx_word' id='word_1_321' title='bbox 376 3047 486 3091; x_wconf 78' lang='lat' dir='ltr'><strong>dixit</strong></span> <span class='ocrx_word' id='word_1_322' title='bbox 514 3048 572 3102; x_wconf 85' lang='lat'><strong>11,</strong></span> <span class='ocrx_word' id='word_1_323' title='bbox 607 3051 648 3102; x_wconf 87' lang='lat'><strong>1,</strong></span> <span class='ocrx_word' id='word_1_324' title='bbox 675 3050 760 3091; x_wconf 72' lang='lat'><strong>242</strong></span> <span class='ocrx_word' id='word_1_325' title='bbox 787 3054 995 3091; x_wconf 73' lang='lat' dir='ltr'><strong>exstruet</strong></span> <span class='ocrx_word' id='word_1_326' title='bbox 1026 3055 1162 3097; x_wconf 84' lang='lat' dir='ltr'><strong>ante,·</strong></span> <span class='ocrx_word' id='word_1_327' title='bbox 1193 3047 1253 3102; x_wconf 91' lang='grc' dir='ltr'><strong>ΙΙ,</strong></span> <span class='ocrx_word' id='word_1_328' title='bbox 1284 3051 1329 3102; x_wconf 84' lang='grc'><strong>5,</strong></span> <span class='ocrx_word' id='word_1_329' title='bbox 1360 3050 1447 3089; x_wconf 75' lang='grc' dir='ltr'><strong>98ε</strong></span> <span class='ocrx_word' id='word_1_330' title='bbox 1484 3042 1628 3087; x_wconf 77' lang='lat' dir='ltr'><strong>stabit</strong></span> <span class='ocrx_word' id='word_1_331' title='bbox 1651 3049 1772 3086; x_wconf 81' lang='lat' dir='ltr'><strong>ante.</strong></span> <span class='ocrx_word' id='word_1_332' title='bbox 1800 3064 1858 3074; x_wconf 91' lang='lat'><em>-</em></span> 
     </span>
     <span class='ocr_line' id='line_1_35' title="bbox 146 3124 1858 3185; baseline -0.003 -13"><span class='ocrx_word' id='word_1_333' title='bbox 146 3129 227 3173; x_wconf 83' lang='lat' dir='ltr'><strong>Est</strong></span> <span class='ocrx_word' id='word_1_334' title='bbox 256 3135 399 3174; x_wconf 82' lang='lat' dir='ltr'><strong>antem</strong></span> <span class='ocrx_word' id='word_1_335' title='bbox 430 3131 701 3185; x_wconf 82' lang='lat' dir='ltr'><strong>agricola</strong></span> <span class='ocrx_word' id='word_1_336' title='bbox 733 3129 895 3184; x_wconf 89' lang='lat' dir='ltr'><strong>deus,</strong></span> <span class='ocrx_word' id='word_1_337' title='bbox 925 3134 975 3173; x_wconf 88' lang='lat' dir='ltr'><strong>ut</strong></span> <span class='ocrx_word' id='word_1_338' title='bbox 997 3142 1095 3173; x_wconf 89' lang='lat' dir='ltr'><strong>cum</strong></span> <span class='ocrx_word' id='word_1_339' title='bbox 1114 3130 1281 3174; x_wconf 79' lang='lat' dir='ltr'><strong>Vossro</strong></span> <span class='ocrx_word' id='word_1_340' title='bbox 1303 3128 1449 3182; x_wconf 89' lang='lat' dir='ltr'><strong>credo,</strong></span> <span class='ocrx_word' id='word_1_341' title='bbox 1481 3128 1696 3179; x_wconf 86' lang='lat' dir='ltr'><strong>Silvanus,</strong></span> <span class='ocrx_word' id='word_1_342' title='bbox 1727 3124 1858 3168; x_wconf 88' lang='lat' dir='ltr'><strong>etiam</strong></span> 
     </span>
     <span class='ocr_line' id='line_1_36' title="bbox 146 3209 1856 3269; baseline -0.002 -15"><span class='ocrx_word' id='word_1_343' title='bbox 146 3211 255 3255; x_wconf 75' lang='lat' dir='ltr'><strong>infra</strong></span> <span class='ocrx_word' id='word_1_344' title='bbox 299 3213 335 3267; x_wconf 86' lang='lat'><strong>1,</strong></span> <span class='ocrx_word' id='word_1_345' title='bbox 379 3217 423 3267; x_wconf 83' lang='lat'><strong>5,</strong></span> <span class='ocrx_word' id='word_1_346' title='bbox 469 3216 542 3257; x_wconf 84' lang='grc'><strong>27.</strong></span> <span class='ocrx_word' id='word_1_347' title='bbox 587 3211 856 3268; x_wconf 80' lang='lat' dir='ltr'><strong>cogitandus.</strong></span> <span class='ocrx_word' id='word_1_348' title='bbox 931 3211 1149 3269; x_wconf 85' lang='lat' dir='ltr'><strong>Exposuit</strong></span> <span class='ocrx_word' id='word_1_349' title='bbox 1195 3213 1251 3258; x_wconf 92' lang='lat' dir='ltr'><strong>de</strong></span> <span class='ocrx_word' id='word_1_350' title='bbox 1295 3226 1349 3257; x_wconf 93' lang='lat' dir='ltr'><strong>eo</strong></span> <span class='ocrx_word' id='word_1_351' title='bbox 1396 3213 1588 3258; x_wconf 83' lang='lat' dir='ltr'><strong>Vossms</strong></span> <span class='ocrx_word' id='word_1_352' title='bbox 1635 3210 1691 3253; x_wconf 90' lang='lat' dir='ltr'><strong>ad</strong></span> <span class='ocrx_word' id='word_1_353' title='bbox 1734 3209 1856 3262; x_wconf 81' lang='lat' dir='ltr'><strong>Virg.</strong></span> 
     </span>
     <span class='ocr_line' id='line_1_37' title="bbox 147 3294 1856 3352; baseline 0.004 -14"><span class='ocrx_word' id='word_1_354' title='bbox 147 3296 304 3351; x_wconf 84' lang='lat' dir='ltr'><strong>Eclog.</strong></span> <span class='ocrx_word' id='word_1_355' title='bbox 334 3297 389 3343; x_wconf 77' lang='lat' dir='ltr'><strong>x.</strong></span> <span class='ocrx_word' id='word_1_356' title='bbox 418 3299 492 3340; x_wconf 82' lang='lat'><strong>24.</strong></span> <span class='ocrx_word' id='word_1_357' title='bbox 571 3298 671 3342; x_wconf 83' lang='lat' dir='ltr'><strong>Quo</strong></span> <span class='ocrx_word' id='word_1_358' title='bbox 702 3297 846 3340; x_wconf 89' lang='lat' dir='ltr'><strong>minus</strong></span> <span class='ocrx_word' id='word_1_359' title='bbox 877 3298 990 3342; x_wconf 87' lang='lat' dir='ltr'><strong>enim</strong></span> <span class='ocrx_word' id='word_1_360' title='bbox 1029 3310 1128 3342; x_wconf 91' lang='lat' dir='ltr'><strong>cum</strong></span> <span class='ocrx_word' id='word_1_361' title='bbox 1159 3300 1356 3352; x_wconf 59' lang='grc' dir='ltr'><strong>(ἔϊκτο,</strong></span> <span class='ocrx_word' id='word_1_362' title='bbox 1397 3298 1603 3350; x_wconf 68' lang='lat' dir='ltr'><strong>Vunmo,</strong></span> <span class='ocrx_word' id='word_1_363' title='bbox 1651 3294 1856 3344; x_wconf 61' lang='lat' dir='ltr'><strong>nmmo,</strong></span> 
     </span>
     <span class='ocr_line' id='line_1_38' title="bbox 146 3380 1856 3439; baseline -0.002 -16"><span class='ocrx_word' id='word_1_364' title='bbox 146 3381 523 3427; x_wconf 66' lang='lat' dir='ltr'><strong>Wusnnnmcmo</strong></span> <span class='ocrx_word' id='word_1_365' title='bbox 556 3383 785 3427; x_wconf 79' lang='lat' dir='ltr'><strong>collective</strong></span> <span class='ocrx_word' id='word_1_366' title='bbox 831 3380 937 3427; x_wconf 71' lang='lat' dir='ltr'><strong>llaec</strong></span> <span class='ocrx_word' id='word_1_367' title='bbox 980 3382 1110 3427; x_wconf 86' lang='lat' dir='ltr'><strong>verba</strong></span> <span class='ocrx_word' id='word_1_368' title='bbox 1141 3382 1197 3428; x_wconf 88' lang='lat' dir='ltr'><strong>de</strong></span> <span class='ocrx_word' id='word_1_369' title='bbox 1227 3383 1308 3428; x_wconf 88' lang='lat' dir='ltr'><strong>diis</strong></span> <span class='ocrx_word' id='word_1_370' title='bbox 1349 3382 1551 3439; x_wconf 83' lang='lat' dir='ltr'><strong>agricolis</strong></span> <span class='ocrx_word' id='word_1_371' title='bbox 1582 3380 1856 3435; x_wconf 80' lang='lat' dir='ltr'><strong>accipiamus,</strong></span> 
     </span>
    </p>
   </div>
  </div>
 </body>
</html>
