2158 3750
679 291 856 344 LIBR.
899 293 934 342 I.
1011 291 1210 345 ELEG.
1249 291 1365 342 Vn.
1787 296 1877 344 159

181 453 247 487 rur
279 445 441 497 Osiris,
487 445 600 499 quod
634 445 798 500 primus
831 443 937 487 haec
969 444 1108 487 omnia
1155 442 1283 486 rudes
1315 440 1506 485 homiues
1535 439 1746 486 docuerit.
1813 444 1875 484 Ae

179 529 231 572 «ie
262 529 428 571 cultore
459 533 599 572 terme
633 526 716 571 deo
747 528 854 571 satis
882 526 1006 570 dixit.
1040 550 1094 558 —
1149 527 1198 570 V.
1231 529 1291 568 37
1322 539 1419 580 sqq.
1481 524 1569 567 Iam
1602 525 1747 580 pergit
1779 525 1873 566 lon-

176 612 275 664 gius
328 616 372 653 et
414 614 642 666 postquam
689 609 774 651 vini
824 610 910 652 vin
953 606 1171 660 laudavit,
1238 608 1365 651 deum
1418 609 1556 664 ipsum
1603 608 1790 651 illustrat
1831 615 1878 650 ut

178 692 320 747 chori,
366 698 546 747 cantus,
596 693 681 736 ioci
722 691 948 746 omnisque
979 690 1154 735 omuino
1184 690 1430 734 festivitatis
1459 697 1699 745 amantem,
1746 693 1817 746 qui
1852 707 1879 735 a

177 781 362 823 Graecis
404 779 660 832 Latinisque
703 789 803 820 cum
845 773 1022 819 Baccho
1063 773 1294 829 confusus,
1334 775 1389 818 cf.
1423 776 1606 819 Hsnon.
1637 777 1694 831 ΙΙ,
1728 779 1800 821 42.
1834 784 1880 820 et

179 863 417 905 [intonsa.
449 858 604 904 Panth.
635 859 730 903 libr.
762 858 820 912 ΙΙ,
853 862 894 912 l,
923 861 995 912 5.,
1044 857 1176 903 etiam
1222 869 1367 902 mores
1410 857 1533 902 liuius
1579 860 1770 904 creditus
1811 868 1879 905 est

177 943 345 987 habere.
405 943 658 987 simillimus
690 955 793 985 vero
826 940 1152 986 Baccho’visus
1185 953 1271 985 nan
1301 947 1446 986 tamen
1477 956 1556 999 pro
1579 944 1750 989 Baccho
1781 947 1878 1002 ipso

174 1041 197 1068 a
232 1032 361 1082 poeta
392 1025 585 1082 habetur,
622 1027 695 1081 qui
729 1039 813 1070 non
843 1027 984 1070 solum
1018 1027 1131 1070 vites
1162 1028 1210 1070 et
1237 1025 1419 1069 arbores
1447 1032 1573 1069 curet
1602 1031 1650 1069 ut
1679 1027 1877 1071 Bacchus

175 1111 323 1165 (Voss.
355 1095 565 1172 aewrg.
597 1111 768 1166 Georg.
797 1109 856 1164 11,
887 1124 931 1168 p.
959 1109 1134 1167 καθά·
1153 1108 1231 1153 sed
1265 1109 1397 1152 etiam
1434 1108 1625 1152 aratrum
1654 1109 1877 1159 invenerit,

173 1192 287 1248 quod
318 1193 403 1237 non
434 1170 960 1249 tribuit-irhncchogsef.
994 1188 1255 1240 Wutcxnm
1286 1194 1371 1237 mei
1403 1191 1707 1237 Additamenta
1736 1193 1791 1235 ad
1824 1194 1877 1235 li-

172 1260 807 1337 brunig-*quem‘seffid't‘de
837 1277 1009 1332 Trilq.
1041 1274 1197 1320 Aesch.
1230 1291 1270 1332 p.
1305 1279 1406 1320 187.
1439 1300 1497 1308 —
1546 1275 1627 1319 Est
1659 1275 1782 1319 locus
1823 1275 1878 1317 de

173 1357 347 1402 Osiride
387 1343 526 1402 haurit
544 1357 675 1405 dume
711 1341 1024 1416 pulcherrim·
1055 1372 1157 1416 pars
1204 1359 1432 1413 carmiuiS,
1478 1359 1533 1403 de
1575 1360 1695 1402 cuius
1740 1358 1878 1402 forma

174 1439 342 1495 poe'tica
382 1438 583 1484 tenelffa·
579 1441 714 1496 quod
751 1454 778 1484 a
819 1442 941 1486 nullo
984 1441 1221 1499 interprete
1263 1442 1539 1486 observatum
1583 1443 1626 1485 in
1675 1447 1878 1498 promptu

174 1531 314 1566 tamen
356 1529 463 1576 est,-
493 1520 706 1587 gr-'ht'ipl
749 1538 776 1568 a
825 1525 949 1570 laetis
997 1525 1053 1568 ad
1100 1525 1280 1569 laetiora
1326 1531 1372 1568 et
1411 1526 1643 1569 laetissima
1687 1526 1879 1581 procedi.

170 1606 372 1648 Primum
399 1606 518 1654 enin
543 1605 599 1650 de
629 1606 866 1651 framerito
875 1614 921 1651 et
942 1608 1088 1665 pomis
1123 1607 1305 1651 inventis
1337 1608 1521 1661 dieitur3
1566 1617 1663 1650 tum
1693 1610 1746 1652 de
1780 1610 1879 1653 vino

172 1690 403 1746 iucundus
424 1696 471 1735 et
492 1689 624 1736 huius
654 1688 834 1748 quidem
858 1693 924 1736 vis
953 1693 1016 1736 sie
1047 1694 1290 1750 explicatur
1319 1692 1560 1748 gradatim,
1602 1694 1801 1737 docuisse
1834 1694 1877 1737 id

173 1771 352 1818 omnino
387 1753 556 1819 cantum
589 1781 635 1818 et
675 1775 974 1829 saltationem,
1023 1773 1263 1819 exhilarare
1291 1776 1511 1831 agricolae
1545 1780 1697 1833 pectus
1729 1777 1879 1819 labore

174 1857 417 1901 confectum
450 1863 495 1901 et
525 1857 687 1901 afferre
717 1859 785 1902 vel
815 1857 997 1902 afflictis
1022 1860 1244 1913 requiem3
1268 1865 1493 1915 postremo
1523 1859 1658 1914 ipsius
1683 1858 1751 1900 dei
1781 1872 1878 1901 mo-

171 1952 240 1982 res
271 1941 492 1984 laetissimi
523 1939 836 1998 σιιναθροιωιῷ
865 1937 1157 1995 pulcherrimo
1188 1938 1480 1992 illustrantur,
1520 1941 1562 1982 in
1593 1952 1680 1994 quo
1710 1953 1877 1982 summa

169 2022 376 2070 orationi·⁴
403 2023 619 2066 alacritas,
679 2025 752 2070 De
774 2023 957 2067 oonsilio
998 2024 1080 2066 loei
1114 2025 1157 2067 in
1187 2023 1514 2066 Introductione
1546 2023 1754 2076 vidimus,
1802 2025 1876 2078 qui

169 2111 331 2149 tantum
373 2105 594 2150 abest-ane
620 2095 705 2170 pro
738 2106 1016 2162 digressione
1062 2106 1283 2151 habendus
1327 2108 1410 2161 sit,
1459 2112 1507 2149 ut
1557 2119 1643 2149 non
1686 2109 1877 2163 potuerit

85 2249 90 2252 ·
170 2189 364 2233 blandior
399 2190 662 2246 excogitati:
692 2191 911 2235 Messalae
957 2193 1066 2236 laus.
1099 2214 1157 2226 —
1213 2191 1342 2235 Nunc
1383 2203 1615 2247 pergamus
1656 2191 1878 2246 explicare

168 2273 351 2328 singula.
401 2274 454 2319 V.
481 2277 624 2329 3⁷sq.
660 2287 832 2318 voees
862 2273 1184 2318 inflectere
1215 2281 1409 2327 cantu,
1441 2285 1671 2316 numerose
1693 2277 1877 2326 mutare,

170 2358 360 2410 variare,
389 2355 615 2401 modulari.
660 2357 869 2402 1⁴va1*-
907 2359 958 2411 V,
993 2361 1133 2402 14⁰5:
1177 2357 1337 2399 ducere
1366 2353 1642 2399 multimodis
1672 2369 1798 2396 voces
1832 2362 1875 2395 ee

160 2438 346 2493 flectere
375 2445 578 2482 cantans
583 2438 764 2488 Aliis-⁶
753 2453 795 2483 in
837 2440 946 2483 locis
988 2441 1140 2482 molles
1181 2446 1225 2482 et
1269 2439 1433 2483 fractae
1465 2439 1726 2482 mutationes
1757 2440 1874 2480 vocis

165 2522 390 2579 flexiones
418 2521 670 2577 dicuntur,
685 2528 747 2567 ut
773 2522 872 2568 θη.
902 2522 959 2567 de
990 2522 1113 2566 Orat.
1146 2523 1222 2575 lll,
1253 2507 1334 2567 25.
1409 2522 1512 2568 Quo
1543 2522 1738 2577 pertinet.
1761 2520 1874 2576 apud

172 2606 367 2649 Graecos
398 2602 641 2656 mianum,
696 2620 878 2663 wamy,
934 2607 990 2649 cs.
1033 2608 1290 2664 interpretes
1331 2606 1387 2650 ad
1428 2609 1682 2652 Amsmomr.
1727 2605 1877 2650 Nubes

171 2687 489 2730 963.1nv.—
537 2689 604 2731 a'd
630 2695 844 2747 οεϊῐρρ
885 2690 1102 2744 modoS,
1145 2690 1199 2734 ad
1230 2690 1419 2734 musicos
1449 2690 1628 2744 modos,
1658 2689 1712 2732 ad
1746 2690 1878 2732 musi-

171 2784 318 2815 corum
345 2772 726 2816 instrumentorum
758 2779 950 2817 cantum.
982 2798 1039 2806 —
1083 2775 1282 2818 nescia
1326 2774 1595 2828 membra,
1639 2773 1878 2815 saltationis

172 2858 348 2912 ignara,
384 2847 437 2898 ut
469 2868 611 2899 nexus
650 2857 793 2903 docet.
857 2858 969 2904 Vide
1011 2859 1066 2904 de
1109 2858 1174 2902 his
1217 2859 1442 2902 adiectivis
1484 2857 1537 2900 ad
1574 2857 1607 2911 l,
1639 2859 1682 2909 4,
1712 2858 1784 2898 48.
1822 2877 1876 2886 --

173 2945 616 2992 movere‚smotus‚
645 2940 826 2996 propria
853 2920 986 2998 ruba
1017 2941 1071 2985 de
1103 2941 1358 2994 saltatione,
1391 2946 1440 2983 ut
1468 2943 1650 2983 constat.
1714 2937 1878 2980 Exem-

173 3021 242 3077 pla
274 3021 407 3065 multa
435 3019 790 3066 Bnouenmsma
821 3022 963 3068 habet.
1000 3048 1054 3056 -
1106 3025 1155 3068 V.
1189 3027 1248 3067 39
1284 3038 1376 3079 sqq.
1436 3019 1721 3074 Bacchus,
1769 3019 1809 3062 h.
1839 3032 1877 3063 e.

174 3104 341 3157 vinum3
387 3105 500 3147 male
531 3105 660 3158 enim,
692 3110 741 3147 ut
770 3094 904 3149 etiarn
938 3104 1156 3150 Hermus
1187 3108 1324 3160 notat,
1357 3104 1542 3149 Osiridis
1572 3103 1732 3147 nomini
1765 3115 1879 3145 nunc

159 3181 306 3229 ‘semel
336 3186 453 3229 aliud
484 3186 796 3240 substitueret,
844 3187 880 3230 si
911 3186 1040 3231 deum
1072 3187 1321 3244 Gaii-idem,
1364 3202 1447 3232 non
1481 3188 1624 3231 vinum
1659 3186 1877 3240 intelligis.

175 3271 238 3310 Ac
268 3280 398 3323 supra
428 3267 553 3310 docui
595 3280 678 3311 non
711 3281 790 3324 pro
821 3268 976 3312 eodem
1007 3269 1092 3313 deo
1123 3269 1345 3315 Bacchum
1379 3275 1424 3315 et
1455 3270 1671 3313 Osiridem
1704 3269 1879 3311 Tibullo

177 3351 338 3394 haberi.
398 3351 594 3406 Denique
624 3353 810 3395 alienum
844 3365 870 3396 a
901 3354 1116 3408 carmine,
1159 3355 1275 3409 quod
1318 3354 1583 3410 Aegyptium
1625 3352 1752 3395 deum
1786 3351 1880 3391 lau—

179 3437 272 3488 dat,
323 3434 479 3478 Bacchi
523 3436 681 3479 Graeci
728 3448 805 3490 pro
837 3435 1010 3480 Osiride
1055 3450 1222 3482 nomen.
1258 3461 1307 3468 —
1359 3434 1656 3478 tristitiae
1696 3433 1879 3475 ‹lisso-
