2158 3750
237 246 322 305 46
737 240 1046 299 TIBULLI
1103 239 1244 296 LIB.
1284 240 1352 296 II.
1385 253 1428 296 3.

311 397 494 479 Saepe
537 395 770 455 horrere
815 414 1011 453 sacros
1055 391 1240 452 doluit
1281 393 1501 450 Latona
1547 392 1816 474 capiIIOS,

395 519 559 598 Quos
605 515 884 575 admirata
931 528 1015 574 est
1054 514 1181 597 ipsa
1216 535 1460 572 noverca
1502 512 1680 595 prius.

241 652 300 697 25
317 633 594 716 Quisquis
642 633 1085 716 inornatumque
1133 647 1304 716 caput
1349 631 1646 714 crinesque
1689 629 1904 691 solutos

395 751 721 835 Aspiceret,
775 751 997 813 Phoebi
1044 764 1342 836 quaereret
1383 748 1476 809 ille
1521 772 1758 810 comam.

315 869 489 931 Delos
508 870 609 931 ubi
622 894 794 944 nune,
819 869 1066 943 Phoebe,
1085 884 1181 930 tua
1197 885 1296 943 est,
1315 869 1415 929 ubi
1433 867 1714 951 Delphica
1727 865 1951 954 Pytho?

396 989 615 1071 Nempe
661 1011 822 1049 amor
864 987 925 1048 in
968 1011 1143 1071 parva
1190 1002 1243 1048 te
1287 988 1447 1049 iubet
1489 1011 1610 1049 esse
1650 1010 1797 1050 casa.

311 1105 527 1167 Felices
572 1106 735 1180 olim,
793 1106 1001 1167 Veneri
1047 1130 1176 1167 cum
1220 1105 1400 1166 fertur
1443 1120 1636 1189 aperte

246 1240 306 1283 30
403 1225 627 1286 Servire
667 1238 926 1284 aeternos
969 1246 1088 1283 non
1134 1221 1411 1306 puduisse
1457 1222 1610 1282 deos.

313 1342 534 1404 Fabula
578 1366 732 1402 nunc
770 1340 864 1401 ille
911 1355 1021 1401 est:
1057 1339 1160 1401 sed
1205 1340 1295 1401 cui
1341 1363 1445 1400 sua
1473 1361 1610 1401 cura
1637 1335 1826 1421 puella
1855 1351 1953 1411 est,

399 1459 620 1520 Fabula
666 1460 739 1520 sit
781 1457 996 1519 mavult
1038 1480 1209 1541 quam
1250 1457 1373 1516 sine
1419 1479 1612 1516 amore
1657 1454 1814 1516 deus.

317 1577 394 1637 At
435 1592 526 1650 tu,
580 1576 839 1660 quisquis
883 1576 931 1636 is
972 1599 1060 1649 es,
1110 1576 1201 1636 cui
1246 1575 1391 1635 tristi
1431 1575 1619 1636 fronte
1666 1572 1891 1656 Cupido

396 1695 674 1776 Imperat,
731 1707 794 1752 ut
844 1708 1039 1754 nostra
1077 1693 1192 1753 sint
1235 1707 1331 1753 tua
1375 1707 1557 1753 castra
1599 1691 1802 1764 doum,

253 2032 312 2075 35
326 2018 535 2076 Ferrea
553 2038 673 2074 non
688 2018 986 2087 Venerem,
1010 2013 1111 2074 sed
1134 2014 1427 2097 praedam,
1451 2014 1675 2077 saecula
1691 2014 1956 2077 laudant:

410 2132 631 2194 Praeda
675 2147 860 2192 tamen
908 2130 1101 2192 multis
1146 2147 1230 2193 est
1273 2147 1506 2216 operata
1548 2133 1728 2195 malis

319 2256 540 2315 Praeda
586 2255 734 2314 feras
783 2254 930 2314 acies
971 2232 1145 2314 cinxit
1183 2254 1548 2316 discordibus
1595 2255 1798 2316 armis:

405 2372 555 2432 Hinc
596 2395 782 2446 cruor,
823 2370 957 2431 hinc
999 2372 1199 2433 caedes
1229 2397 1384 2435 mors
1412 2373 1766 2458 propiorque
1791 2376 1956 2435 venit.

319 2491 542 2551 Praeda
586 2514 730 2572 vago
775 2489 940 2550 iussit
985 2490 1272 2570 geminare
1316 2491 1570 2575 pericula
1604 2507 1812 2576 pont0,

253 2624 314 2670 40
414 2610 627 2672 Bellica
675 2634 803 2672 cum
846 2610 1038 2671 dubiis
1083 2625 1265 2670 rostra
1313 2611 1470 2672 dedit
1511 2611 1746 2671 ratibus.

345 2825 399 2868 V.
419 2827 492 2867 34.
528 2825 629 2868 libri
662 2824 942 2880 Imperat,
980 2830 1053 2868 ut.
1115 2826 1204 2868 Pro
1241 2823 1324 2868 hoc
1355 2826 1486 2880 vulgo
1520 2825 1682 2880 legitur
1712 2822 1959 2882 imperitat,

254 2908 422 2950 incerto
465 2910 657 2950 auctore.
730 2907 806 2950 Sic
842 2907 933 2950 visa
975 2911 1043 2950 est
1084 2908 1203 2951 finita
1241 2909 1505 2952 constructio
1548 2922 1587 2952 v.
1619 2907 1795 2952 domo,
1868 2906 1961 2951 Sed

254 2993 416 3048 prima:
469 2991 537 3034 At
578 2995 659 3043 tu,
714 3003 826 3033 nunc
868 2996 1017 3034 carent
1054 2992 1201 3035 verbo.
1280 2993 1411 3037 Dicas
1454 3007 1533 3050 pro
1574 2993 1627 3037 iis
1670 2997 1823 3050 postea
1862 2997 1961 3036 tua

254 3078 454 3118 castra
489 3072 746 3125 substituta,
801 3072 918 3115 dicas
959 3074 1266 3116 allocutionem
1305 3076 1531 3131 abruptam
1570 3075 1613 3118 in
1651 3075 1836 3129 affectu,
1881 3074 1959 3118 sed

254 3162 474 3211 utcunque
509 3155 730 3211 explica,
774 3154 888 3210 apud
922 3155 1140 3199 Tibullum
1180 3156 1281 3199 nihil
1317 3158 1455 3200 simile
1490 3157 1707 3212 invenias,
1748 3158 1821 3212 qui
1851 3155 1961 3201 hanc

253 3240 559 3284 allocutionem
602 3250 810 3293 nusquam
852 3238 946 3282 sine
987 3239 1121 3282 verbo
1161 3239 1297 3296 ponit.
1373 3241 1522 3287 Quare
1562 3240 1716 3285 lacuna
1755 3241 1962 3284 statuitur

253 3334 412 3366 verius,
