2158 3750
678 272 861 325 LIBR.
893 272 935 324 1.
1006 270 1209 324 ELEG.
1242 271 1336 324 Vl.
1760 275 1858 323 143

160 431 352 478 quarum
382 431 462 460 nec
494 415 618 459 vitta
640 417 831 474 pudicos
867 417 1093 475 contingit
1122 418 1262 458 crines
1292 431 1370 459 nec
1398 414 1518 458 stola
1548 414 1684 472 longa
1708 412 1858 470 pedes.

158 503 266 546 Post
295 500 402 544 haec
431 501 611 544 verbum
656 499 900 543 addendum
930 506 996 542 est
1025 500 1080 542 de
1112 502 1309 543 spons-11
1341 499 1574 551 sententia,
1614 498 1659 540 in
1688 496 1861 538 Disser-

159 583 325 626 tatione
354 585 426 624 De
456 581 555 624 vita
584 588 630 623 et
661 579 931 623 carminibus
960 580 1140 629 Tibulli,
1169 584 1240 636 qu'i
1273 583 1417 625 multis
1441 580 1607 624 de-hoc
1636 581 1733 623 loco
1756 578 1862 632 egit.

160 667 338 722 Negans
381 668 547 710 Deliam
588 666 826 708 liberti-sm
869 665 1003 707 fuisse
1042 666 1259 719 explicat:
1304 665 1373 707 fac
1418 670 1468 708 ut
1508 665 1623 718 filia,
1669 661 1863 718 quamvis

161 749 347 792 Vestalis
376 762 461 791 non
490 749 572 802 sit,
612 751 757 790 tamen
798 751 918 790 casta
949 747 1267 802 quodammodo
1298 750 1378 802 sit,
1424 754 1469 791 et
1497 748 1663 791 etiamsi
1692 752 1860 804 peccet,

159 834 299 875 minus
340 838 483 875 tamen
525 832 571 874 id
609 831 739 874 saciat
783 844 910 886 quam
953 831 1036 876 hoc
1077 837 1288 889 tempore.
1348 833 1439 876 Sed
1478 834 1588 876 falsa
1634 838 1702 876 est
1747 830 1861 875 band

159 915 289 959 dubie
329 915 435 959 haec
472 915 720 971 explicatio.
781 915 982 957 Tibullus
1017 916 1210 974 postulat
1249 919 1298 957 ut
1336 928 1386 958 se
1425 917 1520 958 solo
1561 919 1764 958 contenta
1805 915 1863 958 sit

159 999 302 1054 puella
332 1011 414 1040 nee
443 998 551 1040 alios
581 998 693 1039 ullos
723 996 937 1045 admittat.
1000 995 1102 1040 Hoc
1133 1002 1200 1040 est
1232 1001 1396 1040 castam
1426 1011 1545 1050 esse,
1591 996 1674 1040 hoc
1705 997 1863 1040 docent

158 1079 403 1133 sequentia:
452 1080 520 1120 Et
556 1077 794 1120 11ιὶἠίοὲηὲ
826 1076 968 1120 durae
998 1075 1147 1136 leges,
1189 1077 1381 1120 laudare
1418 1093 1498 1120 nec
1528 1077 1670 1120 ullam
1696 1077 1862 1134 possim

157 1175 256 1218 ego.
315 1158 509 1204 Easdem
538 1160 688 1214 leges,
717 1171 827 1214 quas
857 1159 1030 1215 puellae
1057 1160 1267 1216 imponit,
1307 1161 1437 1204 etiam
1469 1161 1550 1203 sibi
1581 1160 1863 1216 praescribit3

158 1242 258 1284 illae
291 1254 399 1285 vero
428 1254 518 1289 non
542 1245 659 1284 ¹-m'nt
688 1241 824 1285 durae
854 1243 1006 1296 leges,
1047 1243 1090 1285 si
1130 1255 1312 1298 peccare
1357 1248 1500 1287 tamen
1542 1245 1645 1286 licet
1689 1244 1861 1299 passim.

159 1324 326 1368 Deinde
355 1324 488 1367 etiam
508 1323 683 1381 §eliqua
704 1323 927 1367 ‘sententia
949 1322 1091 1379 friget
1118 1325 1434 1380 maximopere:
1471 1326 1678 1371 Quamvis
1703 1325 1863 1369 Vesta—

159 1410 213 1452 lis
243 1421 329 1450 non
359 1408 435 1461 sis,
474 1407 609 1450 debes
632 1412 800 1462 nmen,
832 1420 916 1450 non
946 1407 1047 1450 dico
1080 1408 1206 1463 plane
1236 1409 1392 1451 imitari
1422 1407 1573 1451 harum
1603 1410 1863 1461 castitatem,

159 1499 206 1536 at
234 1495 386 1536 saltem
418 1505 503 1536 non
531 1492 657 1536 nimis
685 1491 818 1547 longe
847 1491 950 1535 inde
980 1493 1186 1536 recedere
1219 1492 1456 1551 (Obgleiclc
1489 1494 1610 1535 keine
1642 1495 1687 1536 V
1682 1493 1864 1542 estalin,

160 1575 306 1633 ηιμ-[ξπ
337 1577 397 1618 du
426 1575 693 1634 wenigstens
723 1589 828 1617 zum
861 1575 991 1617 Theil
1017 1576 1179 1619 keusclz
1208 1576 1341 1632 sein).
1405 1579 1532 1623 Quae
1563 1578 1684 1622 vides
1714 1577 1864 1632 inepta

161 1675 271 1706 esse.
333 1660 465 1708 Quod
504 1660 690 1715 denique
730 1659 880 1703 durius
918 1659 1024 1702 dicit
1065 1661 1299 1704 secamus
1329 1674 1427 1704 cum
1460 1662 1651 1704 BAussao
1684 1661 1864 1705 inhone-

160 1745 306 1787 stioris
337 1741 596 1787 conditionis
625 1741 847 1784 admoneri
882 1743 1063 1785 amicam
1098 1743 1316 1798 dilectam,
1345 1750 1446 1787 sunt
1475 1745 1582 1788 haec
1612 1748 1750 1789 multo
1782 1748 1865 1789 mi-

159 1841 240 1871 nus
271 1816 403 1880 dura,
446 1839 573 1880 quam
603 1838 716 1880 quae
747 1825 858 1868 infra
889 1824 945 1868 de
976 1832 1174 1881 egestate
1205 1833 1252 1870 et
1291 1841 1426 1884 opera
1464 1828 1610 1872 humili
1643 1830 1863 1873 libertina-

159 1923 255 1954 rum
301 1910 541 1952 vetularum
589 1909 724 1964 leges.
796 1908 1012 1952 Nimirum
1058 1923 1145 1952 non
1190 1911 1471 1954 attenderunt
1513 1913 1594 1954 viri
1645 1912 1764 1955 docti
1807 1913 1864 1956 ad

158 1992 424 2036 acerbiorem
454 1991 586 2034 totins
616 1991 708 2034 fere
737 1990 907 2044 elegiae
938 1991 1194 2044 orationem,
1225 1992 1300 2034 ubi
1332 1993 1439 2035 levis
1471 1998 1515 2035 et
1546 1993 1702 2036 infidae
1737 1996 1862 2049 cogi-

159 2075 267 2118 tatio
306 2074 561 2117 obversatur
601 2076 757 2128 poetae
798 2071 966 2125 animo,
1012 2085 1100 2115 non
1131 2074 1309 2116 carioris
1340 2075 1454 2117 illius
1485 2080 1585 2118 ante
1616 2077 1702 2119 alio
1734 2091 1864 2121 sensu

158 2164 329 2203 amatae
351 2157 608 2214 puellaez—
638 2155 693 2202 V.
714 2159 772 2198 69
787 2169 882 2211 sqq.
914 2157 1004 2199 Pro
1038 2158 1256 2212 postulata
1288 2171 1314 2200 a
1344 2158 1469 2201 Delia
1500 2161 1700 2204 castitate
1732 2163 1864 2205 etiam

74 2255 78 2258 ’
156 2241 240 2284 sibi
269 2239 594 2293 severassleges
625 2239 860 2293 castitatis,
904 2241 1034 2288 immo
1078 2242 1321 2284 severIores
1363 2242 1545 2298 imponit
1580 2253 1622 2287 et
1653 2246 1864 2290 maximas

160 2335 324 2379 poenas
364 2321 582 2374 decernit,
623 2320 667 2363 in
710 2321 898 2376 puellam
938 2334 1042 2364 vero
1084 2324 1298 2377 promittit
1339 2325 1486 2367 mitem
1517 2340 1566 2369 se
1595 2327 1785 2370 futurum
1819 2334 1864 2371 et

160 2410 253 2450 irae
281 2405 590 2458 manibusque,
633 2403 671 2446 si
701 2416 787 2458 qua
821 2405 1012 2460 suspicio
1056 2405 1242 2458 incidat,
1287 2411 1625 2463 temperaturum
1656 2415 1864 2464 quantum

161 2491 312 2548 possit.
374 2489 544 2535 Quibus
574 2487 773 2531 omnibus
799 2487 980 2531 efficere
1011 2488 1159 2532 studet
1190 2495 1238 2531 ut
1271 2503 1326 2531 ex
1357 2491 1501 2534 animo
1534 2498 1652 2535 casta
1685 2494 1743 2535 sit
1772 2494 1864 2537 De-

160 2575 243 2626 lia,
286 2572 438 2615 videns
469 2572 599 2614 etiam
629 2573 868 2612 amatorem
898 2569 1114 2612 abstinere
1145 2572 1256 2613 velle
1289 2574 1512 2627 omnibus,
1560 2588 1671 2629 quae
1703 2576 1742 2618 ei
1773 2576 1866 2619 dis-

162 2658 324 2715 plicere
353 2660 432 2698 aut
462 2656 646 2698 molesta
675 2666 772 2696 esse
803 2654 982 2709 possim.
1044 2654 1280 2698 Videamus
1312 2656 1495 2710 singula.
1526 2681 1587 2690 —
1635 2658 1687 2702 V.
1721 2662 1778 2701 69
1797 2671 1863 2713 sq.

158 2740 406 2786 laudare
444 2752 547 2782 nec
588 2738 762 2781 ullam
802 2739 1018 2794 possim
1059 2751 1187 2792 ego,
1233 2741 1436 2793 generale
1481 2740 1643 2783 dictum
1686 2746 1866 2783 antece-

165 2823 272 2868 dens
302 2836 403 2867 cum
442 2835 522 2879 per
550 2825 698 2877 partes
728 2822 1026 2877 explicaturus
1057 2823 1140 2878 s1t‚
1183 2823 1365 2867 observa
1395 2829 1539 2868 tamen
1572 2826 1753 2881 positam
1787 2839 1865 2869 co-

162 2910 307 2966 pulam
347 2894 450 2955 nec,
497 2907 552 2951 de
586 2920 674 2962 quo
716 2920 797 2949 usu
838 2908 1047 2952 monitum
1090 2908 1144 2951 ad
1185 2909 1222 2963 Ι,
1259 2914 1304 2964 5,
1346 2914 1416 2953 11.
1479 2912 1696 2965 Alteram,
1738 2923 1864 2966 quam

162 2992 568 3035 Wunnssamomtrs
594 2991 798 3047 proponit
826 2991 1048 3046 rationem,
1079 2981 1128 3036 ut
1157 3008 1237 3035 nec
1263 3008 1326 3050 pr.
1356 2994 1586 3053 nequidem
1614 2996 1866 3051 accipiatur,-

164 3074 348 3116 alienam
380 3072 507 3116 duco.
539 3093 599 3106 --
643 3076 914 3127 appetat,
957 3070 998 3116 h.
1037 3087 1076 3116 e.
1119 3076 1292 3119 invadat
1323 3079 1472 3120 oculos
1505 3092 1624 3120 meos
1657 3079 1865 3122 manibus.

163 3154 348 3208 Licebit,
389 3154 465 3207 ait,
499 3153 662 3203 Deliae,
700 3153 737 3195 si
769 3153 897 3197 modo
928 3154 1158 3199 laudavero
1192 3159 1335 3212 aliam,
1366 3161 1517 3203 oculos
1548 3174 1667 3203 meos
1699 3162 1865 3217 punire.

164 3239 233 3282 Ad
262 3252 354 3283 rem
384 3237 533 3281 confer
573 3236 790 3279 Tannum.
831 3235 1028 3283 Eunuch.
1059 3239 1136 3293 IV,
1166 3243 1209 3291 3,
1244 3245 1286 3285 6.
1330 3242 1404 3285 ubi
1447 3248 1513 3285 est
1555 3241 1782 3300 unguibus
1817 3243 1866 3285 in

165 3320 316 3364 oculos
344 3318 556 3367 involare,
589 3323 635 3362 et
665 3319 803 3363 Ovm.
834 3321 1004 3366 Amorr.
1033 3321 1068 3376 Ι,
1099 3326 1143 3375 7,
1174 3325 1257 3366 64:
1295 3323 1367 3366 At
1399 3332 1450 3366 tu
1482 3339 1537 3366 ne
1570 3323 1728 3367 dubita
1755 3341 1865 3381 pro-

165 3405 290 3449 tinus
318 3405 367 3449 in
396 3405 555 3450 vultus
585 3402 814 3464 unguibus
843 3403 908 3448 irs
937 3420 1065 3456 meos,
1098 3412 1144 3451 et
1173 3409 1413 3454 Paonssa'r.
1444 3409 1520 3464 lv,
1543 3415 1586 3464 8,
1616 3414 1699 3453 66:
1726 3423 1865 3465 prae-
