2158 3750
576 263 883 322 TIBULLI
944 263 1083 322 LIB.
1129 263 1167 321 Ι.
1204 273 1246 320 9.
1283 272 1352 321 10.
1736 268 1816 326 35

173 420 336 477 Tune
377 431 542 501 putas
580 416 734 477 illam
784 441 892 500 pro
940 433 991 477 te
1033 418 1339 502 disponere
1385 418 1570 477 crines

261 524 376 583 Aut
419 539 616 583 tenues
661 523 842 582 denso
879 538 1103 605 pectere
1148 524 1316 585 dente
1362 525 1592 586 comas?

174 633 283 691 lsta
330 630 470 692 haec
515 630 821 714 persuadet
862 630 1067 704 facies,
1127 655 1380 715 auroque
1423 631 1662 694 lacertos

109 754 170 796 70
266 739 492 799 Vinciat
535 752 588 797 et
629 738 807 823 Tyrio
851 737 1093 820 prodeat
1137 753 1269 822 apta
1313 740 1459 801 sinu.

179 850 309 907 Non
354 846 487 920 tibi,
541 844 644 906 sed
686 845 876 904 iuveni
920 845 1148 905 cuidam
1189 845 1308 906 vult
1349 847 1497 909 bella
1542 847 1750 920 videri,

256 956 542 1014 Devoveat
579 975 688 1035 pro
733 975 848 1036 quo
891 975 1126 1036 remque
1171 952 1520 1039 domumque
1561 969 1732 1015 tuam.

170 1063 287 1122 Nec
329 1061 467 1122 facit
509 1059 620 1121 hoc
663 1060 830 1134 vitio,
873 1059 977 1122 sed
1021 1084 1264 1146 corpora
1310 1061 1481 1124 foeda
1523 1063 1783 1147 podagra

257 1169 329 1230 Et
365 1169 518 1230 senis
564 1167 856 1252 amplexus
901 1167 1051 1230 culta
1096 1168 1284 1254 puella
1329 1170 1493 1252 fugit.

109 1291 167 1336 75
180 1277 332 1338 Huic
354 1291 539 1337 tamen
563 1276 830 1338 accubuit
859 1291 1054 1337 noster
1073 1300 1245 1361 puer:
1280 1276 1436 1338 hunc
1461 1301 1565 1360 ego
1589 1278 1817 1341 credam

265 1385 407 1446 Cum
457 1384 715 1446 trucibus
758 1387 1039 1446 Venerem
1082 1385 1319 1466 iungere
1365 1409 1534 1469 posse
1578 1386 1730 1448 seris.

172 1491 567 1553 Blanditiasne
610 1515 765 1552 meas
811 1490 935 1552 aliis
980 1506 1041 1551 tu
1079 1493 1324 1552 vendere
1371 1516 1430 1554 es
1474 1513 1681 1568 amm,

259 1602 424 1661 Tune
459 1599 584 1660 aliis
630 1599 863 1659 demens
908 1598 1102 1660 oscula
1140 1598 1288 1660 ferre
1333 1602 1498 1661 mea?

176 1708 340 1768 Tunc
381 1705 576 1781 flebis,
621 1730 751 1768 cum
794 1728 885 1766 me
928 1706 1179 1767 vinctum
1217 1731 1363 1791 puer
1406 1707 1547 1769 alter
1586 1707 1821 1772 habebit

109 1831 172 1874 80
266 1817 339 1876 Et
382 1829 540 1897 geret
580 1815 641 1876 in
681 1837 860 1896 regno
901 1837 1080 1897 regna
1123 1816 1373 1899 superba
1416 1831 1531 1877 tu0.

175 1925 253 1986 At
294 1940 391 1987 tua
428 1939 550 1986 tum
593 1948 682 1986 me
726 1947 915 2008 poena
957 1924 1138 1998 iuvet,
1180 1926 1503 2011 Venerique
1547 1929 1786 1990 merenti

258 2036 396 2095 Fixa
434 2048 593 2095 notet
627 2057 792 2095 casus
838 2056 1011 2095 aurea
1056 2032 1249 2116 palma
1293 2058 1467 2096 meos.

177 2145 365 2204 ‘Hane
409 2143 514 2203 tibi
557 2141 747 2204 fallaci
790 2141 1072 2204 resolutus
1119 2166 1312 2203 amore
1357 2143 1622 2205 Tibullus

266 2251 511 2314 Dedicat
551 2265 605 2311 et
649 2264 808 2331 grata
854 2251 962 2322 siS‚
1001 2250 1135 2324 dea,
1190 2265 1375 2311 mente
1419 2255 1617 2334 rogat.’

673 2559 1104 2611 ELEGIA
1191 2561 1260 2613 X.

170 2694 367 2833 Quis
412 2734 535 2808 fuit,
580 2733 901 2796 horrendos
945 2735 1166 2819 primus
1206 2736 1305 2820 qui
1345 2735 1583 2820 protulit
1617 2737 1822 2800 enses?

264 2843 456 2924 Quam
493 2843 649 2907 ferus
695 2858 750 2905 et
782 2867 911 2906 vere
955 2843 1173 2906 ferreus
1218 2843 1312 2906 ille
1357 2844 1495 2908 fuit!

177 2952 326 3012 Tum
372 2951 572 3013 caedes
611 2951 910 3014 hominum
956 2954 1180 3035 generi,
1234 2969 1353 3015 tum
1394 2953 1609 3038 praelia
1653 2969 1820 3029 nata,

257 3062 406 3122 Tum
451 3061 680 3122 brevior
721 3061 879 3124 dirae
922 3062 1121 3140 mortis
1167 3078 1362 3147 aperta
1405 3065 1494 3124 via
1537 3079 1633 3125 est.

230 3265 285 3310 V.
304 3269 379 3309 80.
419 3278 598 3321 regno
639 3267 751 3313 libri.
821 3268 1081 3313 Rae-'musis
1116 3267 1286 3328 gremio
1325 3269 1530 3312 suaviter.
1592 3267 1820 3312 Hssmsws

114 3353 158 3391 et
188 3349 384 3394 (ἔπτυε
419 3349 466 3392 in
498 3366 634 3409 regno
664 3359 843 3410 sceptra
878 3361 1137 3414 proponunt.

1274 3434 1366 3487 3*
