2158 3750
662 265 848 319 LIBR.
885 267 952 318 ll.
1021 263 1228 319 ELEG.
1264 264 1332 317 V.
1735 274 1836 319 291

141 422 212 459 tae
256 415 526 469 dicerentur,
570 413 737 458 tabulas
778 413 942 468 ligneas
978 410 1274 456 Nrsnunnms
1315 410 1431 456 Hist.
1473 411 1601 456 Rom.
1647 410 1771 454 Toni.
1807 412 1839 453 l.

139 515 183 556 p.
213 503 318 543 566.
350 499 419 543 ed.
452 504 554 543 tert.
598 499 734 542 fnisse
778 503 902 554 putat
943 498 1174 554 inscriptas
1205 497 1364 540 litteris
1395 495 1576 538 Latinis.
1636 494 1726 538 Sed
1759 494 1839 536 Ti-

139 584 303 627 bullum
338 584 376 627 si
406 582 752 635 consideramus,
797 580 867 624 bic
910 581 1017 623 illud
1059 581 1317 625 miraculum
1358 584 1531 633 narrat,
1574 591 1672 621 cum
1719 583 1841 622 vates

138 666 238 708 dnm
270 666 435 708 viveret
463 663 694 719 aliquando
724 676 804 721 per
833 662 1043 705 Anienem
1076 666 1273 718 portaret
1311 664 1510 706 volumen
1542 675 1695 713 suum,
1737 675 1842 724 per-

138 752 288 793 tulisse
329 750 373 793 id
413 750 603 801 siccum3
647 746 892 801 undeego
931 744 1040 789 illud
1083 745 1234 801 potius
1264 746 1545 800 collegerim,
1591 759 1676 790 non
1708 745 1843 789 fuisse

138 835 306 889 ligneas
349 838 490 877 sortes
534 831 615 874 sed
657 830 869 874 mollioris
908 829 1148 882 materiae,
1197 830 1268 872 cui
1315 843 1474 873 nocere
1522 837 1671 887 posset
1716 844 1843 887 aqua.

139 917 253 960 Nam
283 922 328 960 et
361 917 406 959 in
433 913 640 959 Varronis
670 917 716 956 et
745 911 792 955 in
820 911 989 954 Tibulli
1022 911 1270 954 narratione
1302 909 1384 955 boc
1416 913 1551 966 inest,
1591 914 1787 958 illaesum
1818 929 1844 958 a

140 1000 313 1041 flumine
354 997 560 1040 mansisse
598 994 781 1047 librum,
827 1005 941 1048 quae
972 1006 1044 1036 res
1086 992 1194 1048 quid
1236 998 1326 1036 tam
1368 995 1565 1039 mirabile
1606 994 1761 1050 habet,
1809 999 1847 1040 si

139 1083 308 1136 ligneus
350 1080 469 1123 fuit?
539 1078 776 1123 Veniamus
819 1077 875 1121 ad
921 1079 1102 1133 reliqua.
1163 1079 1330 1124 Sensus
1379 1079 1690 1132 grammaticus
1735 1080 1845 1123 loci:

138 1177 336 1220 quaeque
374 1162 576 1206 vaticinia
609 1161 806 1205 Albunea
847 1173 927 1217 per
969 1161 1177 1204 Anienem
1220 1159 1360 1203 fertur
1400 1161 1551 1204 tulisse
1581 1162 1699 1205 sicco
1734 1162 1845 1205 sinu.

140 1247 253 1290 Nam
281 1245 540 1288 coniunctiri
568 1242 768 1300 portarit
800 1247 846 1286 et
868 1243 1191 1300 pertulerit
1218 1249 1317 1287 sunt
1347 1245 1578 1301 opinantis,
1609 1258 1693 1288 non
1725 1250 1847 1288 certo

142 1329 427 1381 affirmantis,
458 1332 505 1370 et
533 1326 777 1383 opinionem
808 1327 942 1381 vulgo
972 1325 1176 1370 traditam
1209 1327 1438 1371 referentis
1469 1327 1598 1387 (mag
1626 1336 1847 1388 getragen

141 1408 328 1466 haben).
400 1411 630 1453 Postremo
674 1421 776 1452 num
823 1421 883 1451 ex
940 1409 1052 1452 libro
1098 1411 1141 1452 in
1190 1410 1409 1466 Capitolio
1456 1412 1629 1468 publice
1675 1418 1848 1456 servato

143 1494 389 1548 evulgarint
415 1491 616 1548 prodigia
642 1493 867 1549 praedicta
898 1493 997 1536 XV.
1021 1493 1103 1535 viri
1135 1493 1324 1536 dubitari
1353 1499 1523 1550 potest,
1554 1500 1600 1538 at
1631 1494 1850 1538 habeban-

146 1584 218 1620 tur
248 1575 362 1619 haud
393 1575 523 1618 dubie
553 1575 835 1630 vulgoaliae
866 1575 1029 1618 similes
1060 1575 1312 1631 suppositae
1342 1576 1566 1619 Albuneae
1595 1582 1750 1620 sortes.
1790 1599 1850 1608 ⁶—-

142 1664 198 1707 V.
229 1666 286 1706 71
329 1674 425 1716 sqq.
485 1659 608 1703 Hae
656 1659 784 1703 fore
833 1659 1126 1703 dixerunt.
1198 1659 1327 1703 Nova
1369 1659 1651 1716 parenthesis.
1714 1662 1849 1705 Cete-

145 1759 242 1790 rum
271 1745 490 1788 Hermus
518 1747 724 1786 annotat=
769 1741 1002 1798 „Respicit
1031 1741 1235 1784 Tibullus
1267 1741 1378 1785 haud
1411 1742 1542 1787 dubie
1573 1743 1771 1799 prodigia
1804 1748 1850 1786 et

148 1832 377 1885 portenta,
408 1826 564 1883 quibus
594 1826 699 1869 belli
728 1826 867 1870 civilis
902 1830 1092 1869 terrores
1123 1839 1201 1882 per
1232 1839 1372 1881 genus
1404 1825 1632 1871 humanum
1665 1829 1738 1871 illa
1771 1841 1853 1871 ae-

147 1915 239 1956 tate
270 1911 515 1955 circumlati
543 1909 742 1962 fuerant,
784 1908 956 1951 duobus
986 1910 1172 1952 maxime
1204 1910 1506 1966 temporibus,
1551 1913 1734 1966 primum
1766 1910 1848 1952 sub

145 1995 316 2038 initium
361 1994 465 2037 belli
506 1993 620 2036 inter
661 1993 893 2036 Caesarem
935 1997 981 2035 et
1024 1993 1282 2048 Pompeium
1331 1994 1470 2048 gesti,
1517 2007 1556 2038 v.
1601 1994 1687 2036 Dro
1724 1995 1855 2037 Cass.

48 2116 51 2119 ,
141 2078 265 2132 XLI,
297 2081 369 2121 14.
416 2082 463 2120 et
503 2077 590 2120 duo
636 2077 889 2133 amplissimi
929 2081 1156 2133 poetarum
1192 2077 1303 2132 lo'ci,
1355 2077 1541 2121 Lucmt
1571 2077 1608 2131 l,
1635 2081 1726 2121 524
1757 2091 1852 2132 sqq.

144 2169 191 2207 et
219 2164 457 2207 Psswaomt
487 2175 527 2205 c.
562 2164 651 2203 122
679 2174 810 2216 sqq.,v
830 2165 921 2203 tum
952 2160 1034 2204 snb
1066 2161 1269 2204 Caesaris
1299 2174 1480 2215 necem,
1513 2163 1651 2206 Vuae..
1684 2163 1853 2217 Georg.

68 2246 71 2248 ’
143 2245 182 2299 1,
212 2247 301 2288 466
331 2257 428 2299 sqq.
467 2242 591 2298 [ibiq.
622 2243 782 2287 Haris.
814 2247 861 2286 et
891 2242 1039 2297 Voss.]
1086 2247 1132 2286 et
1163 2243 1302 2287 Ovm.
1339 2244 1448 2287 Met.
1477 2244 1577 2298 XV,
1607 2248 1698 2288 782
1727 2246 1855 2299 sqq.“

147 2327 270 2370 Idem
311 2327 531 2370 Harmas
573 2331 724 2369 monet
761 2328 806 2370 in
848 2325 1144 2370 describendis
1187 2325 1431 2371 huiusmodi
1473 2328 1683 2384 prodigiis
1727 2342 1856 2386 prae-

147 2411 277 2454 ivisse
317 2409 528 2453 Romanis
569 2410 711 2465 poetis
751 2410 985 2452 Aponon.
1031 2410 1258 2452 Rnomrm
1299 2410 1376 2462 lv,
1421 2413 1718 2454 1280-1288.
1791 2411 1857 2454 Ac

151 2491 255 2547 quid
301 2504 387 2535 non
433 2492 594 2534 lectum
638 2490 790 2534 talium
836 2490 1173 2546 descriptionum
1224 2491 1267 2535 in
1317 2492 1541 2546 Sibyllinis
1590 2493 1853 2538 carminibus

151 2592 264 2634 qnae
294 2576 567 2621 ferebantur!
598 2599 659 2609 —
705 2581 969 2619 cometen
998 2577 1206 2631 intelligit
1236 2578 1378 2620 visum
1413 2591 1511 2621 ann.
1539 2581 1642 2622 610.
1673 2584 1858 2635 aestate,

151 2665 252 2718 post
280 2663 464 2703 mortem
497 2658 726 2712 Caesaris,
762 2657 955 2702 habitum
999 2673 1026 2701 a
1069 2661 1230 2715 populo
1277 2674 1356 2716 pro
1396 2661 1496 2734 divo
1539 2663 1753 2718 Caesare,
1795 2664 1856 2708 cf.

148 2744 278 2787 Voss.
305 2741 362 2785 ad
391 2741 548 2795 virgil.
584 2741 749 2795 Georg.
781 2741 816 2794 1,
848 2744 952 2785 488.
982 2762 1042 2775 -
1081 2741 1303 2784 Multus
1335 2742 1507 2799 lapis,
1538 2744 1700 2788 imbres
1731 2746 1853 2789 saxei

149 2824 281 2877 dicti,
323 2824 527 2878 frequens
569 2829 871 2879 portentorum
914 2839 1053 2881 genus
1096 2839 1165 2882 ap.
1197 2826 1376 2870 Lrvmxu
1416 2833 1460 2871 et
1502 2829 1674 2874 Iumtm
1706 2831 1857 2875 Ossa-

151 2918 404 2958 eusswrssn,
442 2906 559 2960 quod
589 2906 850 2951 novemdiali
883 2920 1010 2952 sacro
1047 2908 1296 2964 expiabant.
1359 2910 1573 2955 Videntur
1603 2910 1686 2956 huc
1717 2913 1855 2968 perti-

150 3001 257 3032 nere
285 2988 533 3031 nominatim
566 2990 731 3032 Aetnae
761 2990 1025 3046 eruptiones,
1054 2991 1187 3034 veluti
1219 2992 1420 3035 Sssnvms
1446 2993 1502 3036 ad
1531 2995 1653 3050 Virg.
1683 2996 1855 3051 Georg.

149 3072 187 3125 I,
218 3075 320 3115 472.
353 3085 409 3115 ex
437 3071 574 3116 L1v10
605 3078 774 3118 narrat:
818 3081 955 3117 tanta
981 3075 1173 3132 flamma
1208 3083 1314 3118 ante
1347 3084 1530 3119 mortem
1563 3077 1769 3121 Caesaris
1799 3092 1857 3120 ex

150 3154 309 3198 Aetna
351 3161 497 3198 monte
541 3153 755 3212 defluxit,
797 3163 852 3198 ut
893 3171 982 3198 non
1023 3165 1206 3217 tantum
1237 3157 1409 3201 vicinae
1448 3157 1578 3202 urbes
1609 3159 1690 3202 sed
1716 3160 1855 3202 etiam

150 3237 362 3296 Rhegina
405 3236 569 3280 civitas
610 3237 867 3293 afflaretur.
932 3241 1140 3286 Ceterum
1187 3242 1242 3286 de
1285 3236 1571 3287 collocatione
1619 3245 1857 3300 particulae

155 3335 266 3376 que
295 3322 444 3365 confer
472 3322 507 3375 1,
537 3326 582 3376 3,
613 3326 684 3367 38.
717 3326 760 3377 6,
790 3326 865 3368 54,
895 3347 954 3357 —
984 3326 1169 3381 Atque
1199 3327 1371 3371 tubas
1398 3333 1568 3384 atque
1597 3340 1748 3371 arma
1782 3326 1858 3368 fe-

155 3411 302 3449 runt.
378 3405 643 3449 observabis
690 3418 787 3450 cnm
835 3406 932 3450 aliis
980 3409 1246 3463 praeclaram
1301 3413 1591 3456 mutationem
1641 3412 1858 3459 orationis.

1284 3495 1384 3544 10*
