2086 3756
853 209 1160 265 TIBULLI.
1638 231 1840 264 cxxx1x

145 347 339 415 positio
395 357 473 402 est
523 353 801 422 multiplex
851 355 1227 408 membrorum.
1322 354 1489 423 Igitur
1537 354 1843 423 Propertius

143 444 444 509 ingeniosus
494 445 829 500 inveniendis
886 449 1046 500 variis
1109 450 1555 502 enuntiationibus
1612 449 1844 502 eiusdem

144 540 432 590 sententiae
492 541 858 609 exquisitiores
927 542 1115 595 modos
1189 544 1601 613 amplificationis
1671 546 1846 597 habet.

144 632 283 685 Vide
325 633 556 699 primum
593 634 756 686 haec:

284 739 471 791 Donec
505 756 590 790 me
627 739 806 792 docuit
840 751 1007 793 castas
1048 743 1220 795 odisse
1255 747 1459 812 puellas

343 834 666 901 'Improbus‚
714 845 767 886 et
803 837 952 887 nullo
988 836 1168 891 vivere
1205 839 1439 891 consilio,

285 975 349 1024 In
381 992 466 1026 me
503 974 683 1028 tardus
717 978 885 1048 Amor
919 996 1036 1037 'non
1072 979 1205 1031 ullas
1245 980 1435 1045 cogitat
1471 992 1636 1044 arteS,

355 1068 468 1123 Nec
506 1071 747 1124 meminit
783 1083 940 1125 notas
974 1084 1035 1124 ut
1068 1074 1216 1141 prius
1256 1074 1335 1125 ire
1371 1075 1500 1127 vias·

287 1208 370 1259 En
408 1210 628 1277 agedum
667 1211 910 1267 dominae
949 1225 1179 1266 mentem
1219 1215 1506 1268 convertite
1545 1224 1781 1278 nostrae,
1823 1275 1826 1278 ,

358 1303 428 1355 Et
459 1306 614 1358 facite
648 1307 740 1357 illa
773 1325 893 1359 meo
930 1309 1126 1375 palleat
1164 1326 1256 1360 ore
1297 1310 1479 1375 magis·

287 1443 352 1498 In
385 1464 470 1498 me
505 1458 688 1499 nostra
723 1449 910 1500 Venus
945 1460 1128 1500 noctes
1167 1459 1378 1500 exercet
1415 1468 1646 1515 amaras,

358 1541 428 1592 Et
460 1543 610 1594 nullo
645 1560 842 1595 vacuus
877 1553 1116 1611 tempore
1155 1542 1278 1595 defit
1314 1560 1481 1595 amor.

285 1679 360 1733 Ut
394 1684 528 1734 solet
564 1693 740 1736 amoto
778 1685 890 1735 labi
925 1683 1139 1736 custode
1180 1685 1359 1752 puella

360 1777 592 1846 Perfida,
640 1795 943 1830 communes
982 1795 1079 1831 nec
1118 1778 1416 1830 meminisse
1454 1776 1598 1830 deos·

291 1917 440 1968 Dum
473 1919 572 1970 tibi
613 1917 843 1988 deceptis
881 1931 1102 1986 augetur
1137 1921 1276 1972 fama
1313 1921 1534 1988 puellis,

365 2011 549 2065 Certus
587 2024 640 2065 et
672 2016 732 2066 in
766 2015 916 2066 nullo
955 2014 1164 2083 quaeris
1203 2032 1381 2066 amore
1422 2031 1643 2065 moram.

150 2120 315 2173 Vides
359 2122 628 2191 quomodo
670 2125 802 2176 haec
841 2124 1088 2176 differant
1131 2144 1162 2176 a
1199 2123 1533 2176 Tibullianis.
1615 2121 1861 2174 Tibullus

74 2257 78 2260 -
153 2218 439 2269 simillimas
499 2219 886 2271 enuntiationes
948 2221 1101 2285 ponit
1159 2219 1218 2269 in
1277 2219 1370 2268 tali
1431 2217 1864 2284 amplificatione;

152 2314 461 2383 Propertius
495 2312 797 2379 ingeniosus
832 2313 1137 2365 varietatem
1179 2312 1431 2363 maiorem
1467 2312 1630 2362 infert
1666 2322 1718 2361 et
1760 2310 1864 2361 dis-

155 2387 408 2461 similiora
453 2406 722 2475 componit
766 2407 1025 2470 suaviter,
1079 2404 1205 2457 dum
1254 2405 1596 2457 nihilominus
1644 2403 1863 2456 eandem

155 2504 465 2555 sententiam
490 2502 661 2552 iterat.
728 2501 805 2551 Ac
831 2519 950 2552 cum
977 2501 1178 2551 Tibulli
1205 2499 1631 2566 amplificationes
1659 2516 1865 2565 semper

155 2600 341 2651 breves
395 2596 525 2659 sint,
585 2595 894 2663 Propertius
948 2595 1105 2645 etiam
1155 2592 1352 2644 diutius
1405 2594 1678 2647 continuat
1731 2596 1866 2644 hanc

154 2691 475 2745 tractationis
513 2689 769 2754 formam,
813 2689 980 2740 veluti
1014 2689 1080 2752 V,
1120 2692 1215 2752 11,
1256 2688 1400 2738 inin:

297 2798 525 2861 Desine,
559 2797 770 2861 Paulle,
806 2813 983 2847 meum
1018 2795 1244 2847 lacrimis
1280 2812 1468 2861 urgere
1506 2794 1836 2862 sepulcrum:

366 2889 625 2942 Panditur
662 2888 935 2942 ad-nullas
971 2892 1130 2941 ianua
1169 2891 1317 2956 nigra
1357 2907 1555 2957 preces·

303 2986 436 3039 Cum
482 2986 641 3037 semel
675 2985 911 3036 infernas
951 2986 1220 3036 intrarunt
1255 2986 1445 3035 funera
1479 2986 1645 3051 legeS,

370 3081 496 3132 Non
534 3089 753 3131 exorato
788 3089 929 3130 stant
971 3077 1244 3131 adamante
1279 3080 1414 3131 viae.

308 3176 385 3225 Te
421 3175 542 3225 licet
578 3182 817 3225 orantem
856 3174 1032 3225 fuscae
1071 3173 1201 3224 deus
1240 3171 1417 3224 audiat
1461 3171 1643 3222 aulae:

377 3268 579 3335 Nempe
616 3278 731 3318 tuas
775 3254 1014 3319 lacrimas
1053 3268 1210 3320 litora
1246 3264 1405 3319 surda
1442 3266 1640 3316 bibent.
