2158 3750
321 274 424 318 262
715 263 1183 318 COMMENTAR.
1218 266 1292 316 IN
1331 266 1614 318 TlBULLl

323 413 565 467 significans
608 412 794 454 colorem
839 411 962 455 lanae
1007 415 1243 455 naturalem
1289 426 1366 469 per
1395 426 1442 455 se
1473 425 1646 455 suavem
1692 418 1736 456 et
1775 414 2011 471 pulchrum.

324 496 502 537 Constat
545 506 647 537 vero
689 495 897 550 imprimis
940 495 1154 537 Milesiam
1198 496 1427 550 purpureis
1458 495 1648 538 vestibus
1678 493 1924 541 adhibitam.
1954 521 2014 529 —-

324 578 517 618 Observa
545 576 729 631 denique
760 578 1124 620 constructionem
1157 582 1394 631 mutatam3
1438 591 1534 620 nam
1567 582 1666 634 post
1696 577 1852 621 verbae
1901 580 2016 633 qui-

323 670 543 711 cunque
586 659 734 712 legit
776 659 1118 714 viridesque
1149 660 1509 715 smaragdos,
1552 662 1875 717 exspectaveris
1902 661 2019 705 aliud

322 741 408 782 tale
438 741 774 795 substantivum,
814 741 930 796 quod
961 742 1095 784 verbo
1130 741 1241 800 legit
1272 742 1644 786 accommodatum
1674 743 1756 797 sit,
1798 755 1910 786 nunc
1941 754 2019 785 au-

322 830 408 868 tem
440 838 594 869 novum
627 826 803 869 verbum
835 825 979 871 infert.
1041 826 1183 869 Causa
1212 825 1455 869 anacoluthi
1488 831 1656 883 aperta.
1716 826 1817 870 Non
1847 830 2021 883 poterat

321 909 404 952 dici
436 909 633 969 legitque
677 916 720 953 et
762 910 934 968 tinguit
953 938 964 958 ,
1009 911 1110 966 quia
1142 912 1204 954 vis
1236 911 1381 967 potior
1411 911 1654 954 sententiae
1682 922 1768 953 non
1805 910 1850 952 in
1879 908 2023 952 verbis

322 996 412 1046 est,
444 993 520 1036 sed
553 995 596 1036 in
626 993 830 1036 subiectis
860 999 904 1036 et
936 994 1093 1047 rebuS‚
1130 1006 1241 1048 quae
1273 999 1498 1050 repertae3
1530 1006 1664 1048 quare
1695 1006 1794 1036 cum
1825 991 2021 1035 subiecta

324 1076 468 1130 potius
511 1076 618 1131 erigi
663 1077 893 1130 deberent,
938 1077 1019 1121 hoc
1061 1079 1121 1120 ita
1163 1078 1291 1131 fecit,
1336 1083 1385 1121 ut
1415 1076 1704 1120 anacoluthon
1737 1078 1832 1119 leve
1861 1075 2022 1118 inferre

324 1157 499 1211 mallet,
545 1171 670 1213 quam
716 1159 971 1201 sententiam
1014 1159 1055 1201 vi
1094 1161 1339 1202 necessaria
1379 1161 1563 1215 privare.
1625 1160 1768 1214 Atque
1799 1160 1860 1202 ita
1890 1171 2022 1213 saepe

323 1241 559 1297 scriptores
592 1241 880 1285 anacoluthon
922 1242 1174 1299 praeferunt
1205 1247 1383 1299 propter
1413 1242 1676 1295 sententias,
1718 1254 1830 1296 quae
1860 1242 1934 1296 qui
1966 1255 2024 1284 ex

322 1323 590 1378 negligentia
635 1324 854 1377 derivant,
905 1325 1113 1367 falluntur
1152 1325 1345 1379 egregie.
1379 1350 1437 1358 --
1485 1325 1540 1368 V.
1569 1327 1628 1366 29
1654 1336 1719 1379 sq.
1781 1321 1891 1366 Hic
1931 1321 2027 1365 dat

323 1407 607 1450 avaritiae
654 1420 884 1460 causas,
931 1405 972 1451 h.
1011 1420 1050 1450 e.
1096 1407 1312 1461 origines,
1347 1407 1536 1460 semina,
1581 1405 1862 1458 nutrimenta,
1901 1403 2025 1447 adiu-

325 1495 493 1543 menta,
523 1494 571 1532 ut
602 1489 822 1533 Hermus
853 1489 983 1543 vidit,
1013 1490 1085 1545 qui
1118 1491 1332 1546 explicat:
1373 1488 1470 1533 hinc
1504 1489 1666 1542 oritur,
1696 1493 1916 1541 movetur,
1946 1489 2027 1532 ali-

325 1576 395 1613 tur
423 1571 628 1625 avaritia,
665 1584 920 1628 comparans
952 1573 1090 1615 Ovm.
1123 1575 1292 1616 Amorr.
1325 1571 1383 1625 ΙΙ,
1417 1575 1487 1625 17,
1521 1577 1657 1615 θιὼ-,ε
1695 1570 2028 1633 Ingenio-cau·-

325 1666 402 1693 ,πω
431 1659 483 1694 tu
518 1651 645 1695 dabis
677 1668 771 1695 una
803 1668 921 1700 meo,
970 1653 1009 1700 h.
1044 1667 1082 1697 e.
1124 1655 1372 1708 materiam,
1404 1659 1660 1710 argumenta
1691 1655 1952 1708 carminum,
1983 1658 2029 1698 et

327 1735 444 1780 Fast.
469 1735 548 1789 lv,
581 1739 652 1779 96.
697 1735 753 1779 de
794 1737 991 1780 Venerei
1046 1734 1138 1777 Illa
1177 1735 1294 1778 satis
1338 1750 1502 1778 causas
1534 1734 1858 1794 arboribusque
1890 1735 2026 1781 dedit.

328 1819 529 1861 Vunpms
564 1819 675 1860 male
717 1819 1018 1862 excusationes
1061 1819 1347 1873 intelligebat.
1410 1819 1565 1862 Lectio
1607 1818 1795 1874 denique
1838 1832 2028 1874 quorun-

327 1902 424 1944 dam
456 1901 662 1944 librorum
693 1899 896 1943 stimulos
927 1901 1356 1960 interpretamentum
1388 1907 1481 1957 est,
1525 1915 1606 1947 nec
1635 1902 1824 1947 debebat
1853 1902 2029 1947 defendi

327 2004 349 2029 a
384 1987 726 2030 Baoucxnusm.
761 2010 818 2018 —
877 1986 989 2029 Coa
1031 1988 1250 2041 vestis,
1297 1987 1354 2032 cf.
1395 1987 1455 2041 II,
1497 1991 1540 2041 3,
1585 1991 1658 2031 53.
1690 2011 1748 2019 -
1798 1985 2029 2039 concha,

328 2073 460 2115 bacca
492 2084 603 2126 quae
638 2074 704 2113 est
733 2069 774 2114 in
805 2069 969 2114 concha
1003 2069 1493 2129 (Illuschelgewc‘iclzs),
1525 2070 1580 2114 cf.
1613 2070 1779 2114 Hunis,
1812 2069 1868 2112 ad
1902 2069 2028 2113 Ovid.

328 2154 419 2197 Art.
457 2155 551 2196 Am.
585 2153 662 2207 111,
693 2156 795 2197 124.
857 2153 1164 2207 Intelliguntur
1205 2153 1466 2207 margaritae
1508 2165 1544 2196 s.
1586 2153 1796 2206 uniones,
1834 2157 1884 2194 ut
1925 2164 2030 2194 con-

330 2241 429 2279 stat.
490 2237 700 2278 Similiter
730 2235 809 2287 III,
840 2238 881 2286 3,
913 2238 984 2278 17.
1015 2258 1075 2266 —
1105 2247 1130 2276 e
1162 2234 1333 2276 rubro
1365 2235 1527 2286 mari,
1558 2233 1672 2290 apud
1707 2233 1851 2288 Indos,
1883 2233 1940 2275 cf.
1973 2233 2031 2285 11,

328 2322 370 2369 2,
406 2320 478 2360 15.
524 2340 563 2347 —
611 2317 841 2358 Postremo
885 2314 939 2358 de
977 2315 1289 2372 compositione
1331 2314 1504 2358 distichi
1550 2315 1661 2358 dico.
1724 2316 1833 2358 Cum
1874 2315 2031 2358 verba:

332 2397 421 2439 Hic
453 2397 533 2438 dat
565 2397 791 2440 avaritiae
822 2413 986 2441 causas
1019 2413 1080 2444 sc.
1123 2401 1384 2443 ornamentis
1416 2400 1534 2453 istis,
1581 2399 1697 2442 dicta
1728 2399 1815 2441 sint
1845 2411 1908 2455 pr.
1946 2398 2034 2442 Hic

328 2494 438 2535 quae
470 2481 511 2522 in
543 2479 730 2523 medium
762 2481 916 2534 affert,
947 2481 1050 2524 dant
1079 2483 1286 2524 avaritiae
1316 2495 1494 2536 causas,
1537 2481 1735 2524 adiunxit
1764 2481 1946 2524 deiude:
1989 2488 2034 2522 et

329 2564 417 2602 Coa
451 2559 586 2602 vestis
616 2567 661 2600 et
690 2561 883 2606 concha,
923 2574 1002 2603 nec
1035 2566 1180 2616 potest
1209 2562 1391 2616 intelligi
1424 2575 1633 2616 quaenam
1661 2561 1730 2604 hic
1759 2573 1918 2616 magna
1948 2559 2033 2603 dit'-

329 2644 496 2686 ficultas
526 2643 596 2686 sit.
660 2642 744 2684 Ubi
787 2644 855 2685 vel
901 2655 1114 2699 personae
1158 2643 1226 2685 vel
1268 2656 1338 2685 res
1382 2644 1594 2686 nominari
1633 2647 1840 2699 possunt,
1885 2641 2034 2697 quidni

329 2731 448 2769 recte
480 2727 608 2768 ctiam
641 2738 875 2781 componas
906 2730 1135 2779 utrumque
1167 2725 1421 2779 praesertim
1447 2726 1488 2767 in
1514 2725 1836 2768 enumeratione
1860 2723 2036 2768 vivida?

330 2810 441 2851 Nam
475 2809 516 2850 in
562 2808 882 2850 enumeratione
924 2820 994 2849 res
1034 2819 1089 2848 ne
1120 2806 1336 2848 minimam
1369 2806 1542 2860 quidem
1575 2807 1858 2850 offensionem
1890 2805 2034 2850 habet.

328 2893 419 2936 Sed
462 2894 591 2936 etiam
635 2893 691 2936 ob
732 2893 860 2935 aliam
901 2904 1073 2934 causam
1113 2891 1312 2933 Tibullus
1343 2891 1378 2944 Ι,
1412 2895 1482 2945 10,
1514 2895 1588 2934 25.
1621 2895 1695 2935 26.
1740 2891 2037 2947 significanter

328 2976 466 3018 Lares
506 2981 551 3020 et
593 2974 774 3018 hostiam
815 2976 858 3017 in
891 2988 975 3018 uua
1007 2976 1326 3018 constructione
1358 2976 1616 3031 composuit.
1689 2976 1871 3018 Frustra
1902 2976 2038 3031 igitur

326 3060 596 3104 Huscuxms
638 3062 768 3101 Haec
814 3061 1056 3103 emendavit
1089 3066 1164 3103 aut
1207 3061 1308 3100 Hoc
1320 3073 1338 3109 ,·
1385 3073 1436 3102 ac
1468 3060 1563 3115 quis
1594 3072 1679 3102 non
1711 3058 1831 3102 videt
1861 3063 1906 3101 et
1937 3059 2036 3098 Hoc

241 3142 251 3149 ¹
328 3144 440 3185 male
472 3143 633 3185 dictum
675 3156 753 3199 pro
794 3142 1033 3195 smaragdis
1065 3147 1109 3184 et
1140 3155 1222 3185 ove
1255 3143 1417 3194 tincta,
1464 3146 1509 3183 et
1541 3142 1670 3181 Haec
1699 3152 1780 3196 pro
1811 3152 1893 3182 ove
1925 3138 2036 3191 sola,

329 3227 499 3268 omissis
529 3227 803 3282 smaragdis?
857 3227 1022 3270 Tamen
1056 3229 1184 3268 Haec
1215 3228 1344 3270 etiam
1378 3227 1584 3269 Baculus
1614 3225 1794 3280 recepit.
1852 3223 2037 3266 Rectius

330 3307 527 3351 viderunt
558 3309 787 3361 S'rssms,
820 3309 1048 3360 Vunpms,
1092 3307 1333 3361 HssYmus,
1377 3307 1805 3358 menamcmus,
1849 3307 2038 3348 Gonnu-

330 3407 463 3437 nvus.
494 3416 550 3424 —
609 3394 662 3437 V.
696 3396 749 3435 31
787 3406 879 3448 sqq.
944 3393 1097 3435 Haec
1141 3393 1338 3437 fecere
1385 3394 1581 3444 malas,
1629 3404 1803 3444 avaraS,
1846 3404 2038 3446 rapaces.
