2158 3750
599 265 604 268 ’
686 270 998 324 LIBR.111.
1073 271 1273 325 ELEG.
1310 271 1403 323 IV.
1776 282 1876 327 355

181 418 359 468 partem.
420 413 666 457 Pronomen
697 428 807 456 suas
838 413 1275 458 autem-defendebat
1304 414 1617 459 Ercns'mmus
1647 429 1702 459 ex
1733 430 1873 475 oppo-

180 496 349 550 sitione,
379 497 482 550 qnia
510 500 611 539 ante
640 495 696 540 de
726 501 886 552 poetae
916 496 1032 539 curis
1063 495 1227 539 dictum
1256 497 1325 550 sit,
1366 497 1722 551 quemadmodum
1755 501 1873 544 Vos-

181 590 291 620 sms·
350 579 441 621 Pro
479 580 690 635 exemplis
729 581 860 635 positi
889 593 990 623 cum
1019 580 1164 634 aliqua
1194 581 1235 623 ri
1266 581 1531 636 pronominis
1560 581 1874 627 Ercusmmne

179 661 391 705 afferebat
433 663 612 711 Pmmw.
652 662 838 707 Μοῖσαι.
876 663 953 716 lv,
982 666 1028 716 ⁵,
1061 667 1133 706 14.
1179 664 1374 708 Trinum.
1402 665 1461 719 ΙΙ,
1490 669 1535 719 2,
1562 669 1636 710 34.
1684 667 1871 712 Vnteu„

180 747 289 790 Aen.
330 745 407 799 vl,
439 749 541 790 233.
587 745 752 788 Crena-
790 759 856 802 pr.
899 747 1026 790 Sext.
1069 749 1146 790 65.
1203 746 1260 789 ad
1303 747 1435 790 Attic.
1467 748 1543 802 VI,
1581 752 1625 792 2.
1673 751 1873 806 relegans

180 827 310 871 etiam
352 827 410 870 ad
450 841 531 881 ea,
578 837 692 883 quae
732 828 777 872 in
823 830 1021 872 SAuc'rn
1065 829 1263 872 Minerva
1303 829 1362 883 11,
1393 833 1464 872 12.
1514 838 1722 887 congesta
1763 840 1876 880 sunt.

180 908 307 953 Nunc
337 909 420 953 hoc
457 908 579 952 addit
599 914 752 955 :tamen
791 923 878 954 no·
898 924 901 925 ⁷
919 911 1144 965 eleganter
1173 909 1242 954 hic
1272 912 1333 954 ita
1363 912 1527 956 dictum
1558 927 1669 958 esse.
1730 918 1877 971 Atque

179 990 261 1036 hoc
293 991 376 1047 ipsi
415 992 560 1035 etiamr
577 1002 829 1046 censemus,
873 991 953 1034 sed
1000 996 1161 1048 poetae
1203 1005 1257 1035 ea
1296 993 1426 1049 culpa
1467 999 1548 1049 est,
1581 1009 1666 1040 non
1697 997 1877 1045 librarii.

178 1075 328 1120 Quare
355 1086 445 1116 non·
469 1073 703 1130 recipimus
730 1074 1026 1118 coniecturam
1054 1075 1204 1118 ansu
1236 1074 1357 1122 tuis,
1398 1077 1624 1132 probatam
1658 1079 1877 1125 Bnoucxc-

179 1167 331 1208 lmsxo,
356 1156 552 1210 Venno,
580 1155 788 1211 Hermo,
818 1155 1080 1201 Huscnxro.
1111 1178 1170 1188 -—
1215 1156 1330 1200 Nec
1365 1159 1579 1212 gaudet
1608 1169 1806 1219 nupta,
1830 1171 1878 1209 ut

178 1239 370 1282 Vmen„
398 1240 654 1295 Georg.*11,
683 1243 799 1285 510:
836 1240 1041 1299 gaudent
1062 1239 1259 1297 perfusi.
1318 1242 1460 1286 Porro
1503 1250 1679 1301 nupta
1718 1252 1874 1291 casta

179 1322 342 1366 domo
382 1327 451 1367 est
489 1335 556 1380 pr.
596 1323 640 1367 in
681 1329 805 1368 casta
845 1325 1003 1379 domo,
1047 1331 1097 1369 ut
1138 1326 1439 1370 Puopssnrrms
1482 1327 1587 1370 dicit
1626 1329 1685 1382 ΙΙ,
1715 1332 1759 1382 3,
1790 1333 1876 1374 54³

181 1406 292 1448 Mox
321 1404 637 1462 Amythaonia
665 1413 815 1463 nupta
836 1406 1015 1465 sutura
1042 1405 1184 1448 domo.
1212 1428 1271 1438 -
1318 1412 1477 1451 casta
1517 1397 1712 1452 domhs
1755 1410 1880 1454 vide-

181 1493 408 1542 tannae,
444 1487 521 1532 nbi
558 1488 669 1532 fides
710 1489 873 1532 amoris
913 1492 1093 1542 regnat,
1134 1487 1370 1531 secundum
1415 1501 1469 1532 ea
1499 1502 1612 1544 quae
1644 1490 1699 1533 ad
1731 1505 1770 1534 v.
1804 1494 1877 1535 43.

180 1570 436 1614 monuimus.
505 1571 699 1616 Vossrus
741 1569 946 1626 intelligit
992 1569 1126 1613 verba
1173 1569 1230 1613 de
1279 1570 1557 1627 simplicitate
1607 1578 1652 1615 et
1698 1571 1878 1617 honesta

183 1658 466 1709 paupertate,
506 1654 643 1696 veluti
679 1652 999 1698 dicit-Leone.
1034 1651 1115 1706 IX,
1142 1655 1259 1696 201:
1305 1660 1438 1695 casta
1477 1653 1634 1696 domus
1675 1654 1880 1715 luxuque

180 1749 337 1778 carens
358 1742 659 1795 corruptaque
680 1749 916 1794 uunquam
941 1737 1146 1778 Fortuna
1169 1734 1348 1780 domini.
1399 1735 1462 1779 Et
1483 1738 1584 1781 Sm.
1609 1737 1676 1781 Im.
1702 1739 1739 1793 Ι,
1767 1744 1880 1784 6092

182 1827 399 1878 castaque
428 1817 583 1861 beatos
610 1821 896 1876 Paupertate
924 1825 1098 1876 patres.
1172 1819 1318 1872 Atque
1349 1816 1432 1862 hoc
1461 1819 1619 1875 probat
1647 1819 1879 1865 Ewnsvm-

184 1915 304 1947 oms.
365 1902 458 1946 Sed
491 1907 540 1946 nt
567 1902 694 1946 nobis
724 1901 911 1955 videtur,
931 1914 1029 1949 ¹una
1056 1900 1299 1955 eademque
1331 1902 1546 1944 sententia
1580 1902 1693 1946 inest
1723 1904 1767 1946 in
1796 1902 1880 1948 hoc

181 1992 229 2030 et
255 1985 531 2030 antecedenti
562 1982 776 2038 disticho,
818 1984 1010 2037 dicitque
1037 1982 1145 2025 deus
1174 1983 1275 2025 aliis
1309 1982 1453 2026 verbis
1483 1981 1565 2027 hoc
1597 1997 1755 2039 unum,
1785 1987 1884 2029 infi-

180 2069 280 2113 dam
310 2082 408 2112 esse
438 2068 678 2112 Neaeram.v
723 2067 873 2123 Saepe
902 2064 972 2110 hic
1001 2071 1136 2124 poeta
1165 2066 1232 2108 bis
1263 2070 1309 2109 et
1336 2067 1507 2122 'pluries
1535 2073 1739 2123 repetere
1769 2071 1883 2113 solet

181 2154 321 2207 idem,
368 2149 750 2208 quemadmodum.
771 2150 908 2195 etiam
946 2151 1019 2193 alii
1063 2154 1307 2196 senserunt.
1367 2149 1482 2195 Vide
1523 2163 1564 2194 v.
1605 2164 1644 2195 c.
1688 2151 1800 2194 infra
1841 2156 1883 2202 6,

180 2238 448 2280 33-36.-—
477 2235 535 2280 v.
556 2237 622 2279 ⁶1
651 2238 722 2290 aqi
750 2235 998 2278 crudele>
1021 2247 1200 2290 genus
1227 2233 1322 2278 scil.
1354 2233 1539 2288 femina,
1568 2246 1670 2277 nec
1702 2234 1882 2280 fidum

183 2331 210 2361 n
228 2330 412 2372 omen,
442 2330 528 2373 qua
552 2318 772 2362 locutione
794 2331 1020 2362 commune
1042 2317 1204 2372 aliquid
1228 2322 1274 2360 et
1294 2317 1462 2360 cuidam
1487 2317 1637 2372 generi
1662 2319 1883 2374 proprium

184 2407 335 2446 notant
364 2401 616 2457 significari,
645 2401 733 2447 vid.
766 2413 875 2456 quos
907 2400 1057 2444 laudat
1087 2401 1244 2444 Hm».
1274 2400 1330 2443 ad
1361 2401 1475 2444 Stat.
1507 2401 1562 2443 Τ.
1587 2400 1622 2443 Ι.
1655 2414 1698 2456 p.
1726 2403 1798 2444 44.
1825 2423 1884 2432 -

186 2484 261 2528 Ah
304 2489 512 2542 pereat
541 2488 627 2530 etc.
689 2483 787 2528 Nec
828 2497 880 2528 os
919 2484 1134 2540 Apollinis
1166 2482 1295 2526 decet
1335 2480 1444 2525 haec
1483 2482 1742 2525 exclamatio
1773 2483 1883 2526 vati-

186 2569 383 2623 cinantis,
407 2572 611 2612 monente
639 2565 947 2617 Ercnsmmo,
975 2579 1059 2609 nec
1091 2570 1198 2622 apta
1227 2563 1326 2607 huic
1356 2564 1453 2607 loco
1484 2564 1730 2608 exsecratio
1760 2566 1886 2620 puel-

185 2652 268 2702 lae.
307 2671 367 2681 —
428 2649 482 2694 V.
512 2651 573 2692 64
602 2661 698 2703 sqq.
760 2661 882 2692 cum
938 2648 1113 2691 multa
1167 2644 1408 2690 brachia
1466 2646 1640 2690 tende
1694 2660 1883 2704 prece.

184 2735 543 2778 Bnoucruwsms
572 2732 631 2776 de
660 2733 788 2776 victis
815 2732 1004 2787 cogitat,
1035 2731 1162 2775 simul
1198 2730 1254 2773 ad
1283 2730 1572 2786 precandum,
1603 2731 1728 2774 simul
1758 2735 1808 2775 ut
1837 2744 1887 2776 se

187 2818 328 2861 victos
354 2815 588 2868 fateantur,
615 2812 792 2858 brachia
821 2813 1111 2866 tendentibuS,
1144 2811 1260 2867 quod
1293 2817 1413 2856 recte
1443 2811 1675 2868 repudians
1698 2811 1888 2856 Huscn-

188 2910 293 2942 mss
322 2903 466 2942 tamen
498 2910 586 2941 non
625 2897 766 2941 minus
796 2897 910 2941 male
952 2896 1007 2939 ab
1039 2907 1190 2938 eorum
1227 2893 1539 2938 consuetudine
1581 2907 1673 2938 rem
1714 2893 1887 2950 repetit,

187 2983 263 3038 qui
292 2981 400 3025 deos
430 2985 658 3038 precantes
686 2980 732 3023 in
761 2980 928 3024 caelum
961 2978 1134 3023 brachia
1166 2978 1366 3021 tendunt.
1428 2975 1606 3020 Phrasis
1636 2989 1750 3020 nunc
1779 2974 1886 3019 nihil

188 3062 306 3107 aliud
334 3062 552 3119 significat
580 3075 713 3119 quam
739 3064 998 3120 suppliciter
1025 3076 1166 3117 orare,
1198 3062 1332 3107 veluti
1360 3075 1430 3118 ap.
1460 3061 1647 3106 Vin-em.
1675 3061 1786 3106 Aen.
1806 3059 1886 3111 ΙΙΙ,

188 3147 296 3190 592.
325 3150 416 3190 est:
461 3143 737 3203 supplexque
768 3158 931 3188 manus
960 3142 1025 3186 ad
1053 3143 1215 3186 littora
1246 3142 1392 3185 tendit
1411 3170 1421 3190 ‚
1452 3147 1498 3186 et
1527 3156 1597 3199 ap.
1631 3142 1792 3186 Crcnn.
1824 3153 1888 3198 pr.

190 3225 361 3271 Fontei.
402 3240 439 3270 c.
474 3229 560 3270 17:
611 3225 761 3268 tendit
804 3225 868 3268 ad
907 3240 985 3269 voe
1033 3223 1233 3271 Vestalis
1277 3240 1438 3269 manus
1481 3225 1716 3283 supplices,
1791 3224 1890 3280 Ipse

193 3322 295 3352 vero
332 3309 544 3354 iudicabis
586 3310 700 3355 sitne
744 3309 826 3354 hoc
865 3310 1041 3366 dignum
1083 3311 1272 3366 coniuge
1307 3309 1469 3353 futuro.
1539 3309 1702 3353 Preces
1743 3318 1892 3350 aman-

193 3390 299 3434 tium
341 3404 472 3449 saepe
515 3396 833 3443 memorantur,
878 3397 924 3436 at
965 3390 1139 3437 brachia
1181 3390 1300 3438 tendi
1331 3391 1587 3446 suppliciter
1617 3403 1714 3433 cum
1748 3399 1892 3442 prece,

1312 3474 1417 3525 ⁹3*

1309 3512 1341 3526 Ν
