2086 3756
261 229 465 260 xxxvm
945 206 1039 256 DE
1078 203 1275 286 POESI

264 359 399 409 ruris
448 368 497 407 et
549 357 767 406 rusticae
818 353 954 403 vitae
1005 348 1178 401 studio
1229 352 1503 402 tenebatur
1555 352 1812 416 maximO,
1868 370 1961 404 nec

266 454 392 505 vidit
430 453 705 519 antiquitas
741 458 950 516 poetam
986 449 1292 522 elegiacum,
1341 447 1399 496 in
1438 462 1543 514 quo
1575 457 1857 515 utrumque
1894 447 1965 496 sic

268 560 399 600 esset
431 547 792 600 coniunctum?
853 543 1039 593 Gestae
1066 543 1131 592 ab
1161 558 1223 592 eo
1249 541 1326 591 rei
1359 558 1514 592 nemo
1549 552 1787 594 veterum
1821 558 1966 592 men-

265 647 461 697 tionem
496 642 642 706 fecit,
692 637 949 705 stipendia
994 635 1219 690 vidimus
1255 636 1478 688 invitum
1513 636 1792 700 meruisse',
1850 644 1972 701 post

269 757 402 806 quae
445 738 602 788 semel
626 736 828 785 iterum
864 735 975 785 sola
1010 734 1231 786 amicitia
1270 733 1526 783 Messalae
1572 733 1858 783 abstractus
1896 740 1972 780 est

268 833 452 898 dom03
512 850 607 883 nec
654 830 801 883 urbis
848 829 1096 898 splendor
1141 840 1191 880 et
1227 826 1649 902 ambitio-tenuit
1685 843 1829 888 eum,
1881 825 1973 892 qui

273 930 384 979 aliis
421 928 781 994 voluptatibus
835 945 864 976 a
910 944 1079 993 puero
1132 927 1453 978 assuevisset.
1543 923 1618 974 Ac
1666 921 1973 973 domesticae

249 1024 406 1093 ‘vitae
456 1024 652 1095 otiique
690 1020 1070 1089 tranquillitas,
1120 1019 1418 1087 simplicitas
1467 1017 1634 1080 ruris,
1656 995 1671 1016 ⁸
1689 1015 1973 1083 antiquitus

272 1127 439 1167 amata
471 1116 748 1180 Romanis,
804 1117 958 1166 etiam
993 1115 1266 1182 pulchrior
1312 1131 1522 1165 necesse
1562 1122 1672 1163 erat
1708 1110 1977 1165 videretur

270 1208 718 1277 generosioribus,
771 1220 1049 1277 postquam
1093 1209 1307 1261 luxuria
1342 1196 1516 1281 omnis
1553 1206 1756 1275 generis
1791 1207 1980 1257 urbem

268 1308 533 1357 invaserat
572 1315 623 1354 et
655 1305 884 1376 perierat
917 1305 1129 1355 libertas
1164 1294 1403 1373 publica3
1440 1319 1536 1352 nec
1568 1299 1820 1374 praedam
1852 1319 1979 1368 prae

271 1401 481 1456 Venere
517 1401 803 1463 laudabant
840 1418 1038 1468 omnes,
1075 1401 1170 1459 etsi
1204 1403 1436 1451 ferreum
1462 1409 1595 1455 esset
1619 1400 1885 1466 saeculum
1903 1393 1981 1471 *);

273 1497 515 1553 Tibullus
552 1514 680 1552 vero
721 1513 839 1549 cum
875 1497 1132 1564 imprimis
1179 1484 1426 1565 proclivis
1474 1507 1610 1561 esset
1650 1494 1714 1548 ad
1762 1496 1857 1555 has
1884 1485 1983 1546 'af-2-
2061 1511 2070 1517 ·

273 1593 554 1659 sectiones,
606 1605 781 1649 tamen
833 1594 988 1644 etiam
1028 1592 1385 1648 deminutione
1430 1592 1530 1646 ista
1542 1629 1569 1663 ,7
1600 1600 1794 1662 quam,
1823 1607 1984 1658 supra

274 1689 691 1751 memoravimus,
726 1688 1027 1755 patrimonii
1058 1690 1284 1745 multum
1316 1684 1650 1740 confirmatus
1686 1682 1895 1739 videtur
1927 1683 1986 1740 in

274 1781 375 1831 hoc
412 1800 600 1847 genere
637 1799 882 1841 sensuum
923 1783 1191 1851 vitaeque,
1243 1780 1310 1834 ad
1356 1780 1500 1851 quod
1546 1791 1735 1835 natura
1780 1781 1985 1834 fereba-

276 1888 380 1927 tur.
463 1877 590 1928 Non
635 1875 844 1930 videtur
892 1894 1129 1946 unquam
1172 1878 1284 1927 sine
1323 1874 1506 1930 dolore
1545 1874 1776 1954 quodam
1810 1892 1987 1927 recor-

250 1969 428 2021 datus
477 1989 586 2022 esse
638 1972 946 2033 amissorum
995 1972 1260 2022 bonorum
1309 1989 1427 2022 cum
1471 1971 1635 2022 vitula
1682 1970 1988 2026 innumeros

278 2066 563 2125 lustraret‘
546 2082 827 2117 luvencos·
866 2066 937 2116 sic
963 2067 1116 2117 etiam
1145 2065 1314 2116 carius
1339 2044 1534 2115 factum
1563 2064 1707 2134 quod
1733 2063 1988 2130 relictum,

282 2160 452 2211 carior
489 2158 637 2222 sedes
674 2161 864 2211 veteris
904 2161 1014 2223 avi,
1051 2160 1276 2219 cariores
1311 2139 1449 2210 lares
1485 2155 1648 2210 felicis
1687 2161 1812 2210 olim
1848 2177 1989 2210 nunc

282 2255 529 2320 pauperis
567 2253 677 2319 agri
715 2234 986 2317 custodes,
1025 2264 1076 2303 et
1112 2255 1206 2321 qui
1245 2251 1438 2306 divitiis
1473 2235 1684 2327 patrum
1724 2255 1989 2330 ampliori-

284 2352 380 2400 bus
423 2367 475 2400 se
514 2348 816 2412 destitutum
851 2349 1090 2414 videbat,
1141 2367 1282 2401 nunc
1323 2346 1610 2423 pauperior
1646 2350 1813 2402 factus
1850 2361 1990 2434 totus

283 2443 349 2495 ad
383 2445 517 2495 hanc
566 2444 874 2495 tenuitatem
914 2444 1159 2495 fortunae
1212 2443 1446 2495 animum
1485 2449 1803 2520 composuit,
1855 2456 1907 2499 et
1942 2450 1989 2500 in

283 2541 602 2589 mediocritate
632 2541 831 2607 placida
881 2544 1035 2604 uitae,
1083 2559 1206 2609 quae
1254 2545 1299 2593 in
1345 2542 1636 2608 simpli'eztate
1684 2546 1807 2597 ruris
1852 2552 1896 2591 et
1945 2546 1991 2592 in

279 2634 463 2699 puellae
497 2643 691 2683 amatae
727 2652 813 2683 usu
847 2638 1207 2698 transigeretur,
1242 2633 1520 2700 felicitatem
1557 2637 1761 2691 idealem
1792 2638 1991 2705 quaere-

284 2729 396 2791 bat,
444 2732 575 2777 euius
623 2724 913 2780 desider-'ium'
953 2736 1162 2781 inactum
1211 2742 1315 2781 erat
1362 2738 1531 2783 animo.
1606 2733 1780 2800 Atque
1816 2732 1873 2782 in
1907 2734 1990 2784 his

284 2824 520 2874 sensibus
565 2824 792 2888 habitat,
846 2826 904 2875 hi
945 2836 1068 2876 sunt
1101 2823 1441 2876 fundamenta
1476 2842 1696 2892 poeseos
1735 2827 1990 2877 Tibullia-

284 2936 399 2968 nae.
471 2910 729 2969 Bellicosa
761 2935 881 2970 non
909 2930 1020 2970 erat
1055 2919 1210 2971 Musa
1247 2920 1470 2984 Tibulli,
1518 2939 1614 2972 nec
1653 2920 1718 2972 ad
1753 2923 1988 2990 politicas

284 3030 368 3064 res
403 3012 741 3077 *celebrandas
775 3031 1066 3083 propensa3
1099 3032 1226 3066 *cum
1262 3014 1603 3066 nihilominus
1640 3017 1720 3075 bis
1756 3016 1815 3066 in
1848 3016 1988 3068 hunc

287 3127 525 3177 campum
559 3108 873 3166 descendere
902 3110 1129 3176 deberet,
1166 3113 1312 3164 iuvat
1348 3113 1626 3170 observare
1670 3129 1827 3179 quam
1864 3114 1986 3164 scite

406 3325 453 3381 *J
482 3325 538 3379 n,
574 3329 614 3378 a,
646 3330 718 3370 3⁵.

2079 3197 2084 3203 .
2070 3050 2086 3185 ..Q-*²5:24
2077 3030 2086 3042 ¹.
2078 2991 2086 3020 qa.
2071 2817 2086 2982 sssshn==⁸m⁴2¹a
2072 2737 2086 2808 mn
2071 2719 2076 2727 ⁴
2075 2647 2080 2654 ·
