<?xml version="1.0" encoding="UTF-8"?>
<!DOCTYPE html PUBLIC "-//W3C//DTD XHTML 1.0 Transitional//EN"
    "http://www.w3.org/TR/xhtml1/DTD/xhtml1-transitional.dtd">
<html xmlns="http://www.w3.org/1999/xhtml" xml:lang="en" lang="en">
 <head>
  <title>
</title>
<meta http-equiv="Content-Type" content="text/html;charset=utf-8" />
  <meta name='ocr-system' content='tesseract 3.04.00' />
  <meta name='ocr-capabilities' content='ocr_page ocr_carea ocr_par ocr_line ocrx_word'/>
</head>
<body>
  <div class='ocr_page' id='page_1' title='image "./carminaexrecensi01tibuuoft_0246.png"; bbox 0 0 2158 3750; ppageno 0'>
   <div class='ocr_carea' id='block_1_1' title="bbox 292 233 1494 295">
    <p class='ocr_par' dir='ltr' id='par_1_1' title="bbox 292 233 1494 295">
     <span class='ocr_line' id='line_1_1' title="bbox 292 233 1494 295; baseline -0.004 0"><span class='ocrx_word' id='word_1_1' title='bbox 292 235 380 295; x_wconf 71' lang='lat'><strong>48</strong></span> <span class='ocrx_word' id='word_1_2' title='bbox 809 233 1117 291; x_wconf 86' lang='lat' dir='ltr'><strong>TIBULLI</strong></span> <span class='ocrx_word' id='word_1_3' title='bbox 1175 233 1315 290; x_wconf 84' lang='lat' dir='ltr'><strong>LIB.</strong></span> <span class='ocrx_word' id='word_1_4' title='bbox 1349 233 1417 290; x_wconf 91' lang='grc' dir='ltr'><strong>Π.</strong></span> <span class='ocrx_word' id='word_1_5' title='bbox 1450 247 1494 291; x_wconf 84' lang='lat'><strong>3.</strong></span> 
     </span>
    </p>
   </div>
   <div class='ocr_carea' id='block_1_2' title="bbox 301 385 2020 2415">
    <p class='ocr_par' dir='ltr' id='par_1_2' title="bbox 301 385 2020 2415">
     <span class='ocr_line' id='line_1_2' title="bbox 363 385 2009 468; baseline -0.002 -20"><span class='ocrx_word' id='word_1_6' title='bbox 363 391 438 450; x_wconf 89' lang='lat' dir='ltr'><strong>At</strong></span> <span class='ocrx_word' id='word_1_7' title='bbox 475 390 576 450; x_wconf 85' lang='lat' dir='ltr'><strong>tibi</strong></span> <span class='ocrx_word' id='word_1_8' title='bbox 608 388 751 447; x_wconf 83' lang='lat' dir='ltr'><strong>dura</strong></span> <span class='ocrx_word' id='word_1_9' title='bbox 778 386 965 460; x_wconf 83' lang='lat' dir='ltr'><strong>CereS,</strong></span> <span class='ocrx_word' id='word_1_10' title='bbox 1008 386 1292 445; x_wconf 84' lang='lat' dir='ltr'>Nemesim</span> <span class='ocrx_word' id='word_1_11' title='bbox 1322 409 1466 468; x_wconf 85' lang='lat' dir='ltr'><strong>quae</strong></span> <span class='ocrx_word' id='word_1_12' title='bbox 1495 386 1732 448; x_wconf 89' lang='lat' dir='ltr'><strong>abducis</strong></span> <span class='ocrx_word' id='word_1_13' title='bbox 1753 387 1825 447; x_wconf 84' lang='lat' dir='ltr'><strong>ab</strong></span> <span class='ocrx_word' id='word_1_14' title='bbox 1850 385 2009 457; x_wconf 83' lang='lat' dir='ltr'><strong>urbe,</strong></span> 
     </span>
     <span class='ocr_line' id='line_1_3' title="bbox 446 492 1568 556; baseline -0.003 0"><span class='ocrx_word' id='word_1_15' title='bbox 446 494 739 556; x_wconf 62' lang='lat' dir='ltr'><strong>Pel-solvat</strong></span> <span class='ocrx_word' id='word_1_16' title='bbox 783 492 940 552; x_wconf 86' lang='lat' dir='ltr'><strong>nulla</strong></span> <span class='ocrx_word' id='word_1_17' title='bbox 985 494 1202 553; x_wconf 85' lang='lat' dir='ltr'><strong>semina</strong></span> <span class='ocrx_word' id='word_1_18' title='bbox 1248 508 1395 553; x_wconf 84' lang='lat' dir='ltr'><strong>terra</strong></span> <span class='ocrx_word' id='word_1_19' title='bbox 1440 492 1568 553; x_wconf 89' lang='lat' dir='ltr'><strong>fide.</strong></span> 
     </span>
     <span class='ocr_line' id='line_1_4' title="bbox 370 601 1940 675; baseline -0.001 -14"><span class='ocrx_word' id='word_1_20' title='bbox 370 604 441 661; x_wconf 92' lang='lat' dir='ltr'><strong>Et</strong></span> <span class='ocrx_word' id='word_1_21' title='bbox 479 616 570 674; x_wconf 77' lang='lat' dir='ltr'><strong>tn,</strong></span> <span class='ocrx_word' id='word_1_22' title='bbox 630 601 855 661; x_wconf 87' lang='lat' dir='ltr'><strong>Bacche</strong></span> <span class='ocrx_word' id='word_1_23' title='bbox 900 615 1090 675; x_wconf 84' lang='lat' dir='ltr'><strong>tener,</strong></span> <span class='ocrx_word' id='word_1_24' title='bbox 1149 601 1434 662; x_wconf 88' lang='lat' dir='ltr'><strong>iucundae</strong></span> <span class='ocrx_word' id='word_1_25' title='bbox 1473 601 1724 661; x_wconf 86' lang='lat' dir='ltr'><strong>consitor</strong></span> <span class='ocrx_word' id='word_1_26' title='bbox 1766 624 1940 673; x_wconf 84' lang='lat' dir='ltr'><strong>uvae,</strong></span> 
     </span>
     <span class='ocr_line' id='line_1_5' title="bbox 463 707 1978 792; baseline 0 -25"><span class='ocrx_word' id='word_1_27' title='bbox 463 711 551 768; x_wconf 83' lang='lat' dir='ltr'><strong>Tu</strong></span> <span class='ocrx_word' id='word_1_28' title='bbox 599 732 828 791; x_wconf 89' lang='lat' dir='ltr'><strong>quoque</strong></span> <span class='ocrx_word' id='word_1_29' title='bbox 875 708 1142 782; x_wconf 87' lang='lat' dir='ltr'><strong>devotos,</strong></span> <span class='ocrx_word' id='word_1_30' title='bbox 1194 709 1450 782; x_wconf 81' lang='lat' dir='ltr'><strong>Bacche,</strong></span> <span class='ocrx_word' id='word_1_31' title='bbox 1505 708 1762 792; x_wconf 86' lang='lat' dir='ltr'><strong>relinque</strong></span> <span class='ocrx_word' id='word_1_32' title='bbox 1806 707 1978 768; x_wconf 89' lang='lat' dir='ltr'><strong>lacus.</strong></span> 
     </span>
     <span class='ocr_line' id='line_1_6' title="bbox 301 816 1829 899; baseline 0.001 -24"><span class='ocrx_word' id='word_1_33' title='bbox 301 817 548 876; x_wconf 84' lang='lat' dir='ltr'><strong>65Haud</strong></span> <span class='ocrx_word' id='word_1_34' title='bbox 591 817 823 899; x_wconf 88' lang='lat' dir='ltr'><strong>impune</strong></span> <span class='ocrx_word' id='word_1_35' title='bbox 869 816 1000 878; x_wconf 88' lang='lat' dir='ltr'><strong>licet</strong></span> <span class='ocrx_word' id='word_1_36' title='bbox 1042 818 1325 878; x_wconf 85' lang='lat' dir='ltr'><strong>formosas</strong></span> <span class='ocrx_word' id='word_1_37' title='bbox 1371 817 1629 877; x_wconf 80' lang='lat' dir='ltr'><strong>tristibus</strong></span> <span class='ocrx_word' id='word_1_38' title='bbox 1675 817 1829 898; x_wconf 87' lang='lat' dir='ltr'><strong>agris</strong></span> 
     </span>
     <span class='ocr_line' id='line_1_7' title="bbox 456 924 1907 1007; baseline 0 -23"><span class='ocrx_word' id='word_1_39' title='bbox 456 924 723 985; x_wconf 84' lang='lat' dir='ltr'>Abdere:</span> <span class='ocrx_word' id='word_1_40' title='bbox 782 949 901 985; x_wconf 88' lang='lat' dir='ltr'><strong>non</strong></span> <span class='ocrx_word' id='word_1_41' title='bbox 945 926 1088 986; x_wconf 79' lang='lat' dir='ltr'><strong>tanti</strong></span> <span class='ocrx_word' id='word_1_42' title='bbox 1134 941 1267 986; x_wconf 88' lang='lat' dir='ltr'><strong>sunt</strong></span> <span class='ocrx_word' id='word_1_43' title='bbox 1311 940 1407 985; x_wconf 81' lang='lat' dir='ltr'><strong>tua</strong></span> <span class='ocrx_word' id='word_1_44' title='bbox 1451 939 1670 999; x_wconf 81' lang='lat' dir='ltr'><strong>musta,</strong></span> <span class='ocrx_word' id='word_1_45' title='bbox 1731 938 1907 1007; x_wconf 90' lang='lat' dir='ltr'><strong>pater.</strong></span> 
     </span>
     <span class='ocr_line' id='line_1_8' title="bbox 367 1033 1943 1118; baseline 0.001 -26"><span class='ocrx_word' id='word_1_46' title='bbox 367 1033 420 1092; x_wconf 93' lang='lat' dir='ltr'>O</span> <span class='ocrx_word' id='word_1_47' title='bbox 467 1033 690 1093; x_wconf 86' lang='lat' dir='ltr'><strong>valeant</strong></span> <span class='ocrx_word' id='word_1_48' title='bbox 733 1033 959 1114; x_wconf 80' lang='lat' dir='ltr'><strong>frugeS‚</strong></span> <span class='ocrx_word' id='word_1_49' title='bbox 1015 1057 1089 1093; x_wconf 87' lang='lat' dir='ltr'><strong>ne</strong></span> <span class='ocrx_word' id='word_1_50' title='bbox 1132 1035 1247 1094; x_wconf 86' lang='lat' dir='ltr'><strong>sint</strong></span> <span class='ocrx_word' id='word_1_51' title='bbox 1288 1034 1462 1094; x_wconf 88' lang='lat' dir='ltr'><strong>modo</strong></span> <span class='ocrx_word' id='word_1_52' title='bbox 1513 1057 1646 1094; x_wconf 86' lang='lat' dir='ltr'><strong>rure</strong></span> <span class='ocrx_word' id='word_1_53' title='bbox 1690 1033 1943 1118; x_wconf 86' lang='lat' dir='ltr'><strong>puellae:</strong></span> 
     </span>
     <span class='ocr_line' id='line_1_9' title="bbox 464 1140 1925 1225; baseline 0 -24"><span class='ocrx_word' id='word_1_54' title='bbox 464 1141 645 1202; x_wconf 88' lang='lat' dir='ltr'><strong>Glans</strong></span> <span class='ocrx_word' id='word_1_55' title='bbox 692 1140 836 1213; x_wconf 74' lang='lat' dir='ltr'><strong>alat,</strong></span> <span class='ocrx_word' id='word_1_56' title='bbox 887 1156 940 1200; x_wconf 91' lang='lat' dir='ltr'><strong>et</strong></span> <span class='ocrx_word' id='word_1_57' title='bbox 979 1141 1172 1223; x_wconf 89' lang='lat' dir='ltr'><strong>prisco</strong></span> <span class='ocrx_word' id='word_1_58' title='bbox 1214 1165 1372 1201; x_wconf 88' lang='lat' dir='ltr'><strong>more</strong></span> <span class='ocrx_word' id='word_1_59' title='bbox 1409 1142 1686 1202; x_wconf 75' lang='lat' dir='ltr'>bibantur</span> <span class='ocrx_word' id='word_1_60' title='bbox 1730 1165 1925 1225; x_wconf 89' lang='lat' dir='ltr'><strong>aquae.</strong></span> 
     </span>
     <span class='ocr_line' id='line_1_10' title="bbox 377 1247 1991 1331; baseline 0.001 -23"><span class='ocrx_word' id='word_1_61' title='bbox 377 1248 557 1308; x_wconf 83' lang='lat' dir='ltr'><strong>Glans</strong></span> <span class='ocrx_word' id='word_1_62' title='bbox 605 1247 743 1307; x_wconf 87' lang='lat' dir='ltr'><strong>aluit</strong></span> <span class='ocrx_word' id='word_1_63' title='bbox 786 1262 1031 1321; x_wconf 83' lang='lat' dir='ltr'><strong>vetereS‚</strong></span> <span class='ocrx_word' id='word_1_64' title='bbox 1077 1263 1130 1308; x_wconf 84' lang='lat' dir='ltr'><strong>et</strong></span> <span class='ocrx_word' id='word_1_65' title='bbox 1173 1249 1387 1331; x_wconf 86' lang='lat' dir='ltr'><strong>passim</strong></span> <span class='ocrx_word' id='word_1_66' title='bbox 1430 1271 1656 1331; x_wconf 86' lang='lat' dir='ltr'><strong>semper</strong></span> <span class='ocrx_word' id='word_1_67' title='bbox 1701 1265 1991 1310; x_wconf 87' lang='lat' dir='ltr'><strong>amarunt:</strong></span> 
     </span>
     <span class='ocr_line' id='line_1_11' title="bbox 302 1355 1816 1436; baseline 0.001 -21"><span class='ocrx_word' id='word_1_68' title='bbox 302 1374 363 1416; x_wconf 90' lang='lat'><strong>70</strong></span> <span class='ocrx_word' id='word_1_69' title='bbox 466 1356 628 1436; x_wconf 80' lang='lat' dir='ltr'><strong>Quid</strong></span> <span class='ocrx_word' id='word_1_70' title='bbox 671 1356 869 1416; x_wconf 87' lang='lat' dir='ltr'>nocuit</span> <span class='ocrx_word' id='word_1_71' title='bbox 913 1355 1102 1416; x_wconf 91' lang='lat' dir='ltr'><strong>sulcos</strong></span> <span class='ocrx_word' id='word_1_72' title='bbox 1148 1381 1266 1416; x_wconf 90' lang='lat' dir='ltr'><strong>non</strong></span> <span class='ocrx_word' id='word_1_73' title='bbox 1310 1356 1580 1417; x_wconf 88' lang='lat' dir='ltr'><strong>habuisse</strong></span> <span class='ocrx_word' id='word_1_74' title='bbox 1626 1358 1816 1417; x_wconf 80' lang='lat' dir='ltr'><strong>satos?</strong></span> 
     </span>
     <span class='ocr_line' id='line_1_12' title="bbox 374 1460 2018 1550; baseline 0.002 -26"><span class='ocrx_word' id='word_1_75' title='bbox 374 1466 558 1538; x_wconf 86' lang='lat' dir='ltr'><strong>Tum,</strong></span> <span class='ocrx_word' id='word_1_76' title='bbox 616 1465 826 1548; x_wconf 87' lang='lat' dir='ltr'><strong>quibus</strong></span> <span class='ocrx_word' id='word_1_77' title='bbox 871 1460 1163 1547; x_wconf 83' lang='lat' dir='ltr'><strong>aspirabat</strong></span> <span class='ocrx_word' id='word_1_78' title='bbox 1203 1466 1414 1539; x_wconf 84' lang='lat' dir='ltr'><strong>Amor,</strong></span> <span class='ocrx_word' id='word_1_79' title='bbox 1471 1465 1783 1549; x_wconf 85' lang='lat' dir='ltr'><strong>praebebat</strong></span> <span class='ocrx_word' id='word_1_80' title='bbox 1828 1481 2018 1550; x_wconf 85' lang='lat' dir='ltr'><strong>aperte</strong></span> 
     </span>
     <span class='ocr_line' id='line_1_13' title="bbox 458 1572 1721 1654; baseline 0.002 -23"><span class='ocrx_word' id='word_1_81' title='bbox 458 1572 617 1632; x_wconf 82' lang='lat' dir='ltr'><strong>Mitis</strong></span> <span class='ocrx_word' id='word_1_82' title='bbox 658 1573 719 1631; x_wconf 89' lang='lat' dir='ltr'><strong>in</strong></span> <span class='ocrx_word' id='word_1_83' title='bbox 763 1572 1038 1632; x_wconf 88' lang='lat' dir='ltr'><strong>umbrosa</strong></span> <span class='ocrx_word' id='word_1_84' title='bbox 1079 1573 1293 1654; x_wconf 86' lang='lat' dir='ltr'><strong>gaudia</strong></span> <span class='ocrx_word' id='word_1_85' title='bbox 1328 1573 1471 1633; x_wconf 90' lang='lat' dir='ltr'><strong>valle</strong></span> <span class='ocrx_word' id='word_1_86' title='bbox 1510 1578 1721 1634; x_wconf 79' lang='lat' dir='ltr'><strong>Venus,</strong></span> 
     </span>
     <span class='ocr_line' id='line_1_14' title="bbox 371 1680 1866 1755; baseline -0.001 -13"><span class='ocrx_word' id='word_1_87' title='bbox 371 1680 575 1742; x_wconf 89' lang='lat' dir='ltr'><strong>Nullus</strong></span> <span class='ocrx_word' id='word_1_88' title='bbox 621 1696 740 1740; x_wconf 85' lang='lat' dir='ltr'><strong>erat</strong></span> <span class='ocrx_word' id='word_1_89' title='bbox 784 1696 1005 1755; x_wconf 78' lang='lat' dir='ltr'><strong>cust08‚</strong></span> <span class='ocrx_word' id='word_1_90' title='bbox 1064 1681 1221 1741; x_wconf 86' lang='lat' dir='ltr'><strong>nulla</strong></span> <span class='ocrx_word' id='word_1_91' title='bbox 1268 1681 1564 1742; x_wconf 86' lang='lat' dir='ltr'><strong>exclusura</strong></span> <span class='ocrx_word' id='word_1_92' title='bbox 1610 1681 1866 1742; x_wconf 85' lang='lat' dir='ltr'><strong>dolentes</strong></span> 
     </span>
     <span class='ocr_line' id='line_1_15' title="bbox 451 1789 1813 1873; baseline 0 -23"><span class='ocrx_word' id='word_1_93' title='bbox 451 1793 663 1850; x_wconf 82' lang='lat' dir='ltr'><strong>Ianua:</strong></span> <span class='ocrx_word' id='word_1_94' title='bbox 720 1790 769 1850; x_wconf 87' lang='lat' dir='ltr'><strong>si</strong></span> <span class='ocrx_word' id='word_1_95' title='bbox 813 1789 900 1851; x_wconf 87' lang='lat' dir='ltr'><strong>fas</strong></span> <span class='ocrx_word' id='word_1_96' title='bbox 947 1804 1060 1865; x_wconf 86' lang='lat' dir='ltr'><strong>est,</strong></span> <span class='ocrx_word' id='word_1_97' title='bbox 1117 1813 1241 1851; x_wconf 88' lang='lat' dir='ltr'><strong>mos</strong></span> <span class='ocrx_word' id='word_1_98' title='bbox 1286 1813 1494 1873; x_wconf 89' lang='lat' dir='ltr'><strong>precor</strong></span> <span class='ocrx_word' id='word_1_99' title='bbox 1535 1789 1628 1850; x_wconf 88' lang='lat' dir='ltr'><strong>ille</strong></span> <span class='ocrx_word' id='word_1_100' title='bbox 1674 1790 1813 1850; x_wconf 85' lang='lat' dir='ltr'><strong>redi.</strong></span> 
     </span>
     <span class='ocr_line' id='line_1_16' title="bbox 303 1912 363 1958; baseline 0 0"><span class='ocrx_word' id='word_1_101' title='bbox 303 1912 363 1958; x_wconf 87' lang='grc'><strong>75</strong></span> 
     </span>
     <span class='ocr_line' id='line_1_17' title="bbox 455 2005 1686 2090; baseline 0.002 -26"><span class='ocrx_word' id='word_1_102' title='bbox 455 2005 707 2066; x_wconf 86' lang='lat' dir='ltr'><strong>Horrida</strong></span> <span class='ocrx_word' id='word_1_103' title='bbox 750 2005 949 2066; x_wconf 83' lang='lat' dir='ltr'><strong>villosa</strong></span> <span class='ocrx_word' id='word_1_104' title='bbox 994 2029 1239 2090; x_wconf 87' lang='lat' dir='ltr'><strong>corpora</strong></span> <span class='ocrx_word' id='word_1_105' title='bbox 1282 2020 1431 2066; x_wconf 82' lang='lat' dir='ltr'><strong>veste</strong></span> <span class='ocrx_word' id='word_1_106' title='bbox 1476 2021 1686 2088; x_wconf 79' lang='lat' dir='ltr'><strong>tegant.</strong></span> 
     </span>
     <span class='ocr_line' id='line_1_18' title="bbox 384 2112 1987 2198; baseline 0 -26"><span class='ocrx_word' id='word_1_107' title='bbox 384 2116 550 2175; x_wconf 91' lang='lat' dir='ltr'><strong>Nunc</strong></span> <span class='ocrx_word' id='word_1_108' title='bbox 596 2115 645 2175; x_wconf 89' lang='lat' dir='ltr'><strong>si</strong></span> <span class='ocrx_word' id='word_1_109' title='bbox 684 2114 875 2176; x_wconf 91' lang='lat' dir='ltr'><strong>clausa</strong></span> <span class='ocrx_word' id='word_1_110' title='bbox 918 2139 1045 2176; x_wconf 87' lang='lat' dir='ltr'><strong>mea</strong></span> <span class='ocrx_word' id='word_1_111' title='bbox 1090 2130 1202 2189; x_wconf 83' lang='lat' dir='ltr'><strong>est,</strong></span> <span class='ocrx_word' id='word_1_112' title='bbox 1259 2115 1307 2175; x_wconf 90' lang='lat' dir='ltr'><strong>si</strong></span> <span class='ocrx_word' id='word_1_113' title='bbox 1350 2115 1516 2198; x_wconf 87' lang='lat' dir='ltr'><strong>copia</strong></span> <span class='ocrx_word' id='word_1_114' title='bbox 1553 2138 1683 2175; x_wconf 90' lang='lat' dir='ltr'><strong>rara</strong></span> <span class='ocrx_word' id='word_1_115' title='bbox 1723 2112 1987 2187; x_wconf 86' lang='lat' dir='ltr'><strong>videndi,</strong></span> 
     </span>
     <span class='ocr_line' id='line_1_19' title="bbox 461 2223 2000 2306; baseline -0.001 -22"><span class='ocrx_word' id='word_1_116' title='bbox 461 2225 590 2284; x_wconf 90' lang='lat' dir='ltr'><strong>Heu</strong></span> <span class='ocrx_word' id='word_1_117' title='bbox 626 2224 931 2298; x_wconf 87' lang='lat' dir='ltr'><strong>miserum,</strong></span> <span class='ocrx_word' id='word_1_118' title='bbox 988 2224 1171 2284; x_wconf 84' lang='lat' dir='ltr'><strong>laxam</strong></span> <span class='ocrx_word' id='word_1_119' title='bbox 1217 2223 1360 2306; x_wconf 88' lang='lat' dir='ltr'><strong>quid</strong></span> <span class='ocrx_word' id='word_1_120' title='bbox 1403 2223 1557 2283; x_wconf 85' lang='lat' dir='ltr'><strong>iuvat</strong></span> <span class='ocrx_word' id='word_1_121' title='bbox 1604 2246 1724 2283; x_wconf 90' lang='lat' dir='ltr'><strong>esse</strong></span> <span class='ocrx_word' id='word_1_122' title='bbox 1766 2223 2000 2304; x_wconf 75' lang='lat' dir='ltr'><strong>togam?</strong></span> 
     </span>
     <span class='ocr_line' id='line_1_20' title="bbox 373 2329 2020 2415; baseline -0.001 -25"><span class='ocrx_word' id='word_1_123' title='bbox 373 2332 608 2392; x_wconf 80' lang='lat' dir='ltr'><strong>Ducite:</strong></span> <span class='ocrx_word' id='word_1_124' title='bbox 652 2332 726 2392; x_wconf 82' lang='lat' dir='ltr'><strong>ad</strong></span> <span class='ocrx_word' id='word_1_125' title='bbox 770 2333 1075 2415; x_wconf 89' lang='lat' dir='ltr'><strong>imperium</strong></span> <span class='ocrx_word' id='word_1_126' title='bbox 1117 2331 1383 2391; x_wconf 85' lang='lat' dir='ltr'><strong>dominae</strong></span> <span class='ocrx_word' id='word_1_127' title='bbox 1428 2329 1777 2391; x_wconf 87' lang='lat' dir='ltr'><strong>sulcabimus</strong></span> <span class='ocrx_word' id='word_1_128' title='bbox 1820 2353 2020 2412; x_wconf 86' lang='lat' dir='ltr'><strong>agros:</strong></span> 
     </span>
    </p>
   </div>
   <div class='ocr_carea' id='block_1_3' title="bbox 308 2438 1829 2523">
    <p class='ocr_par' dir='ltr' id='par_1_3' title="bbox 308 2438 1829 2523">
     <span class='ocr_line' id='line_1_21' title="bbox 308 2438 1829 2523; baseline -0.002 -22"><span class='ocrx_word' id='word_1_129' title='bbox 308 2456 369 2501; x_wconf 88' lang='lat'><strong>80</strong></span> <span class='ocrx_word' id='word_1_130' title='bbox 468 2441 601 2501; x_wconf 84' lang='lat' dir='ltr'><strong>Non</strong></span> <span class='ocrx_word' id='word_1_131' title='bbox 648 2463 753 2521; x_wconf 81' lang='lat' dir='ltr'><strong>ego</strong></span> <span class='ocrx_word' id='word_1_132' title='bbox 797 2463 887 2501; x_wconf 89' lang='lat' dir='ltr'><strong>me</strong></span> <span class='ocrx_word' id='word_1_133' title='bbox 926 2439 1126 2500; x_wconf 88' lang='lat' dir='ltr'><strong>vinclis</strong></span> <span class='ocrx_word' id='word_1_134' title='bbox 1171 2438 1618 2523; x_wconf 82' lang='lat' dir='ltr'><strong>verberibusque</strong></span> <span class='ocrx_word' id='word_1_135' title='bbox 1663 2463 1829 2520; x_wconf 80' lang='lat' dir='ltr'><strong>nego,</strong></span> 
     </span>
    </p>
   </div>
   <div class='ocr_carea' id='block_1_4' title="bbox 308 2729 2028 3271">
    <p class='ocr_par' dir='ltr' id='par_1_4' title="bbox 308 2729 2028 3271">
     <span class='ocr_line' id='line_1_22' title="bbox 427 2729 2022 2787; baseline 0 -13"><span class='ocrx_word' id='word_1_136' title='bbox 427 2731 484 2774; x_wconf 89' lang='lat' dir='ltr'><strong>V.</strong></span> <span class='ocrx_word' id='word_1_137' title='bbox 505 2733 576 2773; x_wconf 87' lang='lat'><strong>61.</strong></span> <span class='ocrx_word' id='word_1_138' title='bbox 618 2729 802 2773; x_wconf 86' lang='lat' dir='ltr'><strong>Ceres</strong></span> <span class='ocrx_word' id='word_1_139' title='bbox 844 2732 974 2786; x_wconf 87' lang='lat' dir='ltr'><strong>vulgo</strong></span> <span class='ocrx_word' id='word_1_140' title='bbox 1019 2730 1075 2773; x_wconf 88' lang='lat' dir='ltr'><strong>de</strong></span> <span class='ocrx_word' id='word_1_141' title='bbox 1115 2731 1363 2774; x_wconf 81' lang='lat' dir='ltr'><strong>coniectura</strong></span> <span class='ocrx_word' id='word_1_142' title='bbox 1406 2730 1611 2774; x_wconf 78' lang='lat' dir='ltr'><strong>HmNsu.</strong></span> <span class='ocrx_word' id='word_1_143' title='bbox 1684 2729 1842 2773; x_wconf 83' lang='lat' dir='ltr'><strong>Lectio</strong></span> <span class='ocrx_word' id='word_1_144' title='bbox 1883 2742 2022 2787; x_wconf 75' lang='lat' dir='ltr'><strong>seges.</strong></span> 
     </span>
     <span class='ocr_line' id='line_1_23' title="bbox 309 2810 2024 2871; baseline 0.001 -18"><span class='ocrx_word' id='word_1_145' title='bbox 309 2810 423 2853; x_wconf 87' lang='lat' dir='ltr'><strong>Tum</strong></span> <span class='ocrx_word' id='word_1_146' title='bbox 466 2811 626 2855; x_wconf 84' lang='lat' dir='ltr'><strong>habent</strong></span> <span class='ocrx_word' id='word_1_147' title='bbox 668 2812 767 2855; x_wconf 82' lang='lat' dir='ltr'><strong>libri</strong></span> <span class='ocrx_word' id='word_1_148' title='bbox 811 2813 914 2871; x_wconf 83' lang='lat' dir='ltr'><strong>qui,</strong></span> <span class='ocrx_word' id='word_1_149' title='bbox 970 2813 1104 2856; x_wconf 71' lang='lat' dir='ltr'><strong>Imm</strong></span> <span class='ocrx_word' id='word_1_150' title='bbox 1144 2826 1248 2856; x_wconf 88' lang='lat' dir='ltr'><strong>vero</strong></span> <span class='ocrx_word' id='word_1_151' title='bbox 1291 2826 1460 2867; x_wconf 87' lang='lat' dir='ltr'><strong>quae,</strong></span> <span class='ocrx_word' id='word_1_152' title='bbox 1523 2814 1683 2856; x_wconf 83' lang='lat' dir='ltr'><strong>lectum</strong></span> <span class='ocrx_word' id='word_1_153' title='bbox 1726 2810 1843 2868; x_wconf 90' lang='lat' dir='ltr'><strong>quod</strong></span> <span class='ocrx_word' id='word_1_154' title='bbox 1891 2811 2024 2866; x_wconf 88' lang='lat' dir='ltr'><strong>vulgo</strong></span> 
     </span>
     <span class='ocr_line' id='line_1_24' title="bbox 310 2892 2023 2949; baseline 0.001 -14"><span class='ocrx_word' id='word_1_155' title='bbox 310 2892 410 2936; x_wconf 86' lang='lat' dir='ltr'><strong>inde</strong></span> <span class='ocrx_word' id='word_1_156' title='bbox 441 2893 495 2936; x_wconf 86' lang='lat' dir='ltr'><strong>ab</strong></span> <span class='ocrx_word' id='word_1_157' title='bbox 531 2895 677 2946; x_wconf 70' lang='lat' dir='ltr'><strong>Anno.</strong></span> <span class='ocrx_word' id='word_1_158' title='bbox 704 2915 762 2925; x_wconf 91' lang='lat'><strong>—-</strong></span> <span class='ocrx_word' id='word_1_159' title='bbox 825 2895 936 2938; x_wconf 82' lang='lat' dir='ltr'><strong>Mox</strong></span> <span class='ocrx_word' id='word_1_160' title='bbox 968 2909 1010 2939; x_wconf 86' lang='lat' dir='ltr'><strong>v.</strong></span> <span class='ocrx_word' id='word_1_161' title='bbox 1027 2898 1099 2939; x_wconf 84' lang='lat'><strong>62.</strong></span> <span class='ocrx_word' id='word_1_162' title='bbox 1129 2897 1329 2939; x_wconf 79' lang='lat' dir='ltr'><strong>Puccms</strong></span> <span class='ocrx_word' id='word_1_163' title='bbox 1361 2903 1508 2949; x_wconf 86' lang='lat' dir='ltr'><strong>certa,</strong></span> <span class='ocrx_word' id='word_1_164' title='bbox 1551 2895 1687 2938; x_wconf 87' lang='lat' dir='ltr'><strong>ceteri</strong></span> <span class='ocrx_word' id='word_1_165' title='bbox 1717 2893 1820 2937; x_wconf 88' lang='lat' dir='ltr'><strong>boni</strong></span> <span class='ocrx_word' id='word_1_166' title='bbox 1849 2898 2023 2937; x_wconf 77' lang='lat' dir='ltr'><strong>terra.</strong></span> 
     </span>
     <span class='ocr_line' id='line_1_25' title="bbox 308 2971 2028 3035; baseline -0.002 -17"><span class='ocrx_word' id='word_1_167' title='bbox 308 2975 402 3018; x_wconf 84' lang='lat' dir='ltr'><strong>Iam</strong></span> <span class='ocrx_word' id='word_1_168' title='bbox 445 2975 767 3019; x_wconf 67' lang='lat' dir='ltr'><strong>LAcflMANNUs</strong></span> <span class='ocrx_word' id='word_1_169' title='bbox 815 2978 987 3033; x_wconf 86' lang='lat' dir='ltr'><strong>posuit:</strong></span> <span class='ocrx_word' id='word_1_170' title='bbox 1049 2977 1119 3020; x_wconf 84' lang='lat' dir='ltr'><strong>At</strong></span> <span class='ocrx_word' id='word_1_171' title='bbox 1170 2975 1252 3018; x_wconf 76' lang='lat' dir='ltr'><strong>tibi</strong></span> <span class='ocrx_word' id='word_1_172' title='bbox 1307 2976 1425 3019; x_wconf 82' lang='lat' dir='ltr'><strong>dura</strong></span> <span class='ocrx_word' id='word_1_173' title='bbox 1475 2992 1622 3035; x_wconf 76' lang='lat' dir='ltr'><strong>seges,</strong></span> <span class='ocrx_word' id='word_1_174' title='bbox 1680 2974 1899 3018; x_wconf 75' lang='lat' dir='ltr'><strong>Nemesim</strong></span> <span class='ocrx_word' id='word_1_175' title='bbox 1947 2971 2028 3033; x_wconf 82' lang='lat' dir='ltr'><strong>qui</strong></span> 
     </span>
     <span class='ocr_line' id='line_1_26' title="bbox 311 3056 2025 3115; baseline 0.001 -16"><span class='ocrx_word' id='word_1_176' title='bbox 311 3057 500 3100; x_wconf 77' lang='lat' dir='ltr'><strong>abducis</strong></span> <span class='ocrx_word' id='word_1_177' title='bbox 542 3056 599 3099; x_wconf 83' lang='lat' dir='ltr'><strong>ab</strong></span> <span class='ocrx_word' id='word_1_178' title='bbox 643 3058 774 3106; x_wconf 80' lang='lat' dir='ltr'><strong>urbe,</strong></span> <span class='ocrx_word' id='word_1_179' title='bbox 817 3064 862 3102; x_wconf 83' lang='lat' dir='ltr'><strong>et</strong></span> <span class='ocrx_word' id='word_1_180' title='bbox 902 3061 943 3101; x_wconf 85' lang='lat' dir='ltr'><strong>in</strong></span> <span class='ocrx_word' id='word_1_181' title='bbox 986 3065 1256 3115; x_wconf 84' lang='lat' dir='ltr'><strong>pentametro</strong></span> <span class='ocrx_word' id='word_1_182' title='bbox 1289 3058 1458 3102; x_wconf 74' lang='lat' dir='ltr'><strong>semina</strong></span> <span class='ocrx_word' id='word_1_183' title='bbox 1501 3067 1637 3102; x_wconf 82' lang='lat' dir='ltr'><strong>certa.</strong></span> <span class='ocrx_word' id='word_1_184' title='bbox 1713 3058 1789 3102; x_wconf 82' lang='lat' dir='ltr'><strong>Sic</strong></span> <span class='ocrx_word' id='word_1_185' title='bbox 1819 3057 1874 3100; x_wconf 86' lang='lat' dir='ltr'><strong>ad</strong></span> <span class='ocrx_word' id='word_1_186' title='bbox 1904 3071 2025 3101; x_wconf 80' lang='lat' dir='ltr'><strong>ama-</strong></span> 
     </span>
     <span class='ocr_line' id='line_1_27' title="bbox 311 3133 2025 3200; baseline -0.001 -16"><span class='ocrx_word' id='word_1_187' title='bbox 311 3133 453 3185; x_wconf 75' lang='lat' dir='ltr'><strong>torem</strong></span> <span class='ocrx_word' id='word_1_188' title='bbox 495 3143 616 3185; x_wconf 87' lang='lat' dir='ltr'><strong>locus</strong></span> <span class='ocrx_word' id='word_1_189' title='bbox 656 3144 858 3198; x_wconf 86' lang='lat' dir='ltr'><strong>pertinet.</strong></span> <span class='ocrx_word' id='word_1_190' title='bbox 933 3142 1024 3186; x_wconf 87' lang='lat' dir='ltr'><strong>Sed</strong></span> <span class='ocrx_word' id='word_1_191' title='bbox 1066 3143 1204 3200; x_wconf 85' lang='lat' dir='ltr'><strong>probo</strong></span> <span class='ocrx_word' id='word_1_192' title='bbox 1241 3142 1357 3199; x_wconf 91' lang='lat' dir='ltr'><strong>quod</strong></span> <span class='ocrx_word' id='word_1_193' title='bbox 1388 3143 1520 3198; x_wconf 82' lang='lat' dir='ltr'><strong>vulgo</strong></span> <span class='ocrx_word' id='word_1_194' title='bbox 1551 3146 1774 3199; x_wconf 90' lang='lat' dir='ltr'><strong>receptum</strong></span> <span class='ocrx_word' id='word_1_195' title='bbox 1813 3141 1858 3184; x_wconf 90' lang='lat' dir='ltr'><strong>in</strong></span> <span class='ocrx_word' id='word_1_196' title='bbox 1897 3144 2025 3184; x_wconf 82' lang='lat' dir='ltr'><strong>textu</strong></span> 
     </span>
     <span class='ocr_line' id='line_1_28' title="bbox 311 3227 446 3271; baseline 0 -1"><span class='ocrx_word' id='word_1_197' title='bbox 311 3227 446 3271; x_wconf 86' lang='lat' dir='ltr'><strong>vides.</strong></span> 
     </span>
    </p>
   </div>
   <div class='ocr_carea' id='block_1_5' title="bbox 433 3330 1007 3376">
    <p class='ocr_par' dir='ltr' id='par_1_5' title="bbox 433 3330 1007 3376">
     <span class='ocr_line' id='line_1_29' title="bbox 433 3330 1007 3376; baseline -0.002 -1"><span class='ocrx_word' id='word_1_198' title='bbox 433 3331 488 3375; x_wconf 89' lang='lat' dir='ltr'><strong>V.</strong></span> <span class='ocrx_word' id='word_1_199' title='bbox 509 3334 582 3375; x_wconf 74' lang='lat'><strong>75.</strong></span> <span class='ocrx_word' id='word_1_200' title='bbox 627 3330 790 3376; x_wconf 86' lang='lat' dir='ltr'><strong>Versus</strong></span> <span class='ocrx_word' id='word_1_201' title='bbox 831 3330 1007 3374; x_wconf 82' lang='lat' dir='ltr'><strong>excidit.</strong></span> 
     </span>
    </p>
   </div>
  </div>
 </body>
</html>
