2158 3750
341 264 446 310 210
734 253 1203 308 COMMENTAR.
1235 255 1311 308 IN
1349 257 1637 312 TIBULLI

345 405 514 461 elegiae
545 402 792 458 praeclarae
820 397 921 443 nihil
949 403 1135 453 constat,
1166 402 1248 445 nisi
1278 402 1393 457 quod
1425 407 1525 459 post
1554 416 1710 448 annum
1738 409 1841 450 727.
1870 407 2032 464 scripta

341 493 421 541 est,
450 499 547 528 cum
576 482 815 539 triumphus
843 483 1058 528 Messala-e
1087 485 1141 528 de
1171 487 1397 541 Aquitanis
1422 487 1623 530 laudetur
1646 486 1730 531 hoc
1753 501 1866 533 anno
1891 495 2026 535 actus.

340 570 548 624 Suspicor
587 571 729 610 autem
774 572 1004 623 antequam
1046 567 1268 613 Nemesim
1315 571 1618 625 cognovisset,
1670 583 1765 614 eam
1810 573 2028 628 scriptam,

338 655 459 699 cuius
488 652 677 707 alioquin
706 651 965 695 mentionem
993 653 1125 697 eredo
1155 654 1330 697 fecisset
1361 667 1400 696 v.
1431 657 1490 697 79
1522 667 1641 709 sqq.‚
1672 654 2029 709 quemadmodum

336 736 382 779 in
411 735 578 790 elegiae
607 735 782 789 quintae
812 735 933 777 exitu
961 734 1079 778 fecit.
1141 736 1270 780 Unde
1294 750 1389 782 eam
1420 737 1522 782 circ.
1553 740 1640 782 731
1673 743 1750 782 aut
1778 741 1869 782 732
1899 751 2030 795 pono,

333 830 435 862 cum
465 820 639 862 vacaret
671 829 818 861 amore
848 815 1061 860 Tibullus.

959 1187 1404 1243 EXPLICATIO.

448 1407 503 1448 V.
534 1406 679 1447 1-14.
732 1400 1055 1447 Exordium.
1103 1405 1339 1448 Sacrum
1369 1404 1696 1449 ambarvale
1725 1404 2026 1451 indicitur.

451 1491 501 1532 V.
536 1492 558 1531 1
592 1502 656 1543 sq.
717 1487 987 1542 Quisquis
1016 1487 1203 1543 adest,
1249 1488 1456 1534 faveat.
1527 1489 1789 1533 Coniectura
1819 1491 2028 1534 Dotrsus:

323 1571 531 1632 quisquis
562 1571 692 1618 ades,
718 1570 916 1628 faveas,
946 1585 1055 1629 opus
1085 1586 1172 1617 non
1206 1577 1287 1627 est,
1317 1586 1416 1615 cum
1447 1573 1578 1615 etiam
1609 1573 1739 1615 tertia
1767 1585 1956 1629 persona
1983 1572 2027 1615 in

324 1654 404 1698 hac
444 1668 492 1697 re
532 1655 596 1697 uti
637 1655 860 1710 potuerint
895 1658 943 1697 et
980 1658 1182 1708 utantur,
1211 1659 1261 1697 ut
1290 1653 1458 1699 Eum.
1477 1653 1649 1715 ,Bacclu
1681 1658 1766 1698 ‘102
1796 1650 1955 1705 Υστόμα
1986 1649 2030 1694 τ’

322 1735 510 1794 εὔφημον
558 1731 673 1784 ἅπας
716 1731 957 1788 ὄσιούσθω,
1004 1738 1259 1782 Amszror’n.
1289 1736 1557 1794 Thesmoph.
1585 1741 1669 1781 39:
1714 1732 1904 1794 εὔφημος
1941 1734 2028 1783 πᾶς

321 1818 430 1862 ἴστω
463 1814 580 1868 λεώς,
612 1814 753 1868 στόμα
783 1819 1048 1873 συγκλείσας,
1082 1820 1219 1863 Ovn).
1245 1819 1366 1863 Fast.
1383 1820 1443 1874 11,
1469 1822 1580 1864 623:
1611 1820 1802 1864 Innocui
1830 1818 2030 1866 veniant,

313 1903 477 1961 procul
517 1903 619 1946 hinc
653 1902 816 1960 procul
855 1902 1018 1960 impius
1061 1911 1172 1948 esto.
1232 1904 1440 1948 Ceterum
1481 1905 1705 1949 notissima
1735 1917 1807 1948 res
1849 1908 1907 1948 et‘
1934 1903 2027 1948 for·-

319 1989 436 2031 mula
467 1994 534 2030 est
564 1988 847 2044 praecipiens,
874 1991 924 2029 ut
946 1988 1165 2031 silentium
1195 1989 1253 2031 sit
1284 1994 1331 2032 et
1358 1989 1472 2033 male
1502 1991 1703 2034 ominatis
1733 1989 1876 2033 verbis
1904 1989 2026 2044 quis-

319 2085 404 2126 que
438 2075 585 2127 parcat
614 2083 649 2113 s.
682 2071 842 2125 linguis
864 2070 1038 2113 faveant
1066 2082 1234 2123 omnes,
1266 2075 1312 2112 et
1342 2084 1475 2128 saepe
1505 2071 1731 2125 illustrata,
1760 2070 1846 2114 vid.
1873 2070 2021 2114 Cmu».

316 2153 372 2195 ad
404 2154 526 2207 Virg.
560 2154 666 2196 Aen.
693 2154 748 2206 V,
769 2156 858 2207 71„
886 2153 1055 2198 Herus,
1087 2153 1143 2196 ad
1173 2154 1253 2198 Sil.
1278 2154 1332 2197 It.
1355 2154 1476 2208 XVI,
1506 2157 1610 2198 295.
1641 2154 1938 2198 Mrrscmzm..
1967 2154 2023 2197 ad

316 2236 472 2279 Horat.
504 2236 582 2288 III,
614 2240 656 2278 1.
683 2236 776 2279 init.
835 2237 965 2280 Nunc
998 2237 1183 2292 ‚quidem
1213 2238 1417 2281 Tibullus
1447 2238 1713 2294 pronuntiat·
1742 2250 1838 2281 eam
1880 2241 1926 2280 et
1958 2238 2023 2283 si·-

317 2318 498 2361 lentium
542 2319 779 2374 praecipit,
833 2319 1146 2375 paterfamilias
1186 2320 1230 2363 in
1266 2320 1386 2375 agris
1420 2321 1537 2373 suis3
1587 2319 1644 2363 ad
1683 2319 2022 2363 immolationem

314 2412 419 2443 vero
451 2399 617 2442 hostiae
649 2404 756 2456 puta
787 2398 1040 2456 haruspices
1066 2401 1237 2445 Tuscos
1266 2400 1481 2445 adhibitos
1503 2414 1560 2445 ex
1587 2415 1724 2456 more,
1754 2402 1868 2447 conf.
1891 2403 2019 2447 Voss.

312 2482 365 2525 ad
398 2484 520 2538 Virg.
553 2484 720 2536 Georg.
750 2483 808 2536 11,
839 2487 942 2527 193.
975 2499 1016 2540 p.
1041 2486 1145 2527 347.
1187 2484 1409 2527 Miinnssn.
1440 2484 1539 2528 libr.
1571 2484 1626 2527 de
1655 2483 1855 2531 Etruscis
1883 2483 1939 2528 T.
1959 2483 2019 2527 Π.

313 2581 354 2620 p.
387 2569 458 2610 15.
491 2589 547 2597 —
593 2565 765 2608 Ritus
795 2579 822 2608 a
851 2567 1047 2622 prisco
1078 2565 1334 2609 traditus
1371 2579 1486 2610 avo.
1548 2565 1662 2610 Nam
1690 2578 1856 2613 motem
1883 2566 2022 2613 maio-

309 2662 405 2692 rum
449 2650 494 2691 in
535 2649 669 2692 sacris
707 2662 874 2692 summa
913 2650 1127 2704 religione
1167 2649 1412 2692 servabant.
1442 2670 1504 2681 —
1557 2649 1612 2693 V.
1643 2651 1689 2691 3.
1716 2651 1770 2691 4..
1821 2646 1951 2693 Nunc
1992 2661 2022 2691 a

309 2732 440 2774 tertia
482 2731 538 2774 ad
581 2731 815 2775 secundam
857 2744 1089 2788 personam
1131 2731 1286 2774 transit
1325 2730 1559 2786 aptissime.
1620 2730 1683 2772 Ut
1710 2729 1762 2772 fit
1786 2728 1832 2772 in
1860 2728 2020 2775 talibus

309 2813 496 2868 ubique,
537 2819 751 2858 vocantur
795 2815 856 2858 dii
898 2819 948 2858 ut
993 2820 1247 2871 praesentes
1285 2814 1443 2858 adsint.
1503 2814 1688 2858 Praeter
1725 2812 1932 2858 cererem
1972 2817 2019 2856 et

309 2896 530 2940 Bacchum
563 2900 694 2941 etiam
724 2899 823 2942 aliis
852 2898 934 2941 diis
965 2898 1150 2943 vidimus
1178 2901 1221 2943 in
1250 2900 1582 2943 Introductione
1610 2898 1857 2942 dedicatum
1883 2897 2019 2942 fuisse

308 2977 390 3022 hoc
420 2980 593 3034 festum,
624 2980 703 3023 sed
735 2993 821 3023 non
852 2993 962 3036 opus
994 2986 1061 3023 est
1091 2983 1134 3024 in
1169 2983 1291 3038 poesi
1319 2982 1467 3025 omnia
1498 2981 1672 3024 nomina
1701 2980 1846 3033 ciere3
1875 2979 2018 3023 nomi-

307 3066 380 3103 nat
422 3061 509 3104 duo
550 3062 715 3105 maiora
756 3062 929 3105 numina
969 3063 1106 3106 instar
1146 3065 1351 3107 omnium.
1382 3087 1443 3096 -
1487 3064 1606 3106 tuis
1649 3075 1676 3106 e
1717 3061 2016 3106 cornibus.

305 3143 372 3184 De
403 3145 607 3187 cornibus
637 3143 800 3188 Bacchi
830 3150 932 3187 nota
962 3147 1118 3199 omnin,
1150 3147 1265 3189 unde
1294 3146 1403 3190 deus
1430 3128 1704 3204 ᾇιεραςφᾶρος,
1729 3143 2016 3200 ταυροκέρως,

305 3224 360 3267 cf.
403 3225 650 3284 Interprett.
693 3226 750 3269 ad
789 3226 971 3271 Nemus.
1000 3228 1081 3282 111,
1111 3232 1186 3272 36.
1244 3230 1492 3281 Semnan.
1530 3227 1586 3271 de
1626 3227 1722 3270 Usu
1761 3230 1821 3269 et·
1845 3226 2015 3269 Praest.

303 3305 436 3351 Num.
469 3308 650 3353 Dissert.
690 3308 788 3353 VH.
845 3310 1146 3356 Bnoucxmrs,
1177 3310 1232 3354 ad
1264 3309 1305 3355 h.
1338 3311 1394 3364 1.,
1442 3323 1498 3354 ne
1528 3309 1772 3352 Cnssuznur
1804 3306 2014 3350 Celeber-

302 3388 398 3432 rlmi
429 3389 562 3435 libros
588 3404 837 3441 memorem.
900 3394 991 3439 Sed
1022 3409 1102 3440 cur
1133 3409 1245 3440 nunc
1279 3394 1430 3438 tribuit
1461 3397 1592 3451 poeta
1617 3404 1778 3436 cornua
1801 3388 2011 3434 Baccho?
