2158 3750
294 300 395 347 128
691 286 1159 344 COMMENTAR.
1194 286 1272 341 IN
1308 287 1598 342 TIBULLI

290 435 519 488 Amorem,
571 432 688 487 quod
728 432 870 476 denuo
910 434 1053 477 tristis·
1088 441 1132 478 et
1179 449 1308 492 asper
1345 437 1427 490 sit,
1474 442 1520 480 et
1561 437 1822 483 lamentatur
1861 440 1994 484 alium

290 524 526 563 amatorem
569 516 722 559 adesse
763 521 810 560 et
853 516 1019 560 Deliam
1057 520 1224 563 artibus
1265 519 1464 573 fallendi,
1510 533 1617 575 quas
1647 522 1740 577 ipse
1782 523 1994 577 docuerit,

288 617 400 648 nunc
442 606 592 646 contra
635 614 684 644 se
722 602 800 644 uti.
868 602 1047 658 Iamque
1088 604 1132 647 in
1171 603 1252 648 hoc
1292 618 1450 659 magno
1491 605 1644 648 dolore
1683 619 1764 650 suo
1805 609 1994 652 maxima

288 698 484 741 quaeque
515 685 851 728 comminiscitur
890 691 940 729 ut
969 694 1222 731 coerceatur
1255 689 1427 732 licentia
1467 690 1650 745 puellae.
1723 691 1773 733 Ῐιι
1813 705 1994 746 quarum

286 782 433 813 rerum
461 769 720 811 tractatione
749 772 946 811 versatur
975 776 1277 825 argumentum
1308 772 1520 826 carminis,
1556 772 1674 827 quod
1707 772 1823 816 duas
1855 776 1995 818 maxi-

286 864 358 895 me
390 857 551 907 partes
589 848 730 892 habet.
803 849 1005 892 Primum
1050 852 1164 895 enim
1211 853 1453 896 custodiam
1500 868 1697 899 severam
1744 856 1992 901 meditatur.

286 934 390 978 Adit
420 933 563 997 verbis
592 934 734 990 ipsum
763 934 962 978 maritum
995 940 1040 979 et
1083 935 1280 980 hortatur
1321 951 1447 991 eum,
1487 943 1538 980 ut
1577 944 1721 982 servet
1761 940 1996 995 diligenter

285 1029 491 1072 uxorem,
524 1028 636 1071 quae
665 1016 810 1059 multis
844 1016 984 1059 modis
1016 1029 1115 1060 eum
1145 1017 1290 1072 fallat,
1331 1023 1376 1061 et
1407 1032 1504 1062 cum
1537 1021 1735 1064 incautus
1763 1026 1882 1065 esset
1909 1022 1995 1065 iste

285 1099 414 1144 homo
447 1102 492 1142 et
519 1099 659 1155 impar
687 1099 908 1142 videretur
938 1098 1038 1143 huic
1070 1101 1320 1154 custodiae,
1368 1116 1490 1146 suam
1527 1104 1668 1160 ipsius
1696 1117 1826 1162 opem
1862 1106 1906 1149 iu
1940 1119 1995 1150 ea

284 1199 333 1229 re
363 1185 513 1228 offerte
561 1183 723 1226 fatetur
751 1183 907 1226 marito
946 1183 1134 1238 ingenue
1166 1189 1354 1229 structas
1390 1200 1522 1243 saepe
1559 1188 1740 1233 insidias
1778 1195 1828 1234 et
1867 1189 1994 1234 clan-

285 1268 500 1311 destinum
538 1277 664 1308 usum
696 1265 893 1320 puellae,
935 1270 987 1308 ut
1024 1279 1155 1321 quem
1185 1266 1256 1311 hic
1288 1269 1436 1313 videat
1464 1269 1658 1315 fallacias
1685 1273 1836 1318 uxoris
1865 1285 1994 1319 nosse

284 1350 450 1404 omnes,
479 1350 521 1394 ei
550 1361 606 1392 ne
635 1347 805 1390 dubitet
833 1349 1104 1392 committere
1134 1349 1375 1394 custodiam
1398 1351 1583 1396 feminae
1611 1354 1823 1400 ambobus
1851 1369 1992 1412 carae,

281 1435 319 1479 si
350 1433 479 1478 modo
510 1432 582 1475 alii
614 1443 763 1474 omnes
794 1430 858 1473 sic
889 1430 1175 1473 excludantur
1204 1424 1412 1477 amantes.
1485 1435 1545 1479 At
1574 1435 1712 1491 euim,
1752 1438 1843 1491 ais,
1886 1447 1992 1483 num

282 1517 508 1575 probabile
537 1521 631 1558 erat
661 1514 874 1557 facturum
906 1516 1105 1558 maritum
1136 1515 1252 1571 quod
1287 1519 1454 1572 cogitat
1483 1518 1718 1565 Tibullus?
1777 1520 1993 1566 Nimirum

281 1613 505 1645 versamur
534 1600 578 1643 in
609 1599 756 1655 poesi,
798 1603 844 1641 et
873 1601 1097 1654 quaeritur
1125 1606 1227 1644 ante
1257 1603 1401 1646 omnia
1433 1603 1538 1658 quid
1571 1605 1754 1649 amantis
1782 1607 1992 1650 anxietati

280 1683 520 1729 conveniat.
582 1682 714 1737 Atqui
742 1682 943 1726 Tibullus
975 1685 1159 1739 primum
1200 1692 1379 1743 apertus
1415 1693 1582 1731 amator
1611 1689 1792 1744 Deliae,
1832 1690 1990 1735 deinde

281 1771 381 1824 post
411 1767 583 1823 nuptias
615 1764 933 1819 clandestinuS,
972 1778 1086 1809 nunc
1116 1780 1276 1811 novum
1305 1769 1482 1813 rivalem
1515 1770 1692 1826 nactus‘,
1722 1772 1840 1827 quod
1874 1785 1993 1817 sem-

279 1863 362 1907 per
390 1849 662 1892 intolerabile
699 1849 738 1892 ei
770 1849 851 1891 fuit
879 1850 922 1892 in
957 1848 1038 1894 hoc
1070 1864 1242 1906 amore,
1285 1853 1459 1897 tandem
1491 1856 1643 1899 ultima
1674 1861 1814 1900 tentat
1844 1863 1890 1902 et
1919 1871 1991 1902 se-

279 1945 426 1978 veram
457 1932 694 1976 custodiam
736 1932 996 1987 imaginatur
1037 1933 1107 1976 vel
1139 1947 1236 1978 cum
1276 1936 1432 1979 marito
1463 1938 1500 1979 si
1538 1937 1630 1980 fieri
1663 1939 1799 1995 possit
1829 1952 1990 1984 curan·

279 2018 392 2062 dam.
467 2016 624 2071 Neque
671 2020 815 2058 tamen
862 2029 1017 2059 revera
1063 2018 1154 2061 adit
1199 2021 1399 2063 maritum
1448 2025 1494 2063 et
1536 2026 1691 2076 rogat3
1740 2027 1840 2066 sunt
1882 2021 1991 2067 haec

278 2102 524 2143 commenta
567 2097 786 2140 vividioris
831 2096 1108 2153 phantasiae,
1158 2103 1203 2142 et
1249 2102 1406 2143 amoris
1454 2108 1500 2144 et
1543 2104 1791 2160 zelotypiae
1836 2106 1990 2160 quovis

280 2182 411 2227 modo
467 2181 623 2224 rivales
671 2177 899 2235 prohibere
951 2182 1171 2234 conantis,
1234 2187 1333 2224 sunt
1384 2184 1526 2227 minae
1580 2186 1780 2240 poeticae
1836 2186 1990 2231 Deliae

277 2265 491 2319 scriptae,
537 2260 849 2318 propemodum
886 2266 1039 2317 parato
1070 2262 1124 2304 ad
1169 2266 1363 2306 extrema
1394 2271 1613 2322 amatore,
1657 2267 1738 2310 uisi
1773 2268 1827 2311 ad
1858 2269 1990 2314 fidem

278 2348 424 2406 puella
461 2345 627 2388 redeat.
689 2346 835 2399 Atque
865 2343 971 2389 haec
1003 2345 1176 2401 quidem
1215 2348 1354 2404 prima
1383 2362 1484 2405 pars
1515 2355 1607 2405 est3
1653 2351 1902 2397 accedimus
1932 2353 1990 2397 ad

278 2428 535 2474 secundam.
597 2426 757 2470 Narrat
796 2432 929 2483 poeta
969 2429 1011 2470 in
1045 2431 1327 2483 sequentibus
1358 2431 1490 2475 etiam
1519 2432 1660 2488 ipsum
1691 2435 1894 2479 Amorem
1928 2436 1991 2480 ita

277 2515 371 2558 fieri
414 2513 591 2566 iubere3
650 2511 847 2554 consulta
889 2509 1118 2554 sacerdote
1162 2511 1400 2568 Bellonae,
1447 2514 1573 2558 cuius
1615 2516 1840 2572 religionis
1879 2506 1988 2563 ritus

277 2597 493 2641 terribiles
523 2595 754 2648 describit,
805 2608 1059 2651 responsum
1100 2597 1183 2640 sibi
1227 2597 1400 2653 datum,
1444 2599 1592 2656 inopia
1633 2602 1778 2644 statim
1822 2616 1987 2658 poenas

276 2682 501 2735 daturum,
545 2679 737 2733 quisquis
768 2678 936 2720 Deliam
967 2679 1235 2735 corruperit,
1278 2684 1410 2734 atque
1441 2682 1525 2724 alia
1553 2683 1668 2725 mala
1700 2684 1875 2739 puellae
1907 2685 1986 2729 de-

275 2767 449 2810 stinata.
522 2763 690 2806 Tamen
734 2758 835 2802 huic
879 2761 1018 2802 levem
1068 2774 1250 2817 poenam
1298 2769 1525 2818 precatur3
1571 2777 1828 2820 quamquam
1871 2769 1983 2812 enim

274 2850 369 2906 ipsa
399 2843 554 2892 mer-fla
583 2845 640 2889 sit
670 2846 778 2888 iram
807 2857 951 2897 suam,
992 2843 1266 2890 nihilominus
1297 2854 1477 2904 propter
1507 2854 1690 2893 matrem
1729 2863 1777 2894 se
1806 2851 1850 2895 ei
1880 2866 1986 2909 par-

275 2945 376 2976 cere
417 2931 502 2983 ait,
545 2929 669 2973 cuius
699 2927 840 2971 officia
881 2926 993 2970 bona
1035 2927 1190 2971 deinde
1219 2932 1406 2974 maxime
1436 2933 1607 2988 laudat,
1651 2935 1778 2980 simul
1808 2934 1984 2981 hortans

274 3022 323 3058 ut
354 3014 408 3058 ad
441 3014 681 3057 castitatem
713 3011 845 3054 filiam
875 3017 1065 3055 revocet.
1126 3014 1295 3060 Quodsi
1326 3014 1434 3059 haec
1465 3021 1585 3060 casta
1615 3018 1695 3072 sit,
1739 3019 1869 3064 etiam
1899 3020 1983 3064 sibi

277 3099 407 3142 duras
447 3096 656 3140 castitatis
697 3095 818 3148 leges
858 3095 1038 3150 imponit
1079 3099 1125 3138 et
1163 3109 1338 3141 severas
1371 3112 1534 3155 poenas
1564 3102 1632 3145 vel
1663 3102 1706 3144 in
1736 3102 1982 3158 suspicione

276 3182 383 3225 falsa
413 3180 632 3233 deceruit,
662 3180 716 3222 ab
747 3184 888 3221 amata
919 3192 1023 3222 vero
1054 3180 1186 3224 iratas
1217 3195 1368 3226 manus
1399 3181 1689 3229 cohibiturum
1719 3175 1768 3228 se
1799 3187 1981 3242 promit-

278 3265 356 3317 tit,
398 3277 451 3307 ne
493 3269 611 3306 metu
654 3263 729 3304 sed
773 3277 918 3307 amore
957 3265 1044 3307 fida
1083 3267 1153 3309 sit.
1226 3267 1285 3311 At
1324 3281 1435 3322 quae
1467 3269 1574 3311 nulli
1614 3269 1744 3312 fidem
1778 3273 1980 3326 servavit,

276 3349 444 3403 pergit,
477 3361 573 3390 eam
603 3348 645 3390 in
677 3353 900 3391 senectute
931 3350 1171 3396 miserrima
1201 3364 1298 3394 sors
1328 3357 1497 3405 manet3
1549 3357 1768 3396 contemta
1799 3367 1825 3397 a
1854 3354 1978 3397 iuve-

277 3431 402 3473 nibus
433 3430 604 3487 cogitur
635 3431 731 3474 lana
771 3430 967 3475 facienda
1007 3434 1139 3477 vitam
1182 3445 1363 3489 egenam
1406 3440 1674 3490 sustentare,
1722 3449 1808 3492 qua
1839 3450 1979 3494 poena
