2086 3756
1789 186 1819 215 ἶ·
1828 186 1863 216 11

155 316 415 379 laborem,
472 329 583 366 non
629 324 850 382 possunt
895 322 1005 366 toto
1056 311 1226 365 officio
1273 311 1571 380 interpretis
1620 311 1720 365 dici
1771 313 1859 365 de.

156 435 338 487 iuncti.
419 430 596 497 Quare
643 431 932 500 optandum
983 443 1060 486 est
1105 443 1166 485 ut
1198 433 1524 503 frequentius
1556 435 1861 489 huiusmodi

154 551 542 622 disquisitiones
587 522 908 617 scribantur,
965 564 1016 605 et
1061 553 1360 622 perficiatur
1405 524 1669 608 communi
1718 557 1863 610 viro-

152 688 272 724 rum
318 669 594 724 doctorum
648 668 824 724 studio
875 672 1002 724 haec
1038 690 1253 744 quoque
1288 693 1411 744 pars
1445 677 1860 733 hermeneuticae

154 793 309 847 nimis
343 792 436 846 diu
469 776 719 861 neglecta.
806 793 1011 846 Verum
1045 794 1106 847 in
1140 795 1280 849 viam
1313 798 1491 852 redeo,
1575 801 1863 872 Composui

154 913 293 964 enim
327 922 599 981 praeterea
633 912 789 966 etiam
827 912 1006 966 Vitam
1034 913 1260 981 Tibulli,
1302 934 1419 969 cum
1455 937 1566 972 non
1602 922 1863 976 satisface-

151 1043 234 1085 ret
271 1049 406 1102 quae
447 1031 587 1102 apud
622 1032 893 1103 Heynium
926 1033 1118 1102 legitur
1153 1034 1437 1107 Synopsis3
1485 1037 1704 1093 traditae
1741 1044 1866 1111 qui-

152 1147 272 1204 dem
318 1153 533 1205 notitiae
576 1171 775 1223 paucae
806 1166 957 1220 sunt,
1004 1167 1066 1209 ut
1099 1166 1327 1222 constat,
1374 1156 1688 1213 videbantur
1736 1177 1864 1214 vero

154 1272 257 1325 alia
290 1272 594 1327 verisimilia
637 1272 761 1326 addi
802 1291 984 1344 posse,
1022 1276 1319 1329 ·constituto
1366 1278 1631 1346 probabili
1679 1277 1864 1331 ordine

154 1393 461 1446 carminum.
532 1393 644 1447 Nec
680 1392 931 1448 declinari
967 1396 1052 1450 hic
1075 1396 1229 1448 labor
1248 1405 1480 1464 poterat,
1521 1396 1612 1450 sed
1638 1408 1750 1450 erat
1774 1397 1892 1450 ne·-¹

152 1511 372 1565 cessaria
406 1527 530 1580 pars
565 1510 868 1581 provinciae
905 1523 1201 1583 susceptae3
1242 1533 1364 1568 nam
1399 1525 1460 1569 ut
1492 1518 1724 1584 singulae
1761 1521 1866 1571 ele-

149 1631 263 1698 giae
308 1640 361 1683 et
406 1630 574 1685 causis
621 1630 851 1683 externis
901 1641 952 1684 et
987 1634 1204 1709 consilio
1240 1634 1448 1704 poetico
1484 1631 1750 1705 scriptoris
1785 1639 1866 1687 ni-

152 1758 365 1816 tuntur,
399 1749 472 1802 sic
506 1748 666 1802 totius
692 1750 867 1819 operis
906 1752 1183 1821 explicatio
1220 1762 1429 1822 praeter
1461 1751 1867 1823 disputationem

152 1868 218 1922 de
267 1871 470 1924 ratione
526 1888 749 1941 poeseos
805 1869 1067 1925 desiderat
1119 1871 1274 1924 etiam
1317 1873 1470 1926 Vitae
1532 1884 1867 1944 conspectum

152 2000 409 2062 quantum
449 1991 566 2045 fieri
611 2001 785 2062 potest
833 1993 1165 2062 probabilem
1202 2002 1254 2046 et
1289 1994 1506 2046 clarmn.
1577 1994 1751 2065 Atque
1784 1996 1866 2049 his

150 2109 620 2164 Dissertationibus
657 2109 862 2164 duabus
911 2109 1140 2183 denique
1190 2111 1345 2183 etiam
1398 2130 1484 2165 eas
1534 2113 1866 2184 quaestiones

151 2233 412 2300 persecuti
468 2250 675 2300 sumuS,
732 2251 867 2303 quae
913 2233 1054 2288 tertii
1110 2244 1161 2288 et
1212 2234 1387 2306 quarti
1437 2235 1560 2288 libri
1613 2234 1868 2303 originem

153 2365 414 2425 spectant3
449 2356 681 2424 postulat
715 2355 855 2408 enim
876 2334 1181 2419 huiusmodi
1205 2373 1290 2409 res
1313 2358 1505 2426 partim
1545 2359 1870 2425 singulorum

152 2476 392 2529 locorum
446 2474 944 2541 considerationem,
997 2474 1052 2528 id
1102 2476 1246 2547 quod
1293 2478 1350 2529 in
1387 2479 1770 2532 commentariis
1804 2478 1870 2530 ad

153 2596 268 2667 ipsa
303 2595 395 2648 illa
431 2597 662 2650 carmina
699 2598 919 2664 factum,
969 2599 1160 2669 partim
1213 2600 1439 2652 maiores
1489 2610 1539 2652 et
1581 2600 1870 2667 generalio-

155 2734 239 2768 res
274 2714 678 2786 disputationeS,
734 2735 865 2789 quas
911 2718 967 2769 in
1004 2719 1129 2769 Vita
1162 2719 1365 2772 Tibulli
1415 2729 1466 2770 et
1515 2718 1570 2769 in
1608 2719 1870 2794 Disserta-

154 2837 298 2890 tione
334 2836 398 2889 de
433 2837 583 2907 poesi
619 2836 729 2891 eius
762 2839 959 2906 legetis·
989 2893 992 2896 Α
1030 2838 1187 2892 Albio
1230 2839 1409 2892 tribuo
1448 2857 1564 2892 cum
1603 2837 1715 2890 aliis
1769 2840 1872 2889 ele-

158 2953 296 3023 gidia
338 2956 513 3026 quarti
552 2956 706 3022 libri,
758 2958 968 3009 tertium
1000 2974 1127 3009 vero
1163 2956 1358 3012 librum
1413 2970 1463 3009 et
1498 2959 1871 3027 panegyricum

160 3079 215 3132 in
250 3074 530 3129 Messalam
580 3075 694 3131 dico
742 3085 884 3130 ortos
925 3076 1136 3147 quidem
1182 3087 1231 3131 et
1281 3076 1444 3131 editos
1486 3079 1585 3131 isto
1623 3087 1873 3148 tempore,

163 3192 251 3245 sed
290 3210 399 3247 non
435 3212 465 3246 a
503 3195 716 3249 Tibullo
757 3196 992 3266 scriptos·

303 3311 475 3382 'Atque
508 3315 635 3367 haec
669 3313 877 3386 quidem
919 3326 1063 3380 sunt,
1103 3334 1235 3386 quae
1260 3315 1314 3368 in
1353 3318 1451 3370 hoc
1482 3319 1617 3369 libro
1650 3334 1766 3368 meo
1795 3318 1874 3368 in-
