2158 3750
623 253 806 307 LIBR.
847 253 915 308 11.
985 251 1190 305 ELEG.
1230 252 1326 304 VI.
1722 258 1820 304 301

123 403 254 447 etiam
298 399 366 445 hic
408 400 550 444 omnia
590 399 646 443 ad
686 398 923 457 perfectam
968 397 1176 440 unitatem
1221 393 1399 452 pulchre
1439 392 1681 452 composita
1725 396 1825 439 sint.

121 476 436 528 Exordium
483 485 663 541 primam
701 483 1072 526 adumbrationem
1116 481 1246 525 babet
1288 480 1493 524 luctantis¹
1531 492 1631 523 cum
1676 492 1826 523 amore

120 566 276 609 animi:
324 567 520 621 effugere
550 570 736 608 amatam
767 564 987 616 decernit,
1029 563 1107 607 sed
1138 564 1283 607 statim
1312 563 1463 607 abiicit
1491 563 1716 606 consilium
1746 575 1829 606 nec

123 651 311 693 sustinet
340 649 474 692 abire.
521 648 623 691 Hoc
644 648 779 702 igitur
800 645 1026 690 exordium
1054 650 1137 688 est.
1178 645 1435 700 Iamque,
1469 650 1520 688 ut
1546 645 1632 688 sert
1660 649 1828 699 natura,

122 732 326 775 disertior
364 733 415 775 fit
460 731 651 786 querela.
712 729 779 771 Ae
813 726 1010 783 primum
1049 725 1300 770 indirectius
1338 727 1595 782 aggreditur
1623 727 1827 783 puellam,

122 818 358 860 ostendens
405 820 611 871 qnantum
661 812 854 869 patiatur
901 811 946 854 in
992 811 1169 853 miseria
1219 812 1534 867 propemodum
1581 811 1829 868 desperata.

125 905 239 943 Tum
271 902 468 956 sequitur
502 910 616 942 nova
656 909 758 952 pars
799 893 1090 937 antecedente
1132 895 1331 948 gravior3
1377 898 1518 951 magis
1549 901 1594 939 et
1623 897 1830 940 directius

122 989 417 1029 commoturus
457 981 513 1025 ad
554 979 890 1024 obtestationem
934 978 1107 1035 pergit,
1154 977 1371 1021 flebilibus
1411 979 1551 1022 modis
1596 979 1832 1023 obsecrans

121 1076 333 1120 amatam,
378 1070 430 1108 ut
457 1063 654 1118 narravi,
694 1076 779 1120 per
803 1074 957 1107 manes
993 1074 1122 1105 carae
1164 1064 1354 1116 sororis,
1398 1068 1445 1106 et
1482 1069 1644 1107 metum
1676 1078 1732 1108 ex
1766 1065 1832 1108 ira

125 1152 307 1194 umbrae
340 1150 550 1194 excitans.
610 1149 677 1192 Ac
706 1151 797 1192 tam
827 1148 1041 1203 tragicam
1070 1146 1158 1190 vim
1198 1143 1332 1189 habet
1375 1145 1444 1190 hic
1475 1148 1622 1201 locus,
1666 1152 1717 1190 ut
1748 1160 1830 1191 ex.-

121 1233 275 1278 hausta
306 1234 536 1278 videantur
565 1233 735 1287 omnia,
777 1245 891 1288 quae
931 1232 1129 1287 elegiaca
1161 1231 1308 1286 poesis
1349 1233 1498 1286 gravia
1541 1233 1584 1275 in
1625 1231 1708 1275 hoc
1749 1245 1831 1287 ge-

121 1331 229 1361 nere
282 1316 466 1371 habeat‚
522 1329 602 1360 nec
643 1315 796 1359 credas
846 1317 1074 1370 praeterea
1125 1311 1229 1356 addi
1283 1314 1478 1369 potuisse
1529 1314 1645 1368 quod
1699 1314 1829 1357 altius

120 1404 323 1456 penetret
364 1400 567 1442 animum.
657 1395 944 1440 Nihilominus
989 1395 1229 1439 subiectam
1279 1396 1427 1439 vidisti
1473 1398 1601 1439 etiam
1648 1397 1832 1438 tertiam

119 1490 312 1539 partem,
344 1486 390 1524 et
421 1479 614 1523 restabat
643 1491 796 1522 revera
826 1478 923 1535 ipsa
953 1479 1186 1522 tenerrima
1215 1483 1260 1521 et
1290 1480 1542 1522 mollissima
1572 1480 1832 1533 significatio

125 1566 302 1608 amoris.
363 1563 476 1608 Vide
505 1562 644 1605 enim=
673 1561 909 1617 Abrumpit
938 1561 1022 1603 ista
1053 1561 1195 1603 tristia
1225 1560 1386 1614 verba,
1417 1567 1462 1603 et
1492 1563 1564 1615 qui
1599 1563 1692 1616 ipse
1722 1573 1828 1615 gra-

122 1648 298 1690 vissimo
346 1646 496 1689 dolore
542 1648 725 1702 propter
766 1642 990 1686 Nemesim
1038 1642 1233 1695 laborat,
1287 1648 1463 1685 veretur
1509 1642 1712 1698 persequi
1756 1655 1828 1684 res

126 1729 244 1772 unde
272 1735 413 1771 amata
441 1728 569 1770 nimis
601 1726 751 1769 dolere
781 1727 923 1782 possit
953 1730 999 1768 et
1027 1724 1208 1768 foedare
1238 1725 1467 1768 lacrimans
1498 1727 1648 1768 oculos
1675 1727 1832 1780 loqua-

125 1827 228 1867 ces,
260 1815 448 1870 puellam
483 1813 642 1855 bonam
673 1823 798 1864 esse,
841 1811 966 1852 lenae
997 1809 1169 1864 culpam
1203 1821 1390 1850 omnem.
1454 1807 1624 1853 Quibus
1655 1807 1830 1862 quidem

123 1896 270 1938 verbis
302 1897 398 1950 quis
429 1907 515 1938 non
553 1893 687 1937 sentit
714 1895 923 1947 quantum
953 1891 1070 1934 insit.
1141 1890 1366 1946 Depingas
1396 1891 1499 1932 licet
1528 1890 1703 1932 dolores
1734 1894 1834 1932 tuos

126 1981 174 2019 et
215 1978 423 2033 implores
453 1976 561 2019 deos
591 1989 643 2018 ac
684 1986 833 2017 manes
862 1972 1120 2015 tristissimis
1158 1972 1330 2026 verbis,
1380 1972 1485 2015 nihil
1515 1978 1660 2015 tamen
1690 1973 1831 2015 maius

47 2099 50 2102 Δ
123 2066 193 2104 est
224 2065 270 2104 et
307 2060 426 2115 quod
465 2060 655 2116 penitius
697 2061 850 2112 tangat
890 2057 1079 2098 animum
1118 2055 1356 2111 puellarem
1387 2054 1468 2098 bac
1494 2055 1616 2098 moni
1647 2055 1690 2096 in
1721 2067 1829 2109 pro-

103 2144 221 2200 ·prio
250 2144 403 2187 dolore
434 2141 605 2200 prodita
636 2134 766 2195 cura,
813 2145 957 2184 amata
979 2152 1041 2184 ne
1070 2138 1243 2192 doleat,
1287 2137 1368 2182 hac
1396 2138 1620 2181 voluntate
1649 2136 1829 2194 pulchra

66 2228 70 2231 ’
120 2226 357 2271 excusandi
397 2226 669 2281 superbiam,
710 2223 827 2266 unde
865 2228 933 2266 tot
972 2235 1200 2266 aerumnas
1247 2221 1432 2276 habeas,
1461 2224 1638 2266 reiecta
1681 2223 1724 2264 iu
1766 2223 1834 2264 le-

123 2323 221 2352 nam
253 2309 380 2365 culpa
411 2308 625 2350 dolorum.
695 2305 909 2348 Nimirum
940 2304 1211 2347 vehementia
1243 2306 1428 2348 affectus
1467 2306 1642 2360 gravior
1673 2308 1828 2358 regnat

121 2393 166 2435 in
208 2391 590 2445 antecedentibus,
631 2394 678 2432 nt
718 2389 1012 2446 persuasionis
1053 2388 1222 2431 dulcior
1253 2393 1299 2431 et
1336 2388 1532 2432 blandior
1570 2389 1636 2431 vis
1678 2393 1745 2431 est
1783 2389 1829 2430 in

124 2480 226 2521 fine.
288 2480 352 2521 Ac
393 2476 516 2520 vides
554 2488 654 2519 cum
694 2473 776 2517 hac
817 2482 942 2531 parte
982 2474 1204 2516 exitum
1248 2486 1399 2517 verum
1445 2474 1616 2529 elegiae
1658 2472 1829 2516 adesse.

123 2561 235 2603 Cum
266 2561 411 2617 puella
439 2561 555 2603 bona
583 2560 666 2613 sit,
714 2559 896 2603 meliora
938 2570 1115 2615 sperare
1156 2559 1262 2602 licet
1301 2558 1357 2602 ab
1400 2571 1479 2614 ea,
1519 2559 1584 2602 ira
1613 2561 1760 2602 autem
1786 2555 1832 2600 in

122 2646 263 2690 lenam
295 2649 583 2700 exoneratur,
611 2656 724 2701 quae
752 2655 918 2700 poenas
947 2643 1054 2686 luet.
1638 2619 1641 2623 r

752 3074 1205 3131 EXPLICATIO.

244 3301 301 3346 V.
348 3303 498 3344 1-14.
569 3297 904 3343 Exordium·
974 3297 1106 3343 Cum
1165 3297 1449 3342 Aemilius
1503 3295 1695 3341 Macer
1745 3307 1832 3337 re-

133 3386 287 3429 licta
329 3386 528 3443 puella
570 3397 670 3428 sua
709 3387 903 3428 castra
944 3388 1184 3429 secutus
1227 3384 1331 3438 sit,
1388 3383 1515 3440 ipse
1559 3382 1726 3426 etiam
1771 3380 1839 3424 de
