2086 3756
854 210 1164 264 TIBULLI.
1650 225 1841 258 crxxut

142 357 383 409 Tibullus
441 369 709 425 praeterea
766 358 918 408 etiam
976 361 1126 426 specie
1175 353 1588 425 personificationis
1642 361 1701 401 ut
1757 350 1846 400 alii

140 454 359 519 passim,
400 453 466 504 de
496 471 604 523 quo
639 453 895 504 nonnulla
934 451 1124 503 addere
1159 449 1351 516 debeo,
1387 447 1692 518 praesertim
1726 463 1843 496 cum

141 551 297 614 vulgo
326 566 435 600 non
457 565 637 600 omnes
661 563 776 597 rem
804 544 1140 611 distinguant.
1209 546 1373 612 Igitur
1400 547 1453 596 in
1483 545 1583 596 hoc
1615 545 1655 607 1,
1677 548 1726 606 8,
1745 541 1813 590 48
1831 559 1858 594 t.

141 662 231 692 non
275 644 420 694 tardo
463 642 637 691 labitur
681 642 763 690 illa
806 636 993 708 (aetas)
1035 642 1184 707 pede,
1238 650 1298 691 ut
1339 638 1479 707 apud
1517 636 1846 706 Lygdamum

143 738 333 799 111‚5,
371 739 481 798 16.,
521 750 630 784 non
670 739 748 817 est
784 750 911 785 vera
945 731 1358 799 personificatio,
1406 753 1502 786 uec
1537 750 1767 801 persona
1798 740 1850 791 et

143 830 238 880 dea
273 839 348 880 est
383 810 611 911 ειῐιΜ5ζΜ
744 838 750 842 “
803 827 905 879 cies
939 837 1144 879 tantum
1178 826 1650 895 personificationis
1685 816 1861 880 habea-

142 936 254 985 tur
272 921 374 987 Ost„
452 928 453 931 ’
510 908 569 930 ’Ν
591 911 659 1015 ἦῆ,
693 900 970 1002 Qun,
1022 932 1080 975 ut
1127 923 1180 987 Ι,
1223 929 1318 986 10,
1357 923 1443 974 34.
1486 932 1538 974 et
1575 924 1641 988 Ι,
1668 926 1724 986 1,
1763 929 1863 974 70..

142 1010 401 1093 sm
424 988 674 1099 143ny
675 1004 924 1089 m
956 1018 1106 1069 herba
1137 1020 1240 1069 Ῑοοί
1268 1017 1469 1086 accipe,
1510 1027 1563 1069 et
1592 1017 1659 1082 ΙΙ,
1688 1023 1736 1083 5,
1768 1025 1854 1069 75.

141 1101 309 1181 1ρῦῒί
348 1118 493 1164 etiam
507 1056 725 1202 w
746 1112 981 1181 desectum
1026 1115 1195 1164 lumine
1242 1114 1354 1164 vidit
1386 1115 1587 1179 Iungere
1631 1115 1856 1182 pallentes

141 1210 347 1260 nubilus
366 1197 562 1273 ,18ῃηῖἷῖ
557 1203 761 1281 Μ
769 1225 857 1261 res
913 1209 1066 1260 etiam
1122 1208 1328 1260 clarior.
1419 1208 1680 1260 Notamus
1736 1208 1854 1261 alia.

143 1302 322 1354 Carm.
335 1274 436 1368 Ἡ,
461 1286 782 1385 Ξῗέῖῗὶΐῇι
802 1300 1008 1356 'Praeda
1033 1301 1179 1370 feras
1213 1308 1341 1354 acies
1383 1307 1527 1355 cinxit
1562 1305 1855 1355 discordibus

145 1402 325 1449 armis.-
341 1425 414 1436 —
447 1382 952 1463 mafflossrussrt
976 1403 1218 1462 geminare
1235 1401 1449 1466 pericula
1475 1410 1618 1467 ponto
1652 1399 1858 1465 legitur,

145 1504 197 1543 et
234 1495 275 1557 Ι,
303 1501 351 1556 3,
378 1498 474 1544 37·
505 1496 644 1560 pinus
677 1501 1018 1561 contempserat
1054 1494 1210 1543 undas
1246 1493 1429 1545 eodem
1472 1494 1630 1545 modo
1660 1492 1856 1546 dictum

143 1591 256 1638 sine
291 1585 747 1654 personificatione
780 1603 938 1651 vera3
980 1585 1102 1637 satis
1133 1587 1291 1639 etiam
1321 1589 1615 1657 explicatur
1644 1607 1674 1639 a
1704 1590 1859 1639 nobis

143 1686 184 1748 Ι,
215 1690 265 1748 7,
296 1682 410 1734 init.
445 1683 545 1733 dies
581 1683 782 1746 nataIiS,
831 1682 1105 1750 Aquitanas
1144 1686 1231 1751 qui
1255 1692 1411 1751 posset
1430 1681 1641 1750 fundere
1687 1694 1861 1749 gentes,

146 1776 589 1846 quemadmodum
633 1777 690 1828 in
728 1774 1119 1828 Commentario
1164 1775 1383 1830 videbis.
1457 1780 1730 1831 Postremo
1777 1780 1860 1830 in-

146 1871 263 1924 dico
311 1870 565 1922 eximium
617 1870 674 1921 in
721 1871 824 1922 hoc
870 1889 1061 1937 genere
1104 1873 1280 1924 locum
1332 1873 1424 1936 IV,
1462 1880 1510 1935 7,
1549 1878 1596 1924 9.
1635 1868 1714 1925 de>
1750 1891 1858 1941 quo

143 1968 269 2018 item
322 1967 378 2017 in
426 1965 792 2033 Explicatione
841 1964 971 2018 dixi.
1069 1967 1213 2018 Haec
1264 1965 1424 2032 igitur
1472 1977 1526 2018 et
1574 1968 1699 2019 talia
1749 1985 1860 2020 non

146 2070 271 2114 sunt
315 2079 452 2129 quae
500 2062 720 2129 proprie
769 2059 1020 2114 dicendae
1074 2059 1558 2129 personificationes
1576 2100 1590 2128 ,
1657 2062 1779 2114 licet
1832 2081 1862 2113 a

148 2156 324 2207 multis
360 2153 718 2208 confundatur
755 2165 1044 2226 utrumque
1086 2164 1279 2223 genus,
1333 2155 1600 2208 illustrant
1635 2174 1764 2210 vero
1805 2167 1862 2207 ut

89 2264 92 2266 ’
150 2251 251 2301 alia
297 2252 547 2302 translata
594 2251 758 2303 verba
805 2249 1038 2304 suaviter
1085 2251 1403 2312 orationem,
1472 2252 1517 2301 si
1572 2250 1864 2302 artificiosis

152 2356 203 2396 et
258 2346 410 2395 nimis
469 2342 756 2396 audacibus
809 2343 994 2396 formis
1047 2342 1275 2395 abstinet
1327 2343 1569 2410 scriptor.
1671 2344 1865 2395 Monui

151 2440 426 2507 aliquoties
463 2436 527 2489 de
565 2436 747 2490 eadem
793 2456 849 2491 re
891 2436 954 2490 ad
994 2435 1297 2490 Pindarum.
1371 2437 1446 2487 Ac
1483 2436 1547 2487 de
1588 2438 1864 2491 rhetoricis

148 2536 307 2585 rebus
353 2532 600 2584 dlximus.

257 2723 565 2776 Accedimus
609 2741 752 2775 nunc
797 2721 863 2775 ad
910 2723 1129 2775 alteram
1170 2741 1350 2776 rerum
1389 2735 1591 2794 partem
1638 2734 1689 2776 et
1726 2723 1866 2775 dice-

151 2838 267 2872 mus
317 2821 472 2871 etiam
521 2818 584 2870 de
632 2823 962 2884 grammaticis
1007 2821 1147 2871 rebus
1159 2858 1176 2884 ,
1238 2818 1365 2888 quid
1416 2821 1472 2871 in
1525 2820 1627 2871 hoc
1674 2836 1866 2886 genere

150 2915 435 2969 notabilius
468 2915 662 2964 habeat
695 2913 956 2966 Tibullus.
1039 2916 1269 2966 Possunt
1303 2915 1431 2969 vero
1470 2915 1625 2967 etiam
1668 2916 1867 2982 simpli-

152 3013 317 3062 ciores
354 3009 636 3076 scriptores
670 3006 757 3059 hic
789 3007 896 3059 illic
932 3010 1137 3060 rariora
1171 3026 1372 3077 ponere
1410 3020 1460 3060 et
1495 3019 1728 3077 ponunt,
1775 3009 1865 3060 sed

151 3121 261 3155 non
296 3114 494 3155 temere
529 3104 867 3171 frequentant
900 3105 1135 3168 rariora,
1180 3122 1275 3155 nec
1315 3103 1361 3165 *si
1399 3103 1525 3172 quid
1571 3103 1868 3167 admittunt,

151 3198 223 3249 ita
266 3197 534 3264 negligunt
578 3197 710 3248 fines
753 3197 1007 3248 orationis
1049 3215 1204 3263 suae,
1255 3207 1311 3249 ut
1347 3216 1476 3251 vera
1519 3197 1868 3267 discrepantia

155 3292 382 3344 exsistat.
471 3289 575 3343 Sed
625 3289 894 3344 videamus
943 3292 1234 3346 Tibullum.
1322 3293 1558 3345 Primum
1608 3294 1867 3345 notabiles

1292 3403 1341 3435 m
1375 3392 1407 3434 2
