2158 3750
698 273 879 326 LIBR.
919 275 959 324 Ι.
1032 272 1232 326 ELEG.
1270 273 1412 325 VIII.
1771 279 1865 325 171

163 415 365 460 adhibitis
410 417 642 462 Hermon
687 424 733 462 et
787 420 989 463 Vossmn
1044 418 1100 461 ud
1159 419 1279 473 Virg.
1332 402 1490 472 Eclogfi
1539 416 1658 470 VIII,
1699 419 1772 459 71.
1823 421 1868 459 et

163 498 380 549 Bicnmu
411 500 466 543 ad
497 500 625 544 ovid.
659 501 772 544 Met.
802 500 902 552 vll,
927 502 1032 542 203.
1096 498 1295 542 Observa
1330 499 1513 554 denique
1553 497 1867 554 oppositionem

124 586 126 588 '
161 592 302 623 rerum
335 582 378 623 in
409 580 607 625 disticho.
667 581 833 624 Cautus
862 585 1010 623 movet
1038 593 1151 634 quae
1181 581 1431 634 immobilia,
1461 581 1611 636 fruges
1637 579 1867 622 traducens

162 664 217 706 ab
247 664 388 718 agris,
418 669 464 708 et
492 663 655 707 inhibet
684 677 738 707 ac
767 663 935 706 detinet
965 675 1077 716 quae
1107 663 1285 705 mobilia
1314 664 1528 717 maxime,
1558 663 1764 719 impetum
1787 673 1865 704 au-

163 746 262 800 guis
293 745 513 789 cohibens.
541 767 603 778 -·
645 745 859 788 Lunam
890 744 1202 798 deducere,
1232 745 1287 789 cf.
1318 744 1373 788 ud
1402 745 1438 799 l,
1468 747 1512 798 2,
1543 747 1618 788 45.
1649 764 1707 775 ·-
1736 755 1867 787 aera
1916 742 1924 745 ’

162 830 416 884 repulsa,
458 828 499 871 h.
533 841 573 872 e.
611 828 820 881 multum,
861 827 1096 871 identidem
1125 828 1274 884 pulsa,
1317 832 1368 870 ut
1397 836 1516 870 recte
1546 827 1736 872 Vossxus
1767 840 1864 870 mo·

161 921 265 951 uere
290 909 474 962 videtur,
502 908 560 951 cf.
581 908 618 961 1,
641 911 686 961 3,
708 910 783 952 24.
843 908 1091 951 Credebant
1122 906 1316 950 homines
1346 908 1558 952 laboranti
1587 910 1714 952 lunae
1746 922 1866 963 cym-

162 992 355 1034 balorum
384 996 432 1034 et
463 992 655 1047 pelvium·
679 991 824 1034 souitu
851 990 1060 1034 auxilium
1089 1004 1139 1035 se
1169 991 1282 1034 ferre
1313 1005 1456 1048 posse.
1503 992 1741 1036 Murmur..
1763 993 1865 1047 XII,

157 1076 241 1116 57:
289 1072 406 1114 dicet
449 1079 559 1130 quot
597 1086 708 1115 aera
744 1070 975 1116 verberent
1018 1087 1179 1115 manus
1210 1072 1335 1115 urbis
1350 1101 1362 1122 ,
1409 1089 1508 1116 cum
1539 1083 1664 1116 secta
1707 1075 1865 1118 Colcho

157 1153 270 1196 luna
299 1153 487 1210 vapulet
514 1152 715 1202 rhombo„
735 1154 936 1198 laudante
966 1157 1164 1199 Vunmo.
1216 1155 1326 1198 Add.
1359 1157 1496 1200 Ovm.
1527 1158 1636 1200 Met.
1660 1158 1736 1212 IV,
1760 1162 1863 1202 333.

157 1237 271 1282 vide
299 1239 430 1281 etiam
460 1238 743 1282 Huscmtm
761 1243 819 1282 -et
847 1239 1294 1292 Wunneurcmuu,
1337 1243 1384 1282 et
1412 1238 1469 1281 ed
1501 1238 1642 1282 Tacit.
1685 1240 1795 1283 Anu.
1829 1240 1865 1293 1,

156 1325 233 1365 28.
275 1323 575 1366 RUPBR‘rnm.
627 1322 795 1371 Narrat
822 1323 926 1367 Ltv.
954 1323 1121 1376 XXVI,
1150 1326 1206 1367 5:
1238 1323 1456 1380 disposita
1487 1323 1536 1366 in
1565 1322 1706 1366 muris
1736 1326 1866 1365 Cam-

151 1419 375 1462 panorum
403 1403 591 1447 imbellis
619 1403 869 1447 multitudo
898 1411 1082 1446 tantum
1111 1419 1212 1446 cum
1241 1404 1362 1446 aeris
1398 1402 1595 1460 crepitu,
1638 1403 1788 1462 qualis
1817 1403 1864 1445 in

161 1486 343 1544 defectu
370 1484 507 1530 lunae
537 1486 690 1530 silenti
719 1494 849 1531 nocte
881 1486 989 1529 cieri
1015 1486 1156 1534 solet,
1184 1486 1327 1528 edidit
1358 1486 1609 1528 clamorem.
1638 1509 1699 1519 —-
1728 1487 1864 1530 Deni-

158 1582 244 1624 que
267 1568 1115 1626 constructionemattendesemporum:
1146 1567 1475 1622 faceret,‘si
1505 1581 1613 1612 nou
1643 1573 1862 1621 sonent,

157 1653 229 1696 cni
257 1651 567 1698 similemssvide
595 1652 785 1696 Vnum..
816 1653 983 1706 Georg.
1019 1651 1098 1704 lv,
1129 1653 1216 1693 116
1247 1664 1341 1706 sqq.
1386 1655 1431 1693 et
1473 1650 1588 1694 conf.
1630 1650 1859 1695 Dissertat.

157 1735 214 1778 de
242 1734 418 1780 Elocut.
447 1735 623 1781 Tibulli.
650 1758 712 1768 —
769 1735 824 1780 V.
853 1738 928 1780 23.
971 1735 1260 1779 nocuisse.
1318 1734 1550 1790 Proprium
1593 1733 1772 1777 verbum
1816 1735 1858 1777 in

158 1830 207 1861 re
235 1818 430 1872 magica,
473 1818 607 1861 veluti
647 1817 785 1861 Ovm.
828 1818 923 1862 Am.
953 1817 1034 1869 111,
1064 1822 1108 1871 7,
1137 1820 1223 1860 272
1272 1830 1380 1858 num
1413 1815 1572 1859 misero
1607 1831 1785 1858 carmen
1815 1825 1860 1858 et

157 1901 293 1944 herba
321 1901 514 1946 nocent?
571 1902 844 1946 Huscmmrs
881 1907 1029 1946 mouet
1065 1915 1091 1945 e
1122 1902 1306 1945 Graecis
1348 1902 1613 1956 respondere
1643 1915 1682 1944 v.
1715 1901 1861 1957 ὃηλεῖ-

155 1987 290 2034 σθαι,
331 1983 592 2028 ΤιιΒοσιιιτ.
621 1983 702 2038 lx,
729 1986 807 2026 37.
868 1982 982 2027 Vide
1010 1983 1255 2026 Vmerus.
1285 1981 1342 2024 ad
1373 1984 1571 2025 Ammon.
1603 1998 1645 2039 p.
1675 1985 1781 2025 222.
1813 1989 1861 2025 et

155 2069 450 2112 Mmscussnr..
479 2067 537 2110 ad
565 2066 728 2121 Hymn.
758 2065 891 2108 Hom·
919 2065 963 2107 in
998 2063 1149 2107 Cerer.
1178 2066 1286 2107 228.
1315 2086 1374 2094 —
1425 2064 1480 2108 V.
1510 2067 1585 2108 25.
1615 2067 1688 2106 26.
1750 2064 1858 2106 Cum

154 2151 321 2196 Pholoe
356 2151 578 2206 nequitias
624 2151 808 2193 leviores
850 2149 1123 2206 permitteret
1167 2145 1398 2200 Marathe,
1450 2144 1520 2188 hic
1566 2144 1861 2201 imprudenter

79 2249 84 2253 “
154 2242 275 2281 tactu
314 2237 486 2293 puellae
532 2236 738 2292 propiore
785 2239 832 2278 et
877 2234 1144 2277 diuturniore
1185 2233 1407 2286 ingentem
1449 2230 1729 2286 cupiditatem
1777 2231 1859 2272 sibi

154 2319 436 2371 accenderat,
479 2317 605 2360 cuius
641 2315 900 2362 temeritatis
928 2327 1043 2358 nnnc
1073 2326 1236 2370 poenas
1277 2313 1366 2356 dat.
1428 2313 1609 2355 Poetam
1643 2316 1747 2368 puta
1778 2311 1858 2354 hoc

155 2415 241 2446 nou
285 2401 378 2445 siue
420 2399 620 2443 irrisione
666 2399 926 2453 siguificare.
999 2397 1170 2442 Verba:
1230 2395 1436 2440 femori
1481 2396 1859 2439 conseruisse

156 2482 338 2526 femur
367 2486 497 2532 ‚recte
536 2481 757 2524 Hermus
789 2484 835 2522 et
866 2479 1059 2522 Vossius
1090 2477 1145 2521 ad
1182 2477 1378 2520 convivia
1412 2475 1609 2531 trahunt,
1652 2477 1726 2520 ubi
1759 2477 1859 2520 Ma-

154 2564 303 2608 rathus
343 2577 479 2621 prope
516 2563 713 2608 Pholoen
759 2564 804 2608 in
844 2567 942 2607 toro
983 2563 1209 2607 cubuerat.
1279 2561 1402 2603 Talis
1444 2565 1512 2603 est
1555 2561 1677 2603 locus
1717 2560 1856 2603 Ovrn.

156 2648 324 2692 Amorr.
353 2645 390 2699 I,
419 2646 463 2699 4,
491 2647 575 2689 43:
607 2644 702 2687 Nec
721 2644 892 2703 femori
922 2642 1143 2686 committe
1163 2641 1346 2700 femur,
1377 2656 1456 2683 nec
1495 2657 1624 2684 crure
1658 2642 1854 2688 cohaere,

152 2744 231 2772 nec
260 2737 460 2772 tenerum
489 2729 603 2771 duro
643 2743 744 2771 cum
779 2728 892 2786 pede
933 2727 1068 2786 iunge
1091 2725 1265 2783 pedem.
1338 2726 1398 2769 Et
1438 2723 1600 2768 cubare
1638 2725 1702 2766 ad
1729 2724 1855 2766 latus

152 2813 267 2856 idem
306 2811 490 2855 Hei-oid.
521 2812 580 2867 11,
618 2815 693 2856 58.
728 2812 859 2856 dicit:
907 2811 1044 2854 lateri
1083 2809 1356 2853 conseruisse
1400 2808 1551 2856 latus,
1595 2820 1852 2864 quamquam

153 2897 211 2939 ibi
241 2896 299 2939 de
327 2897 444 2940 lecto
474 2895 692 2951 coniugali
721 2907 880 2939 nermo.
950 2894 1116 2938 Tamen
1152 2893 1282 2936 etiam
1321 2892 1408 2934 illic
1446 2891 1571 2934 abest
1602 2890 1854 2934 concubitus

153 2979 428 3034 significatio.
490 2978 634 3033 Atque
663 2975 1021 3020 haec-hactenus.
1079 2974 1207 3018 Nunc
1239 2973 1282 3016 id
1317 2974 1410 3028 agit
1439 2977 1568 3030 poeta
1597 2977 1646 3015 ut
1675 2983 1853 3015 succur-

152 3068 218 3105 rat
249 3061 348 3104 huic
375 3061 522 3114 malo,
563 3059 680 3115 quod
718 3059 800 3102 sibi
829 3058 1122 3115 imprudenter
1161 3056 1306 3100 attulit
1351 3068 1486 3111 puer,
1531 3053 1704 3098 hortans
1734 3052 1852 3098 Pho-

156 3144 279 3196 loen,
308 3156 365 3186 ne
395 3141 582 3185 difficilis
612 3142 684 3185 sit·
744 3142 871 3187 Quae
902 3153 972 3184 res
1001 3139 1140 3182 tribus
1170 3139 1276 3182 locis
1307 3141 1531 3181 tractatur.

271 3227 323 3271 V,
353 3228 534 3269 27-52.
595 3225 838 3269 Primum
879 3222 1231 3268 commendat
1261 3223 1489 3279 puellae
1533 3220 1852 3278 pulchritu-

154 3309 334 3351 dinem
365 3309 530 3364 pueri
564 3314 818 3351 teneram
863 3306 1156 3352 fruendam
1202 3319 1338 3363 prae
1380 3310 1685 3349 senectute
1726 3306 1850 3347 cani

154 3392 430 3435 amatoris
475 3391 704 3444 divitis,
766 3403 909 3447 quae
957 3389 1166 3446 gaudia
1216 3391 1261 3432 si
1315 3388 1672 3443 neglexerit,
1732 3385 1852 3428 dum
