2086 3756
213 229 347 263 crxx
892 213 987 261 DE
1027 208 1226 265 POESI

210 347 424 417 quidem
479 368 545 401 ex
599 364 754 402 sensu
807 349 910 400 loci
965 350 1217 417 cuiusque
1273 346 1582 415 explicanda
1637 341 1745 400 esse
1798 347 1911 413 ipsa

208 441 438 495 definitio
483 445 653 511 posita
692 443 870 507 docet,
931 462 988 494 ac
1035 444 1263 510 pertinet
1312 444 1416 494 huc
1459 443 1613 492 etiam
1653 442 1911 508 prolepsis

205 539 474 589 notissima
512 538 904 589 adiectivorum.
974 539 1213 598 Alterum
1248 555 1374 591 vero
1408 554 1570 603 genus
1601 536 1756 600 vulgo
1794 535 1912 584 ubi-

207 650 310 699 que
344 633 414 681 ita
443 633 572 698 poni
603 630 847 695 credunt,
882 642 939 682 ut
967 633 1163 683 nullam
1191 632 1296 685 vim
1327 633 1384 682 in
1419 632 1672 682 sententia
1702 630 1912 679 habeat.

203 724 290 775 Sic
337 726 576 794 Heynius
625 724 692 777 ad
738 726 817 792 ΙΙ,
863 731 922 789 6,
959 733 1009 777 8.
1057 726 1268 778 scribit:
1335 726 1622 791 „Debebat
1670 724 1910 774 Brouck-

201 818 385 869 husius
421 831 667 887 reputare
701 838 854 888 saepe
892 819 1012 872 addi
1047 822 1350 872 nominibus
1386 819 1640 886 epitheta,
1678 834 1813 885 quae
1843 817 1908 866 iis

199 915 418 981 propria
455 926 503 965 et
538 926 820 982 perpetua,
859 932 1179 984 quamquam
1214 933 1325 966 non
1364 913 1494 964 adeo
1530 929 1768 978 magnam
1802 911 1909 962 vim

198 1007 256 1056 in
295 1026 357 1058 eo
394 1010 596 1075 positu,
645 1028 801 1078 quem
839 1020 1123 1077 occupant,
1167 1010 1443 1060 habeant.”
1526 1008 1590 1058 In
1627 1022 1734 1074 quo
1774 1006 1908 1054 male

200 1102 377 1167 epicus
422 1121 546 1153 usus
584 1105 897 1154 transfertur
935 1103 1001 1152 ad
1038 1101 1181 1153 aliud
1217 1119 1381 1168 genus
1418 1118 1654 1168 poeseos.
1724 1098 1908 1149 Enim-

196 1212 325 1245 vero
365 1195 592 1261 epitheta
625 1198 754 1246 haec
790 1206 1047 1262 perpetua
1082 1211 1345 1262 nusquam
1380 1196 1437 1242 in
1474 1194 1556 1243 his
1590 1193 1904 1244 carminibus

199 1287 367 1337 otiosa
411 1298 533 1338 sunt
582 1299 633 1339 et
678 1290 791 1340 sine
839 1289 894 1342 vi
942 1289 1035 1339 ubi
1082 1290 1354 1353 leguntur,
1407 1285 1552 1355 quod
1597 1303 1694 1353 per
1737 1296 1906 1336 totum

197 1382 469 1433 Tibullum
507 1382 728 1435 ostendi.
798 1386 940 1434 Male
976 1383 1134 1450 igitur
1174 1393 1280 1434 atro
1315 1386 1484 1432 viscere
1526 1382 1581 1440 I,
1619 1387 1682 1444 3,
1722 1385 1807 1431 76.
1842 1379 1906 1430 de

198 1476 473 1540 nigricanti
521 1479 694 1529 colore
741 1479 928 1529 iecoris
982 1495 1049 1528 ex
1097 1488 1286 1527 natura
1337 1476 1621 1543 accipitur,
1679 1485 1732 1525 et
1777 1476 1908 1526 dura

187 1570 323 1636 falce
361 1574 415 1638 Ι,
456 1580 503 1638 7,
543 1575 628 1624 34.
669 1592 735 1623 ex
770 1574 945 1639 rigore
983 1574 1110 1623 ferri
1148 1572 1468 1639 explicatur,
1520 1590 1655 1639 quae
1697 1571 1907 1625 inutiles

195 1667 354 1731 plane
395 1667 636 1719 notiones
683 1668 740 1716 in
786 1669 867 1717 his
912 1669 1070 1732 locis,
1122 1684 1240 1716 cum
1276 1683 1434 1719 verus
1471 1681 1655 1728 sensus
1695 1675 1906 1731 apertus

196 1762 279 1812 sit.
349 1763 411 1811 In
446 1764 622 1829 priore
659 1765 776 1813 loco
815 1762 878 1813 de
914 1765 1038 1826 tabo
1076 1772 1190 1813 atro
1235 1760 1376 1812 adesi
1411 1759 1598 1810 iecoris
1636 1760 1906 1824 cogitatur,

194 1854 254 1904 in
293 1858 582 1922 posteriore
618 1858 730 1907 falx
766 1855 899 1907 dura
942 1866 1047 1907 est:
1094 1873 1228 1925 quae
1266 1872 1375 1906 non
1413 1854 1581 1922 parcit
1610 1852 1906 1913 frondibus.

198 1949 303 2001 Sed
352 1969 611 2018 ponamus
659 1954 778 2003 alia.
856 1953 952 2003 ¹Sic
999 1954 1052 2016 Ι,
1091 1960 1148 2015 7,
1189 1956 1275 2003 52.
1317 1961 1457 2010 recte
1511 1951 1700 2015 legitur
1746 1951 1906 2001 mollia

194 2054 325 2094 serta
367 2045 424 2094 in
463 2048 716 2095 laetarum
757 2063 934 2096 rerum
979 2045 1358 2112 descriptione,
1409 2054 1594 2096 contra
1634 2044 1711 2108 ΙΙ,
1754 2049 1812 2109 1,
1851 2050 1904 2094 6.

180 2140 349 2206 florea
383 2150 513 2190 serta
554 2150 780 2206 praestat
827 2157 944 2190 cum
982 2141 1147 2191 festus
1189 2141 1399 2190 habitus
1438 2137 1755 2205 designetur.
1833 2139 1904 2189 At

193 2232 246 2297 Ι,
294 2238 354 2297 6,
395 2234 487 2284 fin.
539 2239 746 2284 stamina
796 2244 925 2284 torta
977 2245 1027 2284 et
1065 2233 1226 2301 firma
1279 2235 1390 2283 licia
1443 2231 1690 2290 dicuntur
1740 2232 1905 2300 ipsius

198 2338 467 2378 accuratae
518 2326 881 2396 descriptionis
928 2345 1116 2392 causa,
1187 2345 1322 2395 quae
1370 2327 1447 2377 ibi
1498 2344 1746 2393 magnum
1779 2343 1907 2383 -sarq

196 2439 428 2472 casmum
461 2423 649 2487 habet,
687 2434 746 2474 ut
780 2424 828 2486 Ι,
866 2424 924 2487 4,
963 2428 1013 2473 8.
1057 2440 1203 2472 curoa
1233 2421 1382 2489 falx,
1423 2439 1542 2472 cum
1567 2421 1798 2489 'Priapus
1837 2439 1904 2472 ex

195 2518 384 2568 habitu
419 2517 639 2569 solemni
675 2516 977 2583 designetur
1009 2527 1060 2567 et
1089 2515 1349 2581 designari
1381 2515 1460 2566 ibi
1490 2514 1692 2566 debeat.
1763 2516 1904 2571 Vos-i

200 2612 308 2661 sius
358 2613 492 2662 male
544 2621 595 2662 et
647 2610 896 2661 audacter
947 2614 1151 2660 minante
1196 2611 1400 2673 intulit,
1465 2608 1610 2676 quod
1657 2608 1904 2660 alienum.

194 2705 248 2756 N
251 2724 308 2756 ec
344 2707 412 2769 ΙΙ,
441 2709 497 2769 5,
527 2711 611 2755 96.
644 2708 757 2756 levis·
782 2687 954 2755 umbra
983 2705 1202 2755 mobilis}
1222 2721 1331 2754 esse
1364 2713 1563 2770 potest,
1605 2713 1663 2752 ut
1690 2702 1902 2771 Heynio

199 2799 421 2865 placuit,
460 2798 551 2850 sed
588 2809 665 2850 est
701 2797 856 2850 credo
894 2815 1003 2848 non
1041 2798 1194 2860 nimis
1232 2795 1411 2848 densa.
1482 2796 1557 2847 Ut
1593 2795 1735 2848 aliud
1773 2799 1901 2848 affe·-

197 2912 340 2959 ram,
396 2912 554 2946 versu
601 2895 653 2958 Ι,
692 2899 721 2944 3
737 2931 751 2957 ,
791 2899 876 2944 86.
924 2894 1133 2944 deducat
1177 2895 1315 2959 plena
1361 2897 1569 2943 stamina
1616 2895 1758 2956 longa
1805 2895 1904 2944 colo

201 2987 514 3040 describitur
547 2987 806 3038 industria
842 2987 1094 3050 mulieris,
1140 2988 1366 3037 femineo
1403 3005 1562 3054 opere
1596 2988 1667 3037 sic
1704 2997 1758 3038 ut
1782 2969 1906 3040 fieri

200 3081 355 3134 debet
391 3092 698 3149 occupatae3
739 3092 815 3132 est
848 3082 1005 3147 igitur
1041 3082 1197 3147 plena
1227 3083 1372 3132 colus
1412 3091 1463 3131 et
1494 3080 1715 3143 stamina
1746 3081 1904 3146 longa

203 3176 468 3228 ducuntur
516 3175 716 3227 sedulo.
809 3175 1136 3226 Luculentus
1184 3178 1331 3227 locus
1384 3186 1460 3226 est
1513 3176 1568 3226 in
1618 3176 1722 3226 fine
1773 3176 1902 3242 eleg.

196 3273 271 3337 ΙΙ,
314 3277 368 3336 1,
406 3273 497 3322 ubi
535 3270 708 3321 denuo
749 3289 866 3321 cum
904 3273 1169 3337 voluptate
1209 3287 1508 3336 cognoscaS,
1546 3272 1588 3321 si
1623 3268 1902 3322 Commen-
