2086 3756
838 194 1151 251 TIBULLI.
1727 219 1845 253 cxm

144 342 260 392 libro
284 341 444 393 huius
476 339 790 393 collectionis
816 341 1038 392 verbum
1062 339 1297 392 addatur.
1364 341 1440 392 Ac
1461 343 1691 409 primum
1727 345 1846 413 qui..

146 434 266 486 dem
294 436 581 486 carminum
618 450 818 510 eorum,
853 435 1045 501 quibus
1074 435 1333 503 Sulpiciae
1358 447 1410 487 et
1435 436 1673 490 Cerinthi
1703 458 1847 492 amo-

143 547 228 580 res
265 540 552 593 canuntur,
594 545 679 578 me
715 527 987 578 Tibullum
1039 541 1304 582 auctorem
1350 531 1545 582 habere
1581 550 1698 584 cum
1735 535 1849 586 aliis

145 641 304 690 supra
340 622 530 675 vidisti.
597 618 931 688 Quamquam
966 621 1125 686 igitur
1158 625 1287 675 haec
1322 626 1504 677 brevia
1543 639 1849 693 argumenta

143 717 487 768 divisionibus
531 731 726 765 rerum‘
761 714 820 764 in
860 723 1035 780 partes
1080 716 1442 784 frequentibus
1490 723 1664 774 minus
1714 735 1850 792 apta,

141 821 314 862 tamen
350 812 452 860 hoc
490 809 765 860 artificium
799 809 1159 859 Tibullianum
1204 813 1398 876 passim
1442 818 1595 868 etiam
1629 819 1716 870 hic
1759 820 1849 872 ad-

142 905 367 955 hibitum
404 901 582 955 videas
616 901 921 966 manifesto,
964 903 1060 952 ubi
1096 903 1445 958 commodum.

142 1021 235 1086 IV,
249 1026 301 1072 2.
334 1020 480 1072 Illius
519 1037 587 1069 ex
624 1019 819 1084 oculiS,
866 1036 984 1070 cum
1019 1020 1134 1070 vult
1175 1038 1399 1072 exurere
1436 1020 1618 1090 divos,

356 1113 606 1165 Accendit
641 1115 870 1180 geminas
900 1111 1169 1181 lampadas
1204 1133 1324 1167 acer
1357 1100 1542 1170 Amor.

282 1211 457 1274 Illam,
500 1207 757 1277 quidquid
794 1209 922 1274 agit,
967 1218 1186 1278 quoquo
1225 1213 1442 1278 vestigia
1474 1217 1664 1283 movit,

357 1303 640 1370 Componit
676 1302 857 1353 furtim
893 1304 1334 1373 subsequiturque
1372 1307 1569 1361 Decor.

288 1396 394 1449 Seu
425 1398 580 1449 solvit
616 1397 809 1461 crines,
854 1396 983 1447 fusis
1020 1395 1168 1448 decet
1202 1416 1311 1450 esse
1347 1402 1574 1468 capillis:

358 1493 464 1544 Seu
501 1492 749 1559 compsit,
800 1491 1024 1558 comptis
1057 1502 1133 1543 est
1168 1494 1470 1547 veneranda
1506 1499 1682 1551 comis.

285 1585 428 1650 Urit,
471 1604 565 1637 seu
598 1586 764 1654 Tyria
797 1585 968 1637 voluit
1002 1585 1288 1652 procedere
1320 1590 1491 1656 palla:

357 1681 507 1745 Urit,
557 1699 651 1732 seu
686 1681 841 1732 nivea
877 1679 1098 1731 candida
1134 1691 1276 1748 veste
1313 1683 1476 1736 venit.

940 1777 1060 1786 ..—

145 1820 240 1886 IV,
253 1820 305 1872 4.
339 1819 551 1885 Sancte,
588 1821 749 1884 veui,
773 1829 1048 1888 tecumque
1085 1819 1247 1886 feraS,
1285 1823 1588 1890 quicunque
1625 1840 1856 1892 sapores,

364 1912 679 1983 Quicunque
717 1924 770 1966 et
805 1925 986 1965 cantus
1024 1931 1247 1983 corpora
1285 1918 1421 1967 fessa
1454 1919 1650 1970 levant.

146 2053 303 2120 1v‚3.
336 2055 498 2106 Parce
532 2072 650 2106 meo
686 2054 893 2120 iuveni,
944 2072 1037 2105 seu
1079 2054 1195 2122 quis
1234 2055 1376 2106 bona
1409 2073 1603 2122 pascua
1637 2058 1807 2126 campi

364 2148 471 2200 Seu
506 2151 632 2201 colis
666 2150 907 2201 umbrosi
941 2148 1094 2201 devia
1129 2149 1321 2200 montis
1357 2166 1500 2217 aper.

151 2290 284 2343 lbid.
319 2287 452 2353 Quis
487 2290 641 2340 furor
674 2299 775 2353 est,
811 2306 946 2357 quae
981 2306 1156 2353 mens,
1194 2286 1384 2339 densos
1417 2287 1663 2355 indagine
1701 2294 1858 2344 colles

366 2382 709 2435 Claudentem
746 2393 954 2434 teneras
988 2381 1195 2433 laedere
1232 2384 1364 2434 velle
1401 2386 1608 2435 manus?

296 2477 501 2542 Quidve
534 2478 682 2529 iuvat
716 2477 901 2527 furtim
932 2478 1160 2527 latebras
1199 2477 1396 2526 intrare
1435 2478 1670 2528 ferarum

367 2570 709 2641 Candidaque
744 2572 967 2622 hamatis
1007 2589 1156 2621 crura
1191 2581 1375 2620 notare
1411 2568 1598 2623 rubis?

154 2668 337 2723 Collat.
361 2669 480 2720 Tib.
493 2667 702 2732 1‚4‚47:
737 2665 850 2717 Nec
867 2675 918 2716 te
941 2666 1203 2733 paeniteat
1227 2663 1388 2716 duros
1412 2666 1633 2717 subiisse
1653 2666 1862 2718 labores

360 2763 467 2813 Aut
503 2778 667 2829 opera
697 2761 928 2812 insuetas
965 2761 1235 2812 atteruisse
1271 2777 1469 2823 manus,

296 2856 434 2922 Nec,
467 2857 594 2910 velit
627 2854 829 2907 insidiis
865 2855 993 2906 altas
1027 2854 1072 2904 si
1113 2852 1355 2905 claudere
1390 2853 1583 2917 valleS‚

365 2953 513 3003 Dum
547 2952 782 3018 placeas,
827 2951 1012 3001 humeri
1042 2950 1173 3000 retia
1208 2950 1346 2999 ferre
1381 2957 1586 3013 negent.

156 3069 315 3134 Quod
364 3069 505 3121 enim
557 3068 716 3120 simul
773 3068 900 3120 bina
964 3084 1155 3132 genera
1213 3066 1571 3116 membrorum
1629 3063 1865 3129 corporis

156 3168 424 3218 nominata
476 3174 599 3216 sunt
654 3163 712 3213 in
762 3162 845 3214 his
897 3163 1094 3213 ultimis
1145 3161 1440 3223 sententiiS,
1506 3177 1614 3210 non
1670 3169 1864 3209 temere

157 3261 350 3313 fa'ctum
383 3269 536 3327 puta,
572 3254 664 3309 sed
692 3266 911 3325 propter
940 3255 1343 3308 concinnitatem
1370 3254 1666 3317 divisionis,
1709 3267 1866 3319 quam
