2158 3750
343 283 442 330 172
743 278 1210 334 COMMENTAR.
1242 282 1318 334 IN
1356 281 1642 334 TIBULLI

339 424 529 464 aetate
570 420 806 474 floreat,
853 433 953 463 nec
994 420 1331 464 muneribus
1374 420 1546 463 istius
1588 422 1860 465 amatoris
1891 431 2034 464 com-

340 504 571 558 pensari
614 515 716 546 nec
757 504 986 547 artibus
1025 505 1165 548 ullis
1206 508 1411 559 postea
1453 503 1723 546 revocari
1764 516 1949 559 posse.

457 585 512 628 V.
539 587 599 627 27
628 598 722 640 sqq.
782 584 899 628 Nec
934 591 1008 629 tu.
1069 584 1212 628 Etiam
1256 589 1304 626 tu
1351 589 1494 627 tamen
1535 597 1591 628 ne
1635 596 1750 638 auge
1789 585 1946 627 malum
1981 596 2035 625 ex

338 669 472 709 altera
499 672 635 723 parte.
698 669 823 721 Haec
854 683 955 713 vera
986 675 1054 713 est
1081 671 1304 713 iuncturae
1334 669 1460 712 ratio.
1521 669 1928 711 Wunnssnmcmus
1961 681 2038 708 nec

340 757 391 791 tu
423 751 710 806 negligentius
745 751 904 795 dictum
936 757 1084 796 censet
1115 766 1179 809 pr.
1210 757 1259 795 tu
1290 751 1451 806 {gum-3
1484 761 1725 806 perperam.
1752 770 1812 780 —-
1841 748 2041 790 tristia

340 833 518 888 facta,
547 834 767 890 crudelia,
793 842 843 879 ut
867 836 1057 880 Vmen„
1083 838 1191 880 Aen.
1221 836 1278 889 ΙΙ,
1307 838 1410 878 548.
1473 834 1558 877 Hic
1589 834 1727 876 fastus
1756 845 1863 887 erga
1892 845 2038 875 aman—

341 919 428 958 tem
461 915 728 971 iutelligitur.
788 918 1056 972 Frequentes
1086 923 1231 961 autem
1262 915 1344 959 hae
1374 916 1540 969 minae,
1586 916 1801 958 Venerem
1832 925 2040 968 arrogan-

341 997 426 1039 tiae
456 1002 502 1040 et
526 999 753 1055 superbiae
779 1001 976 1044 ultricem
1001 1000 1110 1054 fore,
1138 1000 1194 1045 cf.
1219 1001 1517 1045 Ml‘rscnsm„
1540 999 1595 1042 ad
1623 998 1778 1043 Horat.
1802 997 1883 1051 111,
1907 1000 1980 1050 lo,
1999 1000 2043 1039 9.

343 1081 546 1125 Ceterum
580 1083 623 1126 in
655 1084 739 1127 fine
772 1084 946 1127 uberius
987 1084 1262 1140 persequitur
1290 1086 1432 1128 locum
1464 1083 1519 1128 de
1553 1095 1691 1139 poena
1721 1082 1890 1135 divina,
1930 1092 2042 1124 nunc

343 1163 532 1207 breviter
571 1165 725 1219 tangit.
754 1188 812 1196 —
857 1165 1093 1208 Munera
1135 1179 1234 1209 nec
1277 1179 1496 1223 poscas.
1558 1166 1681 1208 Bene
1719 1166 2043 1208 Lacunannus

343 1246 541 1300 copulam
581 1248 823 1300 revocavit,
867 1249 998 1292 etiam
1041 1249 1208 1293 VossIo
1249 1250 1488 1306 probatam.
1560 1247 1796 1291 Transiens
1835 1247 1948 1291 enim
1990 1247 2044 1290 ad

345 1327 516 1382 singula
547 1330 794 1384 eleganter,
823 1334 872 1372 ut
903 1343 1062 1386 saepe,
1093 1331 1250 1386 copula
1279 1331 1442 1385 utitur,
1469 1329 1526 1373 cf.
1554 1329 1674 1382 adl,
1704 1332 1750 1383 6,
1778 1330 1851 1373 11.
1911 1327 2046 1372 Vide-

341 1413 414 1450 tur
443 1413 587 1452 autem
617 1409 784 1454 Pholoe
814 1424 943 1454 avara
974 1411 1109 1454 fuisse
1143 1416 1189 1454 et
1218 1411 1339 1454 diviti
1369 1411 1462 1454 seni
1492 1411 1675 1454 amatori
1715 1409 1887 1464 dedita,
1930 1409 2046 1452 unde

343 1505 422 1546 per
451 1497 589 1536 totum
628 1495 771 1537 locum
799 1499 1053 1550 sequentem
1094 1494 1329 1552 opponitur
1365 1475 1554 1538 suavitas
1582 1491 1778 1537 iuvenilis
1807 1490 2047 1548 pulchritu

343 1573 454 1616 dinis
485 1579 530 1617 et
559 1577 718 1620 amoris
748 1578 995 1622 muneribus
1025 1584 1072 1622 et
1102 1580 1316 1623 senectuti
1355 1579 1454 1623 cani
1483 1577 1703 1623 amatoris.
1775 1578 1876 1624 Qua
1905 1589 2046 1632 oppo-

344 1658 500 1702 sitione
529 1660 664 1703 sentis
695 1662 823 1705 etiam
856 1663 1068 1718 poeticam
1100 1663 1183 1708 vim
1216 1675 1359 1706 rerum
1392 1663 1572 1706 multum
1600 1660 1766 1716 augeri.
1796 1683 1853 1692 —
1885 1659 2045 1702 molli

345 1753 429 1783 non
454 1742 641 1795 otiatur3
668 1743 822 1798 frigida
851 1744 1044 1787 membra
1072 1744 1203 1788 etiam
1226 1743 1371 1799 rigida
1394 1751 1506 1787 sunt.
1522 1765 1580 1775 —-
1613 1744 1666 1786 V.
1693 1745 1748 1785 31
1770 1754 1866 1797 sqq.
1895 1739 2048 1784 levia

346 1837 442 1868 ora
484 1825 740 1880 fulgent,
775 1832 823 1870 ut
851 1829 994 1871 Sum.
1025 1828 1133 1872 Silv.
1164 1829 1242 1881 lv,
1272 1831 1367 1871 652.
1399 1826 1515 1870 olim
1542 1825 1680 1868 etiam
1708 1839 1761 1867 ne
1789 1821 1937 1881 prima
1969 1835 2047 1880 ge-

346 1922 429 1950 nas
459 1908 629 1966 lanugo
659 1908 853 1951 nitentes
894 1917 1152 1969 spargeret,
1197 1910 1397 1953 laudante
1428 1909 1683 1953 Huscmuo.
1758 1908 2047 1950 Gentianus

346 1992 512 2034 confert
542 1993 774 2035 Ammon.
797 1994 954 2036 Rnon-
982 1993 1018 2045 1,
1052 1997 1169 2037 1236
1189 2007 1283 2049 sqq.
1302 2016 1359 2025 -—
1392 2005 1494 2036 nec
1523 2004 1729 2048 aspera
1760 1989 1939 2033 barba
1970 1994 2050 2031 te-

347 2076 446 2127 rit,
489 2081 535 2117 et
565 2076 632 2118 cui
665 2088 748 2118 non
779 2076 911 2119 barba
944 2081 1011 2118 est
1041 2089 1220 2132 aspera,
1266 2086 1377 2131 quae
1407 2081 1530 2119 terat.
1594 2075 1662 2118 De
1692 2073 1853 2117 omisso
1885 2082 2040 2128 prono*

346 2159 457 2200 mine
499 2158 552 2201 cf.
597 2158 758 2201 Tibull.
787 2159 845 2211 Il,
875 2162 920 2212 3,
949 2162 1020 2203 54.
1070 2160 1146 2213 IV,
1175 2163 1219 2212 2,
1255 2163 1348 2213 17.,
1405 2164 1450 2201 et
1493 2157 1591 2201 vide
1635 2152 2047 2200 snmnrnuuufflad

348 2242 548 2296 Longum
594 2255 694 2298 pag.
728 2245 831 2285 397.
878 2242 1002 2286 huius
1042 2245 1371 2287 constructionis
1416 2245 1586 2286 Graeca
1629 2240 1825 2295 exempla
1868 2237 2050 2295 plurima

347 2328 654 2378 congerentem
685 2328 816 2378 atque
846 2323 975 2366 etiam
1008 2324 1164 2368 Latina
1194 2329 1524 2380 comparantem.
1559 2346 1615 2355 -
1658 2322 1956 2378 amplexus
1986 2332 2049 2375 pr.

345 2405 674 2461 amplectentem
717 2407 928 2462 puellam,
974 2408 1029 2452 cf.
1060 2408 1116 2452 ad
1149 2409 1183 2462 Ι,
1213 2412 1258 2463 2,
1293 2412 1362 2451 11.
1424 2407 1624 2451 Suaviter
1655 2405 1921 2448 Tnssocm'r.
1950 2402 2048 2452 XV,

348 2489 445 2529 128.
488 2487 543 2530 de
575 2488 723 2531 osculo
756 2489 987 2533 Adonidis:
1038 2487 1088 2530 οὐ
1129 2499 1266 2532 κεντεῖ
1305 2486 1355 2531 τὸ
1402 2485 1550 2539 φίλαμ’
1586 2489 1648 2529 ἔτι
1692 2488 1729 2529 οἶ
1772 2488 1869 2544 περὶ
1907 2488 2050 2540 χείλεα
2130 2488 2145 2527 .’

345 2567 503 2626 πυῤῥύ..
536 2595 594 2603 -
642 2579 698 2615 et
738 2585 842 2616 cave
873 2587 938 2631 pr.
972 2581 1023 2616 at
1054 2576 1256 2631 accipias.
1317 2577 1482 2618 Sensus
1513 2575 1720 2630 simplex:
1765 2578 1810 2616 et
1843 2570 1909 2625 his
1937 2583 2048 2626 gau-

344 2653 425 2696 diis
455 2653 560 2697 felix
592 2667 646 2697 ne
678 2668 837 2710 quaere
869 2658 1087 2713 pecunias.
1124 2681 1180 2690 —
1227 2660 1276 2701 V.
1311 2662 1369 2701 35
1401 2672 1496 2713 sqq·
1560 2656 1747 2709 Pholoe,
1790 2667 1889 2700 cum
1921 2656 2050 2698 etiam

344 2738 541 2778 maritum
573 2735 774 2791 haberet,
805 2743 925 2781 recte
957 2739 1215 2781 observante
1242 2738 1464 2791 Hermo,
1497 2751 1578 2794 per
1607 2749 1782 2780 causam
1815 2735 2051 2781 custodiae.

346 2829 428 2869 qua
464 2817 662 2873 impediri
690 2831 739 2862 se
769 2818 965 2871 dicebat,
1015 2819 1203 2862 eluserat
1231 2817 1448 2862 desideria
1481 2821 1629 2876 pueri,
1673 2818 1789 2862 unde
1818 2817 2021 2861 Tibullus
2045 2832 2055 2858 ε

345 2899 416 2941 Sis
445 2899 575 2943 modo
619 2900 756 2943 facilis
797 2913 956 2957 puero,
1001 2905 1046 2943 at
1078 2901 1224 2945 Venus
1265 2902 1635 2957 opportunitatem
1678 2899 1958 2953 monstrabit,
2005 2904 2054 2941 ut
2132 2948 2136 2949 ⁷

349 2981 486 3034 possis
519 2982 602 3024 frui
632 2983 835 3038 amplexu
867 2983 971 3026 eius.
997 3004 1054 3018 —
1085 2985 1344 3028 inveniet
1374 2985 1781 3037 succumbere,
1813 2987 1863 3027 ut
1892 2983 2053 3026 Graeci

346 3057 495 3119 ξιῖρεῖν.
550 3065 689 3107 SOPH.
729 3063 843 3107 Oed·
873 3064 934 3110 R.
970 3067 1080 3108 120:
1129 3066 1171 3107 ἓν
1202 3063 1285 3124 γάρ
1321 3063 1442 3108 πόλλ’
1473 3061 1524 3107 ἷὶν
1557 3061 1713 3123 ἐξεύροι
1741 3067 1930 3114 μαθεῖν,
1980 3063 2048 3106 ubi

347 3148 543 3202 exempla
577 3147 700 3202 plura
731 3147 1033 3191 Musemvws
1063 3152 1296 3204 congessit.
1362 3151 1410 3192 Si
1443 3149 1678 3192 defendere
1720 3147 1828 3190 velis
1867 3145 2052 3189 invenit,

348 3231 563 3284 explices:
597 3233 652 3273 At
685 3232 831 3274 Venus
864 3233 983 3275 novit
1016 3237 1059 3275 et
1091 3239 1264 3289 paratas
1298 3233 1426 3276 habet
1457 3231 1808 3289 opportunitates
1839 3234 1888 3272 ut
1915 3232 2056 3284 possis
2136 3235 2158 3287 J

351 3313 494 3356 furtim
529 3315 608 3357 frui
648 3329 807 3370 puero,
848 3330 1031 3372 sequere
1061 3319 1190 3361 modo
1223 3319 1315 3361 eius
1347 3319 1536 3362 consilia,
1600 3314 1886 3359 Nihilominus
1916 3315 2054 3370 quivis

352 3394 536 3438 futurum
572 3398 703 3440 malit.
738 3421 792 3429 -=
827 3396 948 3441 dnm
984 3404 1182 3454 tumet,
1217 3399 1253 3441 h.
1290 3414 1325 3443 e.
1361 3402 1400 3442 in
1435 3403 1592 3455 vegeto
1625 3398 1730 3442 flore
1759 3398 1914 3442 aetatis
1947 3410 2050 3441 con-
