2086 3756
304 260 423 291 xmv
971 241 1077 290 *DE
1119 237 1319 294 POESI

443 389 537 440 lna
571 395 715 452 regat
753 393 980 450 cunctOS‚
1014 383 1093 435 illi
1127 383 1229 436 sint
1264 384 1439 437 omnia
1478 403 1659 437 curae:

516 485 582 534 Et
617 483 760 534 iuvet
794 481 851 531 in
884 490 992 531 tota
1027 497 1111 530 me
1146 480 1279 531 nihil
1314 497 1422 531 esse
1461 478 1636 533 domo.

302 581 377 630 Ac
422 577 605 630 'statim
660 579 713 627 in
766 576 937 643 prima
988 575 1151 641 elegia
1198 574 1317 627 licet
1364 592 1475 626 non
1530 574 1666 626 dicat
1718 571 1858 626 idem
1907 590 1999 625 ex-

299 675 491 739 pressis
527 671 716 735 verbis‚
751 680 928 720 tamen
968 669 1124 721 etiam
1161 669 1246 721 hic
1282 670 1503 721 rusticae
1538 670 1676 723 vitae
1707 667 2002 721 iucundita-

300 781 404 820 tem
440 780 491 820 et
523 770 707 820 Deliae
744 785 978 819 amorem
1017 767 1090 819 sic
1136 765 1201 820 ad
1250 784 1410 817 unam
1446 766 1542 817 otii
1579 766 1835 817 fortunati
1871 766 2001 815 ima-

299 866 470 929 ginem
509 873 751 916 revocata
781 861 955 926 vides,
1005 873 1064 913 ut
1104 862 1326 913 alterum
1365 863 1430 913 ab
1475 862 1639 912 altero
1676 878 1787 912 non
1824 859 2002 913 videa-

299 970 387 1010 tur
436 970 608 1010 mente
662 958 974 1025 disiungere.
1061 958 1266 1027 Nempe
1321 960 1606 1028 quaerebat
1653 957 1895 1009 Tibullus
1944 958 2001 1008 in

300 1072 475 1106 amore
501 1052 754 1123 placidam
779 1051 1208 1105 consuetudinem
1231 1064 1415 1107 mutua
1438 1053 1540 1104 fide
1565 1071 1817 1118 securam,
1840 1071 2004 1122 quae-

298 1152 446 1200 rebat
475 1149 770 1200 animorum
801 1149 1223 1200 coniunctionem
1253 1147 1537 1198 iucundam
1572 1166 1689 1199 cum
1725 1165 1824 1198 usu
1859 1158 2003 1198 tran-

300 1245 463 1312 quillo
501 1244 734 1310 puellae,
789 1258 899 1291 non
939 1242 1269 1307 voluptatum
1318 1239 1622 1290 dissolutam
1672 1242 2003 1307 varietatem3

297 1338 448 1404 parvi
488 1336 683 1388 ducens
719 1335 953 1398 divitias,
1001 1334 1222 1400 gloriam
1268 1343 1543 1401 ceteraque
1584 1345 1891 1386 ornamenta
1925 1335 2004 1387 vi-

298 1442 382 1482 tae
431 1443 649 1483 externa
697 1449 824 1499 prae
875 1430 1066 1482 amoris
1111 1431 1316 1494 fructu,
1368 1431 1509 1480 hunc
1558 1430 1724 1482 instar
1769 1431 2006 1482 omnium

300 1530 569 1580 censebat:
614 1544 791 1577 amore
817 1536 954 1590 vota,
991 1520 1246 1576 desideria
1273 1542 1368 1576 sua
1397 1525 1628 1576 maxima
1663 1527 2005 1578 contineban-

297 1635 397 1687 tur,
431 1624 516 1673 hic
553 1639 795 1673 curarum
831 1620 1056 1688 requies,
1092 1620 1311 1670 felicitas
1347 1637 1566 1671 summa.
1635 1620 1705 1670 Et
1735 1622 1891 1673 talem
1925 1623 2006 1674 vi-

298 1730 404 1770 tam
441 1737 590 1784 agere
627 1735 745 1769 cum
781 1717 937 1766 Delia
985 1718 1242 1782 cogitabat
1286 1718 1343 1766 in
1379 1717 1517 1767 ruris
1559 1731 1718 1766 aurea
1758 1716 2006 1783 simplici-

296 1823 428 1878 tate,
465 1813 557 1863 ubi
591 1815 718 1863 haec
757 1814 1000 1863 omnibus
1043 1823 1332 1878 praeesset,
1365 1813 1476 1878 ipse
1517 1813 1784 1862 frueretur
1818 1829 1918 1863 usu
1954 1823 2006 1864 et

298 1905 545 1973 adspectu
582 1917 780 1956 amatae
806 1906 1074 1958 inturbato
1108 1916 1158 1956 et
1183 1906 1535 1974 requiesceret
1561 1906 1619 1957 in
1644 1908 1847 1958 lacertis
1874 1909 2004 1961 eius.

297 2003 386 2054 Est
435 2013 606 2054 autem
654 2021 764 2079 non
819 2002 1037 2055 dubium
1088 2004 1317 2070 puellam
1367 2013 1419 2054 et
1464 2003 1633 2071 ipsam
1682 2021 1860 2056 carum
1907 2005 2002 2056 ha-

297 2097 472 2151 buisse
508 2110 746 2166 poetam,

438 2220 1005 2234 —————
1040 2189 1189 2262 'quae
1231 2211 1313 2245 me
1352 2212 1469 2244 cum
1503 2194 1734 2245 mitteret
1767 2195 1915 2258 urbe,

508 2289 717 2339 Dicitur
753 2299 871 2339 ante
911 2306 1091 2340 omnes
1129 2291 1450 2341 consuluisse
1490 2290 1632 2342 deos.

440 2381 640 2434 Cuncta
687 2382 882 2437 dabant
931 2382 1162 2436 reditus:
1227 2395 1405 2436 tamen
1449 2394 1527 2436 est
1571 2383 1818 2437 deterrita
1863 2402 1999 2438 nun-

1253 2499 1427 2548 quam,

511 2570 653 2633 Quin
691 2571 839 2623 fleret
876 2582 1080 2625 nostras
1119 2574 1508 2642 respiceretque
1544 2573 1672 2626 vias.

1085 2698 1202 2709 ——-

438 2761 611 2813 Flebis
655 2772 704 2811 et
743 2778 926 2812 arsuro
963 2760 1195 2828 positum
1230 2778 1330 2826 me,
1366 2763 1536 2827 Delia,
1567 2766 1719 2828 lect0,

509 2857 767 2907 Tristibus
811 2868 862 2908 et
896 2858 1122 2908 lacrimis
1159 2860 1336 2910 oscula
1369 2861 1536 2910 mixta
1573 2860 1737 2912 dabis·

294 2950 362 3001 Et
397 2949 523 3019 quid
558 2951 767 3002 suavius
802 2951 884 3002 his
919 2954 1123 3004 verbis:

434 3047 571 3102 Tum
603 3047 809 3098 veniam
845 3049 1018 3100 subito
1056 3067 1151 3100 nec
1187 3050 1463 3117 quisquam
1499 3053 1701 3104 nuntiet
1738 3065 1871 3119 ante,

503 3142 609 3193 Sed
644 3144 824 3196 videar
860 3147 1006 3198 coelo
1038 3147 1226 3197 missus
1263 3147 1440 3197 adesse
1475 3148 1587 3199 tibi.

433 3238 582 3287 Tunc
622 3238 777 3303 mihi,
815 3241 982 3308 qualis
1025 3241 1156 3304 eris,
1189 3243 1374 3307 longos
1415 3245 1622 3295 turbata
1659 3245 1884 3312 capilloS‚

507 3331 676 3386 Obvia
713 3335 938 3400 nudam,
973 3337 1150 3399 Delia,
1187 3355 1334 3387 curre
1372 3337 1520 3403 pede.
