2158 3750
297 255 399 301 130
599 246 1183 301 SVPPLEMENTVM
1218 245 1690 300 COLLATIONIS

292 481 494 549 Aloysii
549 483 864 533 Balthasaris
914 483 1112 533 Grassii
1172 501 1334 550 opera
1396 483 1775 534 accuratissime
1831 492 2002 532 trans-

293 578 540 643 scriptum
588 588 769 628 nactus
819 595 954 628 sum.
1045 577 1288 628 Ceterum
1349 575 1491 644 quod
1541 577 1845 627 Huschkius
1890 576 1928 625 1.
1960 593 1999 629 c.

291 689 408 737 pag.
447 672 736 721 XXXVIII
760 689 838 739 sq.
891 671 1210 738 suspicatur,
1264 671 1317 720 in
1369 669 1782 735 cantabrigiensi
1831 668 2005 735 aliqua

293 764 608 814 bibliotheca
644 765 800 816 huius
838 763 1078 816 editionis
1117 766 1384 831 exemplar
1435 774 1639 814 exstare
1689 763 1734 814 si
1781 780 1889 814 non
1922 761 2003 810 in-

292 866 491 922 tegrum
539 855 758 921 Catulli,
809 856 1016 910 Tibulli
1064 870 1113 909 et
1156 859 1444 925 Propertii,
1492 868 1542 908 at
1591 868 1766 907 tamen
1817 855 2007 906 Catulli

295 962 347 1002 et
389 953 682 1019 Propertii,
743 952 796 1004 id
848 956 977 1006 falso
1031 972 1150 1006 eum
1202 954 1474 1020 opinatum
1511 951 1649 1003 idem
1683 951 1802 1014 ille,
1859 948 2005 1000 cuius

294 1061 454 1112 supra
499 1047 820 1098 mentionem
873 1048 999 1112 feci,
1042 1047 1393 1098 Londinensis
1444 1046 1637 1097 amicus
1674 1044 1804 1095 mihi
1853 1041 2008 1109 signi-

293 1137 482 1190 ficavit.
582 1140 826 1209 Namque
888 1140 998 1191 eius
1056 1151 1243 1205 rogatu
1299 1139 1625 1190 doctissimus
1684 1139 1766 1189 vir
1819 1136 2010 1186 Canta-

294 1234 581 1299 brigienses
639 1235 983 1286 bibliothecas
1041 1251 1223 1285 omnes
1273 1232 1660 1300 diligentissime
1713 1240 2010 1299 perscruta-

294 1337 379 1378 tus
437 1330 643 1378 nullum
699 1331 804 1380 tale
872 1332 1173 1396 exemplum
1239 1329 1475 1396 reperire
1537 1327 1738 1394 potuit,
1801 1336 1860 1377 ut
1909 1342 2009 1393 pro

297 1432 439 1474 certo
504 1422 807 1474 habendum
866 1424 962 1489 sit,
1026 1423 1083 1474 in
1132 1428 1307 1474 minore
1356 1413 1447 1473 illa
1494 1420 1722 1474 editione
1776 1438 1823 1474 a.
1871 1421 2036 1478 1472

296 1518 467 1567 solum
519 1520 884 1586 Propertium,
943 1537 1052 1570 non
1102 1520 1228 1571 item
1283 1519 1575 1583 Catullum,
1626 1534 1744 1568 cum
1798 1516 2012 1567 Tibullo

298 1612 638 1662 coniunctum
693 1613 874 1664 fuisse.
966 1613 1140 1664 Huius
1192 1625 1366 1665 autem
1412 1615 1722 1681 exemplaris
1770 1613 1876 1664 duo
1928 1613 2012 1663 fo-

294 1704 366 1755 lia
414 1716 817 1772 repraesentans
876 1707 932 1756 in
986 1705 1269 1757 iucundam
1329 1708 1469 1758 illius
1513 1707 1763 1773 temporis
1816 1722 2014 1758 memo-

296 1801 428 1851 riam
475 1800 666 1866 redeo,
738 1819 844 1870 quo
911 1800 1358 1854 desideratissimis
1418 1801 1577 1866 viris,
1636 1800 1909 1851 Huschkio
1961 1813 2014 1855 et

300 1895 577 1960 Dissenio,
631 1913 802 1946 comes
841 1897 898 1946 in
936 1896 1220 1948 tractandis
1260 1896 1551 1949 suavissimi
1590 1902 1777 1962 po‘e'tae
1828 1896 2052 1946 carmi-

298 1989 454 2040 nibus
495 2008 784 2059 eorumque
822 1991 1004 2057 primis
1039 1993 1355 2045 editionibus
1393 1995 1683 2045 accuratius
1719 1993 2015 2046 describen-

300 2083 379 2135 dis
422 2085 651 2137 studiose
699 2098 935 2139 versatus
984 2106 1118 2140 sum.
1203 2089 1358 2141 Edito
1417 2100 1588 2140 autem
1638 2074 1740 2140 hoc
1789 2087 2015 2155 Supple-

295 2190 472 2229 mento
530 2180 662 2230 nihil
725 2182 828 2231 iam
887 2193 1124 2249 superest
1182 2182 1324 2252 quod
1394 2181 1461 2234 ad
1517 2183 1775 2235 rationem
1833 2200 2010 2235 earum

295 2273 711 2341 perspiciendam
745 2275 950 2343 requiri
982 2278 1164 2344 possit.
1839 2297 1863 2307 ³

477 2369 548 2420 D.
583 2368 635 2420 U
654 2388 684 2420 r
700 2388 730 2420 a
751 2389 776 2421 c
796 2369 817 2420 i

369 2461 472 2513 Die
521 2481 613 2513 xx.
663 2464 916 2515 Decemb.
1333 2465 1872 2522 Guin.BAnn11,1

400 2576 451 2609 A.
487 2575 562 2606 MD
570 2575 865 2610 cccxxxvn.

297 2679 415 2732 (Fol.
447 2680 683 2736 XXXIII.)

554 2756 716 2811 Οὖροῑῐ
747 2755 855 2798 furti
887 2755 1117 2811 subseqnss
1148 2753 1295 2799 decor.

361 2838 453 2880 Seu
490 2837 611 2879 solvit
642 2837 809 2879 crines·
854 2836 955 2878 susis
986 2836 1114 2879 decet
1149 2837 1237 2879 esse
1267 2838 1434 2893 capillis

552 2920 643 2961 Seu
676 2919 881 2974 compsit:
915 2919 1099 2974 comptis
1130 2935 1155 2963 e
1190 2920 1403 2963 venerada
1434 2921 1567 2963 comis:

360 3000 460 3044 Urit
489 3012 567 3042 seu
598 3000 695 3042 titia
726 3000 860 3041 voluit
890 3000 1079 3055 pcedere
1110 3001 1224 3056 palla

555 3081 654 3123 Urit
682 3093 760 3122 seu
790 3081 915 3122 nivea
945 3081 1126 3124 candida
1157 3083 1273 3126 veste
1304 3084 1435 3127 venit.

365 3162 486 3205 Talis
516 3163 558 3204 in
588 3167 751 3204 aeterno
783 3161 916 3204 foelix
946 3163 1147 3206 vertimus
1177 3165 1352 3221 olimpo.

558 3245 682 3288 Mitte
711 3242 842 3287 habet
872 3250 1048 3289 ornatus
1077 3248 1194 3290 mille
1221 3248 1426 3292 decenter
1456 3246 1584 3292 habet

371 3329 473 3371 Sola
507 3327 700 3384 puellan'i
731 3327 861 3382 digna
895 3344 920 3372 e
954 3329 1022 3371 cui
1053 3330 1200 3373 mollia
1230 3329 1369 3373 charis
