2086 3756
802 240 1104 296 TIBULLI.
1684 257 1813 291 xxix

109 386 233 439 Non
264 387 448 438 melius
472 386 525 450 ii,
557 385 651 454 qui
681 394 862 438 contra
889 386 1136 441 Ovidium
1165 395 1397 438 statuunt
1418 385 1628 436 tertium
1662 403 1807 436 amo-

106 500 219 535 rem
255 484 355 534 hoc
391 482 527 532 libro
565 479 843 534 a‘Tibullo
887 476 1174 546 cantatum,
1234 491 1286 533 et
1319 482 1546 533 Bachius
1597 481 1808 550 quidem

110 590 228 630 aute
275 576 510 631 carmina*
548 575 706 642 primi
744 575 869 626 libri
913 588 1122 644 poetam
1167 576 1281 630 vult
1328 574 1393 627 de
1428 577 1529 627 hoc
1566 576 1811 642 coniugio·

109 674 382 739 cogitasse3
410 668 637 723 vidimus
673 678 847 719 autem
884 670 1099 735 elegiam
1128 670 1382 722 decimam
1413 670 1563 722 istius
1586 670 1711 721 libri
1741 673 1807 723 ab

106 768 429 820 adolescente
458 765 674 818 Tibullo
701 765 960 832 scriptam,
997 776 1215 818 aetatem
1251 760 1528 819 militarem
1561 769 1811 834 ingressO,

108 872 229 915 ante
265 859 408 931 quod
442 870 648 928 tempus
679 876 817 927 puer-
839 859 955 912 fuit.
1027 859 1172 911 Haec
1209 871 1366 929 atque
1400 863 1525 911 talia
1560 862 1810 913 continuo

108 961 319 1013 obiicias
352 959 438 1022 iis,
495 958 588 1027 qui
629 957 829 1009 Tibulli
877 967 1101 1009 amatam
1148 956 1331 1008 dicunt
1373 957 1659 1024 Neaeram3
1718 957 1811 1010 sed

106 1072 216 1108 non
250 1054 335 1106 his
369 1053 495 1105 solis
533 1069 623 1104 eos
669 1046 988 1104 refutamus:
1037 1051 1341 1118 gravissima
1379 1063 1685 1118 argumenta
1729 1053 1812 1103 of-

105 1155 209 1205 fert
244 1149 607 1204 dissimilitudo
651 1149 935 1202 manifesta'·
971 1164 1219 1217 poeseos,
1278 1150 1333 1200 h.
1369 1168 1413 1201 e.
1463 1149 1669 1202 diversa
1716 1147 1810 1214 viS,

104 1250 356 1313 inventio,
387 1238 710 1316 compositio,
747 1245 987 1311 elocutio,
1026 1263 1186 1315 quam
1209 1263 1322 1296 rem
1353 1263 1449 1312 ego
1479 1246 1537 1296 in
1572 1247 1811 1315 sequenti

109 1345 468 1398 dissertatione
508 1341 816 1410 explicatius
861 1356 1178 1410 persequar,
1233 1357 1392 1409 quam
1441 1350 1560 1391 ante
1600 1358 1685 1392 me
1735 1352 1812 1392 est

106 1442 318 1492 factum.
388 1437 471 1488 Ibi
502 1437 662 1502 igitur
691 1436 856 1487 lector
894 1446 1065 1486 cetera
1098 1432 1333 1487 inveniet
1372 1433 1439 1485 ad
1474 1436 1611 1485 hanc
1648 1446 1811 1503 quae-

106 1535 328 1587 stionem
361 1531 690 1600 pertinentia.
775 1531 947 1598 Atque
999 1528 1180 1580 eadem
1215 1530 1343 1580 haec
1386 1533 1520 1598 qu‘ae
1557 1528 1669 1580 dixi
1706 1529 1809 1582 dis-

107 1629 324 1682 crimina
351 1623 698 1692 inventionis,
747 1624 1164 1693 compositionis,
1199 1625 1506 1676 elocutionis
1544 1626 1698 1677 etiam
1736 1627 1812 1676 al-

105 1726 205 1777 teri
251 1723 488 1792 opinioni
523 1723 729 1773 obstant
761 1720 961 1788 Vulpio
1007 1732 1058 1772 et
1092 1721 1368 1773 Huschkio
1415 1723 1665 1790 placitae',
1716 1723 1809 1792 qui

106 1823 374 1874 Tibullum
413 1819 564 1871 amici
599 1816 869 1870 cuiusdam
903 1817 1161 1886 Lygdami
1206 1836 1408 1870 amores
1461 1819 1682 1871 credunt
1728 1809 1811 1872 h'is

108 1916 277 1987 elegiis
312 1918 591 1970 cecinisse.·
643 1914 886 1968 Tibullus
923 1916 1070 1966 nullo
1115 1915 1274 1967 modo
1323 1926 1506 1967 auctor
1555 1932 1666 1967 esse
1713 1934 1812 1983 po-

105 2017 231 2080 tuit,
285 2012 541 2085 quidquid
585 2011 763 2079 fingas.
853 2009 1010 2074 Quod
1063 2030 1182 2063 cum
1233 2013 1451 2063 sentiret
1497 2014 1581 2068 vir
1629 2012 1810 2065 doctus

44 2125 47 2128 ’
107 2111 336 2178 Oebeke‚
372 2111 429 2162 in
460 2110 729 2180 gymnasio
764 2109 1177 2178 Aquisgranensi
1211 2109 1388 2161 literas
1425 2111 1666 2180 antiquas
1702 2122 1809 2163 tra-

63 2255 68 2257 .
107 2207 248 2273 dens,
283 2224 455 2275 nuper
482 2206 541 2256 in
573 2215 957 2273 programmate
993 2206 1298 2257 scholastico
1336 2225 1459 2258 ann.
1486 2210 1642 2258 1832.
1684 2226 1811 2274 pro-

106 2307 231 2356 bare
256 2302 457 2356 studuit
481 2301 718 2354 Cassium
739 2303 1077 2353 Parmensem
1104 2313 1369 2356 auctorem
1395 2304 1571 2355 fuisse.
1642 2305 1812 2367 Hune,

110 2419 231 2454 nam
267 2400 531 2468 antiquior
566 2407 693 2462 erat,
728 2413 1034 2465 expressum
1066 2416 1096 2448 a
1126 2395 1338 2450 Tibullo
1370 2401 1545 2450 multis
1580 2401 1637 2450 in
1671 2402 1813 2462 locis„

111 2497 254 2568 quod
289 2497 481 2562 colligit
523 2512 591 2546 ex
621 2495 805 2546 Horat.
850 2496 1015 2562 Epist.
1051 2496 1103 2559 Ι,
1126 2498 1174 2559 4,
1213 2502 1262 2548 3.
1343 2498 1453 2549 Vix
1490 2498 1665 2549 tamen
1703 2499 1812 2548 cui-

110 2612 268 2664 quam
300 2594 438 2644 hanc
487 2590 790 2659 opinionem
839 2590 1172 2657 persuaserit.
1256 2591 1331 2644 Ac
1375 2592 1607 2660 primum
1648 2602 1814 2643 mutat

107 2709 244 2744 vers.
280 2686 446 2758 Lygd.
481 2687 570 2751 ΠΙ,
608 2691 656 2751 5,
695 2689 777 2737 18.
813 2684 915 2736 sic:

395 2782 531 2834 Cum
566 2781 717 2832 cessit
753 2781 861 2831 fato
899 2780 1083 2831 consul
1118 2789 1340 2850 uterque
1375 2782 1508 2848 pari,

109 2880 398 2948 intelligens
432 2895 628 2931 annum
666 2880 787 2927 671.
837 2877 901 2925 ab
948 2876 1066 2925 urb.
1104 2874 1256 2925 cond.
1294 2876 1388 2926 ubi
1430 2876 1495 2928 L.
1537 2877 1813 2930 Cornelius

112 2976 285 3044 Scipio
322 2987 374 3027 et
410 2974 469 3027 G.
493 2973 677 3025 Iunius
706 2971 990 3023 Norbanus
1028 2970 1173 3023 Coss,
1205 2971 1363 3040 vique
1403 2983 1454 3023 et
1490 2972 1623 3024 dolis
1656 2978 1720 3026 ab
1758 2976 1817 3028 C.

114 3071 375 3123 Cornelio
396 3071 541 3122 Sulla
575 3069 870 3144 inpltaliam
903 3086 1117 3120 reverso
1158 3067 1374 3120 devicti:
1430 3069 1580 3121 illum
1616 3072 1812 3138 perfide

114 3164 401 3218 deseruisse
438 3165 726 3216 exercitum
760 3163 1033 3228 largitione
1074 3174 1401 3230 corruptum,
1436 3166 1577 3216 hunc
1613 3169 1814 3233 proelio

115 3261 458 3329 profligatum.
528 3262 645 3314 Hoc
693 3261 848 3327 igitur
892 3277 1002 3311 esse
1053 3262 1217 3310 satum
1265 3277 1378 3327 par.
1459 3259 1561 3312 Sed
1603 3279 1668 3311 ne
1717 3261 1815 3309 alia

120 3374 410 3427 opponam,
467 3368 705 3427 apertum
750 3370 824 3409 est
861 3375 909 3410 v.
936 3357 1101 3424 fatum
1137 3358 1207 3407 sic
1246 3368 1296 3407 et
1336 3357 1390 3407 in
1427 3356 1518 3406 tali
1554 3355 1815 3406 locutione
