2086 3756
280 227 480 263 mmmm
965 207 1060 257 DE
1099 203 1298 260 POESI

283 365 483 405 natum.
553 351 804 420 Sequitur
840 346 1026 400 deinde
1066 351 1226 400 altera
1261 366 1411 416 pars,
1459 349 1553 399 ubi
1594 350 1700 401 iam
1738 351 1859 401 festi
1896 368 1986 401 ru-

280 450 403 500 ralis
438 449 494 498 in
530 447 707 497 herbis
743 444 958 511 ponitur
993 442 1298 511 descriptio,
1339 454 1496 513 atque
1532 445 1686 495 etiam
1725 445 1988 511 fastigium

265 561 437 605 ‚suave
463 543 520 592 in
553 541 655 591 fine
687 540 917 605 positum
947 548 1006 588 ut
1035 549 1170 597 ante,
1206 536 1300 591 sed
1336 539 1438 590 alio
1474 538 1633 591 modo
1660 557 1825 608 quam
1855 551 1988 603 ante,

282 659 400 692 cum
447 647 714 705 postremo
763 634 955 686 amoris
999 634 1244 688 iuvenilis
1286 636 1550 688 licentiam
1586 635 1765 690 videas
1813 646 1864 686 et
1899 634 1989 687 ad-

277 739 469 788 mixtos
495 731 723 785 iucunde
751 730 960 783 dolores
998 733 1189 785 amoris
1226 733 1587 787 convivalibus
1611 732 1828 799 gaudiis.
1897 733 1990 783 At-

279 850 381 901 que
436 832 510 881 ita
559 829 706 882 vides
757 831 1164 896 pulcherrimam
1224 831 1422 898 ubique
1474 840 1655 881 artem.
1743 829 1989 898 Denique

275 943 630 980 commemoro
665 927 842 975 locum
882 925 947 990 ΙΙ,
985 924 1035 988 4,
1071 928 1268 975 27-50.
1308 926 1432 975 satis
1470 942 1733 991 magnum,
1770 926 1865 977 ubi
1899 924 1990 977 de-

274 1022 646 1090 scriptionibus
683 1017 886 1069 duabus
922 1036 1020 1084 per
1058 1016 1416 1082 gradationem
1442 1021 1730 1071 coniunctis
1761 1020 1992 1087 pnimum

275 1117 563 1186 generatim
600 1124 903 1167 exsecratur
937 1115 1203 1164 luxuriam
1244 1115 1566 1180 puellarum,
1607 1127 1721 1167 tum
1756 1115 1992 1183 speciali-

273 1225 355 1265 ter
386 1211 626 1263 Nemesis
664 1208 961 1272 avaritiam3
998 1209 1270 1275 propriam
1301 1227 1431 1262 vero
1461 1212 1684 1262 formam
1717 1213 1990 1280 utriusque

273 1307 387 1358 aliis
446 1307 504 1357 in
552 1306 788 1372 partibus
846 1302 1006 1354 huius
1069 1300 1434 1370 disputationis
1490 1305 1798 1373 explicatam
1853 1305 1992 1359 vide.

272 1405 446 1472 Atque
481 1404 612 1453 haec
646 1402 916 1451 hactenus.
988 1397 1276 1452 Videamus
1325 1418 1469 1451 nunc
1515 1411 1610 1454 tres
1652 1413 1827 1469 partes
1874 1419 1991 1467 gra-

274 1498 519 1551 dationis·
591 1497 890 1564 Simplicior
939 1496 1075 1547 ratio
1128 1507 1206 1548 est
1249 1497 1306 1547 in
1356 1497 1438 1548 his
1487 1515 1584 1564 per
1626 1498 1728 1550 tria
1772 1495 1991 1549 disticha

272 1593 587 1646 continuatis
618 1591 1082 1658 descriptionibus:
1123 1593 1164 1656 Ι,
1195 1597 1245 1655 2,
1273 1596 1462 1643 17-22.
1498 1596 1546 1656 5,
1575 1597 1707 1643 11-1
1720 1598 1768 1644 6.
1801 1597 1992 1645 61-66.

275 1697 323 1756 6,
361 1692 554 1740 45-50.
603 1688 669 1752 ΙΙ,
711 1693 760 1752 3,
795 1692 990 1739 53-58.
1039 1689 1089 1753 4,
1130 1688 1321 1739 39-44.
1372 1693 1419 1751 6,
1455 1693 1649 1740 21-26.
1721 1687 1829 1740 Sed
1866 1699 1990 1745 sunt

267 1787 545 1854 ‘praeterea
593 1784 694 1836 alia
739 1786 904 1835 multa
956 1785 1299 1853 exquisitiora
1340 1786 1611 1852 exempla,
1665 1802 1800 1853 quae
1847 1801 1990 1836 nunc

271 1883 573 1932 recensebo.
636 1879 818 1930 Unum
836 1881 1016 1946 paullo
1042 1890 1160 1929 ante
1179 1878 1357 1932 vidisti
1376 1879 1442 1943 ΙΙ,
1467 1883 1516 1943 5,
1537 1880 1731 1930 83-94.
1787 1878 1987 1932 Porro:

271 1979 329 2028 in
364 1979 482 2029 loco
519 1978 560 2040 I,
594 1981 641 2040 9,
683 1982 875 2028 17-50.
915 1975 1208 2042 obiurgatio
1252 1977 1406 2043 pueri
1445 1975 1635 2042 perfidi
1666 1977 1835 2028 tribus
1868 1993 1991 2042 par-

273 2073 416 2125 tibus
454 2081 682 2135 constat,
729 2088 956 2138 quarum
995 2088 1499 2139 sequensquaeque
1540 2071 1750 2136 gravior
1787 2080 1992 2123 antece·

274 2165 446 2217 dente.
528 2165 766 2216 Primum
804 2164 942 2215 enim
979 2184 1032 2218 v.
1070 2169 1259 2216 17-30.
1294 2175 1505 2229 narrat,
1553 2177 1612 2216 ut
1646 2140 1856 2217 intentis
1897 2165 1989 2218 ad-

270 2261 650 2313 monitionibus
688 2261 972 2312 verborum
1011 2261 1240 2318 oraverit
1282 2260 1581 2326 saepissime
1621 2277 1874 2326 puerum,
1918 2278 1987 2315 ne

271 2376 400 2409 auro
451 2357 719 2425 corrumpi
762 2374 817 2407 se
859 2358 1107 2424 patiatur.
1191 2331 1294 2409 Ve'l
1333 2357 1464 2407 haec
1497 2356 1784 2421 neglexisse
1818 2358 1986 2410 malae

269 2453 510 2504 levitatis,
594 2453 706 2502 Iam
757 2467 885 2504 vero
927 2470 979 2503 v.
1023 2451 1215 2500 31-40.
1252 2451 1472 2516 exponit
1506 2467 1671 2517 porro
1710 2452 1864 2503 etiam
1904 2453 1987 2502 iu·
2075 2470 2082 2479 ·

269 2565 411 2599 rasse
446 2565 671 2614 puerum
708 2546 1038 2598 sanctissimis
1074 2547 1249 2598 verbis
1287 2555 1339 2597 et
1385 2563 1505 2595 cum
1551 2545 1709 2608 fletu,
1746 2563 1801 2596 se
1842 2548 1985 2598 nolle

272 2643 471 2694 violare
509 2640 691 2704 fidem,
737 2638 882 2708 quod
917 2650 1091 2691 tamen
1127 2656 1269 2693 nunc
1308 2639 1505 2690 fecerit.
1575 2637 1661 2691 Sic
1696 2639 1986 2706 periurium

274 2737 488 2790 accedit.
560 2738 812 2803 Magnum
848 2738 949 2787 hoc
983 2735 1195 2800 crimen,
1232 2734 1325 2789 sed
1353 2737 1412 2788 in
1442 2738 1632 2789 amoris
1661 2739 1851 2792 affectu
1875 2755 1987 2790 non

271 2846 382 2886 tam
409 2852 657 2899 magnum
687 2835 913 2885 habetur
941 2851 1099 2903 quam
1127 2833 1239 2885 aliis
1270 2833 1324 2886 in
1361 2834 1599 2900 partibus
1628 2834 1786 2886 vitae.
1846 2833 1985 2886 Hinc
2072 2823 2075 2828 ’

273 2930 429 2982 tertio
465 2932 582 2981 loco
622 2931 779 2980 etiam
817 2931 989 2982 officia
1025 2940 1398 2982 commemorat
1431 2938 1694 3000 praestata
1721 2945 1889 2995 puero
1924 2927 1984 2980 in

273 3026 384 3075 eius
420 3024 688 3079 amoribus
727 3034 778 3074 et
816 3025 1105 3075 carminum
1142 3022 1514 3095 dedicatorum‘
1528 3022 1756 3076 laudem.
1827 3021 1981 3074 Unde

273 3122 427 3172 etiam
453 3120 645 3185 ingrati
671 3121 830 3171 animi
857 3121 1026 3187 gravis
1053 3122 1208 3188 culpa
1231 3121 1456 3188 accedit3
1494 3140 1616 3174 nam
1639 3123 1778 3174 inter
1805 3139 1983 3172 aman-

272 3227 348 3266 tes
381 3216 616 3267 omnium
646 3216 858 3267 minime
894 3216 1197 3267 huiusmodi
1232 3216 1360 3285 quid
1393 3226 1678 3284 exspectes.
1746 3215 1883 3267 Satis
1917 3214 1980 3267 de

272 3314 371 3364 hoc
408 3314 542 3364 loco,
613 3311 748 3363 Vide
799 3331 940 3364 nunc
995 3315 1095 3366 alia
1146 3312 1366 3382 pulchra
1417 3315 1672 3380 exempla.
1750 3314 1813 3364 In
1861 3314 1979 3365 loco
2056 3299 2074 3378 3³
