2158 3750
351 276 452 322 306
742 267 1214 321 COMMENTAR.
1245 268 1322 321 IN
1357 269 1648 324 TIBULLI

350 420 449 474 post
491 415 669 459 verbum
709 411 862 454 iurare
906 410 989 454 hoc
1030 411 1206 455 factum.
1238 435 1298 443 -
1345 413 1490 456 bene
1534 415 1748 469 iuravi,
1793 422 1844 462 ut
1882 422 2039 476 passim

350 499 452 540 bene
505 501 571 539 est
614 494 766 548 valde,
814 505 1093 548 magnopere.
1177 493 1246 536 Ad
1286 496 1543 539 sententiam
1589 497 1816 541 conferunt
1859 501 2040 547 Hom‘r.

346 581 487 638 Epod.
516 580 596 633 XI,
629 582 685 621 19
719 591 812 633 sqq.
861 579 1101 621 Pnopssnrr.
1131 563 1190 632 II,
1220 582 1294 633 25,
1329 582 1399 622 19.
1461 581 1626 625 Ultimo
1656 584 1754 626 loco
1792 585 1922 628 etiam
1950 586 2042 643 ipse

344 669 406 709 sic
437 667 597 719 legitur
626 669 687 707 ut»
707 663 788 706 hic.

462 750 516 793 V.
551 750 731 790 15-28.
793 744 1039 788 Medium
1085 758 1323 788 carmen.
1396 746 1583 790 Prima
1630 761 1772 804 pars.
1835 751 2040 796 Queri-

343 835 433 874 tur
460 832 682 874 Amoris
714 830 1039 883 cruciatuS,
1070 833 1125 872 et
1156 842 1261 883 quo
1293 829 1473 872 minus
1503 830 1676 874 vitam
1705 833 1823 876 leto
1854 834 2039 890 finiat,

339 915 461 956 sola
491 927 614 969 spe,
660 926 804 968 quae
847 917 1064 956 tantum
1104 915 1301 956 valeat
1342 914 1396 956 in
1426 914 1598 958 rebus
1628 914 1912 972 humanu,
1954 931 2039 963 re-

339 1001 556 1039 tentum
589 1009 646 1038 se
676 994 971 1048 hucusque
1001 994 1160 1036 dicit.

456 1079 511 1121 V.
545 1081 600 1120 15
633 1087 730 1131 sqq.·
789 1077 933 1118 Acer
976 1075 1166 1128 Amor,
1208 1089 1386 1130 saevuS,
1415 1078 1575 1120 acriter
1604 1091 1734 1123 urens
1760 1082 1957 1137 flamma,
1989 1090 2037 1128 ut

339 1159 450 1202 infra
480 1159 558 1212 IV,
587 1162 631 1212 2,
654 1162 696 1200 6.
730 1159 867 1200 Ovm.
898 1155 1081 1199 Heroid.
1111 1155 1189 1208 IV,
1219 1161 1288 1198 70.
1336 1158 1516 1200 vinna.
1548 1160 1717 1204 Fnacc.
1746 1164 1825 1217 III,
1855 1169 1959 1211 367.
1977 1191 2037 1199 —-

336 1248 434 1286 tua
465 1244 606 1295 tela,
639 1241 910 1295 sagittas.
970 1238 1137 1281 Eadem
1167 1240 1424 1295 compositio
1457 1243 1630 1295 gravior
1661 1248 1728 1286 est
1759 1245 1896 1289 Ovm.
1926 1248 2035 1292 Met.

333 1325 391 1379 11,
423 1328 525 1368 616.
566 1324 689 1377 XIII,
716 1326 818 1366 401.
882 1322 1086 1365 Ceterum
1122 1323 1177 1365 ad
1208 1325 1465 1367 sententiam
1494 1326 1902 1372 Wunnssnmcmus
1934 1332 2037 1374 Me-

335 1409 471 1463 leagri
502 1408 653 1464 Epigr.
687 1407 786 1449 LII.
831 1405 1026 1459 confert,
1070 1406 1144 1460 qui
1175 1407 1239 1449 ira
1270 1407 1474 1450 incensus
1505 1409 1828 1454 combustarum
1858 1425 1907 1456 se
1937 1426 2034 1456 esse

331 1492 419 1532 tela
451 1489 674 1545 Cupidinis
707 1488 849 1531 omnia
891 1488 1092 1531 minatur.
1125 1511 1183 1518 —
1231 1487 1478 1532 nefanda
1522 1490 1706 1546 loqui,
1749 1491 1791 1538 h.
1821 1506 1861 1537 e.
1905 1505 2035 1540 exse-

331 1574 544 1616 crationes
575 1573 618 1614 in
649 1572 755 1613 deos
789 1583 1014 1623 evomere,
1057 1570 1304 1624 iracundia,
1355 1570 1502 1614 furore
1532 1572 1786 1630 abreptum,
1828 1583 2032 1623 monente

330 1657 555 1708 Hunno,
587 1655 644 1698 cf.
674 1654 754 1707 ΙΙΙ,
782 1658 825 1707 5,
859 1656 928 1696 14.
959 1653 1036 1706 IV,
1068 1655 1112 1706 4,
1145 1655 1214 1696 14.
1246 1674 1303 1684 —
1340 1654 1395 1697 V.
1429 1657 1485 1696 19
1515 1668 1609 1710 sqq.
1670 1658 1878 1702 Succedit
1909 1661 2030 1704 locus

329 1739 600 1781 dulcissimus
632 1737 686 1780 de
719 1738 836 1792 Spe,
878 1741 927 1778 ut
959 1736 1177 1779 Hermus
1207 1737 1341 1791 dicit,
1382 1738 1631 1792 felicitatis,
1678 1742 2026 1798 quandoquidem

331 1836 427 1865 eam
460 1822 551 1864 dari
582 1820 834 1863 mortalibus
867 1820 930 1863 fas
963 1833 1048 1863 non
1080 1827 1189 1876 erat,
1219 1821 1501 1876 succedanea,
1532 1828 1581 1865 ut
1612 1837 1696 1878 ego
1727 1830 1872 1869 autem
1902 1827 2031 1870 dixe-

329 1909 435 1960 rim,
483 1906 537 1949 de
567 1908 652 1962 Spe
683 1905 825 1947 vitam
855 1912 1172 1946 sustentante.-
1222 1904 1303 1947 huc
1345 1907 1458 1948 enim
1489 1907 1631 1948 emula
1663 1906 1744 1950 boc
1773 1909 1870 1951 loco
1899 1923 2028 1952 revo-

327 1993 480 2031 cantur
510 2002 534 2028 a
569 1991 700 2043 poeta
730 1991 775 2029 et
806 1987 1000 2029 revocari
1032 1986 1286 2029 debuerunt.
1348 1989 1412 2028 Ac
1449 1989 1545 2029 talis
1586 1994 1653 2031 est
1693 1992 1821 2034 etiam
1863 1992 2023 2034 Ovmu

327 2071 448 2114 locus
477 2070 620 2126 Epist.
659 2082 713 2112 ex
745 2069 888 2111 Ponto
917 2067 953 2120 1,
983 2070 1026 2120 6,
1058 2070 1112 2108 31
1147 2081 1241 2120 sqq.
1284 2080 1365 2109 nec
1406 2068 1570 2110 abludit
1601 2071 1777 2124 elegans
1809 2073 1950 2127 elegia
1979 2075 2023 2116 in

326 2157 619 2200 CATALEGTIS
649 2157 756 2197 vett·
784 2156 920 2210 poett.
947 2151 1041 2194 libr.
1069 2150 1103 2203 Ι,
1138 2153 1207 2192 18.
1241 2154 1285 2193 et
1318 2150 1360 2192 in
1390 2151 1598 2193 Auri-1101..
1632 2153 1750 2196 LA'r.
1786 2155 2018 2200 Burmann.

324 2242 379 2285 T.
410 2242 445 2284 I.
478 2240 574 2283 libr.
601 2238 683 2281 III.
713 2239 848 2293 epigr.
880 2238 982 2288 82„
1025 2247 1136 2288 quae
1164 2233 1393 2276 laudarunt
1424 2234 1780 2280 Bnoucxcnusms
1813 2243 1858 2281 et
1890 2240 2023 2284 Hur-

322 2337 445 2369 mus.
510 2325 730 2369 Quaeram
763 2320 944 2372 deinde,
975 2332 1088 2373 quae
1120 2318 1176 2360 sit
1207 2318 1371 2360 utilitas
1400 2331 1502 2361 vera
1531 2318 1656 2363 huius
1686 2334 1712 2363 a
1742 2320 1918 2364 Tibullo
1948 2323 2020 2365 in-

324 2411 466 2450 sertae
498 2405 813 2461 descriptionis.
876 2404 1023 2457 Vulgo
1055 2403 1228 2457 quidem
1259 2404 1361 2445 talia
1390 2403 1450 2445 ita
1479 2416 1560 2459 pro
1595 2405 1726 2446 meris
1756 2407 2020 2450 ornamentis

322 2503 506 2546 poeseos
551 2488 732 2542 habent,
779 2492 829 2531 ut
872 2487 1090 2543 quomodo
1137 2501 1305 2530 summo
1347 2489 1556 2543 cuiusque
1598 2489 1799 2533 carminis
1837 2492 2016 2535 consilio

321 2574 489 2628 prosint
529 2585 615 2614 non
658 2575 892 2625 quaerant,
939 2578 985 2614 et
1030 2570 1198 2613 rideant
1245 2584 1349 2623 eos,
1398 2572 1472 2626 qui
1520 2573 1812 2626 quaerendum
1854 2575 2013 2620 dicant.

319 2655 607 2699 Nihilominus
652 2654 732 2698 hoc
777 2660 821 2697 et
857 2655 899 2696 in
941 2655 1035 2696 aliis
1076 2654 1249 2709 scriptis
1295 2655 1484 2696 classicis
1526 2654 1770 2700 faciendum
1800 2661 1867 2699 est
1898 2659 2016 2701 etin

319 2738 384 2781 his
425 2739 708 2791 carminibus,
757 2737 968 2791 siquidem
1007 2750 1215 2790 nusquam
1260 2736 1430 2778 inanem
1476 2742 1673 2780 ornatum
1714 2738 1856 2781 vidisti
1898 2741 2015 2796 apud

318 2821 552 2863 Tibullum.
618 2821 734 2866 Quid
776 2821 909 2874 igitur
949 2820 1098 2862 inest?
1161 2819 1331 2876 Nempe
1364 2820 1465 2862 dum
1498 2821 1553 2862 ob
1589 2822 1740 2864 oculos
1769 2821 1876 2865 dura
1906 2837 2015 2867 con-

317 2902 424 2945 ditio
455 2904 668 2945 variorum
695 2901 910 2944 hominum
944 2902 1131 2957 ponitur,
1164 2902 1236 2955 qui
1268 2905 1399 2944 vitam
1430 2916 1508 2958 spe
1540 2909 1794 2958 sustentant,
1823 2907 2015 2950 illustra-

315 2991 386 3028 tur
417 2988 542 3031 simul
573 2987 737 3030 Tibulli
767 2987 901 3029 tristis
934 2986 1131 3040 fortuna,
1175 2987 1384 3041 siquidem
1417 2986 1658 3033 huiusmodi
1689 2989 1930 3036 hominibus
1962 3006 2011 3037 se

316 3076 564 3127 comparat,
595 3075 640 3114 et
669 3071 864 3113 videmus
895 3073 1015 3125 quasi
1055 3084 1313 3126 unoquoque
1345 3070 1498 3115 horum
1530 3073 1808 3117 distichorum
1843 3077 2006 3132 repeti-

318 3158 404 3195 tam
436 3155 668 3207 imaginem
698 3152 966 3196 infelicitatis
997 3167 1116 3206 suae,
1144 3154 1215 3207 qui
1249 3157 1293 3195 et
1325 3153 1418 3209 ipse
1449 3156 1542 3197 sola
1573 3169 1652 3210 spe
1682 3161 1830 3211 pascat
1861 3157 2007 3201 vitam.

315 3239 383 3280 lta
424 3252 527 3279 vero
569 3238 826 3292 permultum
857 3242 1044 3292 augetur
1079 3239 1282 3292 querelae
1314 3238 1391 3280 vis.
1424 3261 1480 3270 --
1527 3240 1581 3281 V.
1616 3242 1672 3281 19
1703 3253 1796 3295 sqq.
1838 3241 2007 3285 vitam

315 3320 460 3375 Spes
504 3320 690 3372 fovet,
742 3324 969 3364 sustentat.
1046 3322 1113 3364 De
1161 3322 1482 3364 constructione
1529 3322 1789 3366 finissem
1818 3349 1877 3358 —
1908 3325 2005 3368 sed

313 3402 471 3444 fovet
516 3416 577 3458 pr.
620 3403 699 3446 nisi
730 3402 920 3457 foveret,
964 3404 1371 3447 Wunnnamcmus
1409 3403 1577 3447 confert
1609 3405 1745 3449 Ovm.
1777 3405 1871 3450 Art.
1907 3409 2000 3451 Am.
