2158 3750
2112 128 2153 172 ,ΓΙ

338 265 441 316 458
741 262 1211 317 COMMENTAR.
1246 262 1324 315 IN
1359 261 1648 314 TIBULLI

338 421 479 450 causa
509 421 620 451 nune
648 407 741 463 ipsa
772 408 1136 464 praestantissima
1170 407 1340 463 puella,
1384 405 1572 448 maximo
1614 405 1846 448 certamine
1887 405 2031 460 digna,

338 504 363 534 a
394 491 634 534 forensibus
662 490 792 534 rebus
825 491 957 535 ducta
987 492 1220 536 locutione.
1296 491 1424 534 Initio
1454 503 1602 534 versus
1633 503 1738 534 cave
1767 503 1846 532 nec
1874 490 2032 547 probes

339 585 403 628 pr.
432 586 500 615 ne.

775 893 1365 955 CARMEN
1487 895 1596 952 XI.

336 1206 457 1281 Ex
498 1234 651 1278 febri
691 1233 969 1278 laborans
1011 1235 1284 1291 Sulpicia
1328 1235 1499 1277 unice
1540 1232 1606 1277 de
1648 1232 1914 1277 cerinthi
1955 1235 2039 1277 sui

335 1330 525 1360 amore
564 1318 888 1361 soliicitam
930 1330 990 1362 se
1030 1331 1162 1362 esse
1203 1319 1299 1362 ait.
1359 1317 1682 1363 Verissime
1721 1317 2039 1363 iudicatum

336 1405 424 1444 est
466 1401 872 1454 suavissimum
917 1415 1047 1446 esse
1088 1401 1191 1446 hoe
1237 1402 1602 1459 poematium.

455 1483 508 1529 V.
539 1486 564 1526 1
597 1496 691 1538 sqq.
734 1485 826 1540 pia
857 1497 1005 1528 cura.
1067 1484 1205 1529 Ovm.
1237 1482 1422 1528 Heroid·
1451 1483 1572 1538 VIII,
1604 1486 1685 1526 152
1715 1482 1786 1527 At
1819 1489 1900 1530 tu,
1930 1495 2041 1524 cura
2100 1511 2102 1515 r

336 1566 421 1607 mei
449 1566 490 1608 si
519 1574 564 1608 te
591 1566 672 1624 pia
697 1566 865 1626 tangit,
897 1570 1067 1612 Oreste.
1087 1591 1148 1600 —-
1179 1568 1290 1611 Mox
1322 1569 1485 1611 calor
1515 1572 1583 1611 est
1611 1566 1758 1610 febris.
1778 1588 1838 1598 —
1877 1563 2039 1611 Quod

336 1655 522 1694 vexat.
584 1650 686 1693 Non
716 1664 826 1707 opus
859 1651 1050 1694 Hssmsn
1080 1651 1329 1693 coniectura
1359 1651 1497 1695 Dum.
1521 1671 1581 1681 —-
1626 1647 1694 1692 Ad
1727 1647 1860 1691 verba
1889 1647 2040 1690 eviu-
2096 1651 2101 1655 ’

335 1746 470 1776 cere
511 1733 738 1776 morbos
779 1734 984 1778 Vum’ms
1017 1734 1184 1777 confert
1215 1734 1487 1777 Commium„
1525 1733 1581 1776 de
1611 1732 1681 1776 Re
1710 1732 1841 1775 Rust.
1873 1731 1951 1786 vl,
1981 1734 2039 1774 52

334 1814 583 1857 Evincendi
612 1822 764 1856 autem
793 1823 903 1857 sunt
935 1816 1139 1875 quamvis
1165 1815 1380 1874 pestzferi
1408 1813 1546 1857 morbi
1574 1821 1620 1855 et
1643 1812 1957 1871 propulsandi.
1979 1834 2040 1846 --
2112 1845 2114 1853 .

335 1901 390 1944 V.
419 1904 462 1943 5.
496 1904 539 1946 6.
600 1899 682 1943 Est
723 1899 806 1943 hoe
848 1900 1061 1944 distichon
1105 1900 1423 1956 quodammodo
1466 1898 1690 1943 conversio
1725 1896 2038 1955 praecedentis,
2118 1927 2119 1930 =

335 1982 379 2023 in
411 1995 496 2036 qua
526 1983 694 2025 ratione
725 1982 871 2025 blandi
903 1983 1005 2038 quid
1038 1984 1164 2026 inest.
1226 1982 1472 2026 Probamus
1503 1994 1605 2024 vero
1643 1982 1712 2023 At
1752 1993 1850 2024 eum
1882 1979 2040 2022 Lacu-

336 2078 523 2119 ΜΑΝΝο,
553 2067 763 2121 siquidem
797 2069 997 2123 opposita
1029 2066 1136 2110 haec
1167 2071 1233 2109 est
1265 2068 1494 2110 sententia.
1556 2066 1737 2122 Cupiam
1767 2064 1933 2118 sanari,
1964 2064 2039 2117 ait,

335 2147 372 2188 si
402 2151 447 2188 te
478 2160 650 2201 quoque
682 2149 794 2191 velle
826 2153 997 2204 putem,
1042 2153 1088 2190 at
1127 2162 1213 2191 non
1255 2149 1450 2203 cupiam,
1495 2147 1532 2190 si
1575 2152 1623 2189 tu
1664 2160 1735 2190 me
1776 2159 1862 2190 non
1902 2158 2037 2190 ames.

338 2230 543 2275 Ceterum
574 2233 734 2275 lento
765 2237 832 2275 est
863 2232 998 2285 duro,
1029 2245 1116 2274 non
1146 2237 1391 2285 commoto,
1421 2237 1470 2274 ut
1497 2237 1679 2275 constat.
1713 2255 1772 2264 ·-—

755 2621 1354 2683 CARMEN
1484 2621 1635 2681 XII.

334 2950 578 3024 Puella
607 2975 920 3031 repentino
950 2973 1119 3017 animi
1149 2977 1301 3018 motu
1332 2971 1606 3016 hesterna
1647 2977 1816 3017 noete
1856 2985 2037 3017 aman-

334 3066 443 3105 tem
500 3058 834 3104 Corinthum
890 3058 1261 3112 deseruerat,
1322 3059 1417 3114 qui
1476 3058 1544 3102 ad
1601 3072 1723 3103 eam
1779 3061 2034 3104 venerat.

335 3141 493 3185 Nunc
540 3145 780 3185 excusat
826 3141 878 3184 ei
924 3139 1068 3184 hane
1113 3140 1447 3184 stultitiam.

454 3225 626 3268 Verba:
677 3224 757 3268 Ne
787 3225 897 3267 tibi
928 3226 1027 3268 sim
1058 3239 1152 3281 sqq.
1183 3230 1284 3269 sunt
1314 3225 1613 3269 asseverantis.
1673 3225 1776 3278 Sie,
1817 3223 1904 3277 ait,
1949 3237 2034 3267 uon

334 3310 423 3350 tam
465 3307 667 3349 ardenter
711 3321 736 3349 a
778 3312 822 3350 te
864 3321 982 3351 amer
1024 3322 1075 3352 ac
1107 3321 1268 3366 paucos
1298 3314 1399 3352 ante
1429 3308 1524 3352 dies
1555 3307 1755 3362 amabar,
1793 3306 1875 3351 nisi
1903 3308 2036 3350 stulte
2114 3331 2115 3334 =

335 3387 418 3432 feci
449 3389 563 3446 quod
594 3394 637 3434 te
668 3391 836 3446 reliqui.
868 3413 924 3424 —

2117 452 2156 493 1,,
