2158 3750
353 301 420 347 27
428 299 455 342 6
758 287 1228 344 COMMENTAR.
1262 291 1338 343 IN
1374 293 1666 347 TIBULLI

354 440 532 494 aliisque
565 435 697 488 locis·‚
740 435 816 478 sed
849 434 1092 479 huiusmodi
1126 437 1300 480 oracula
1332 449 1417 479 non
1451 435 1692 480 habuerunt
1721 438 1845 494 itali,
1881 445 1926 483 et
1955 455 2052 484 cum

353 537 454 567 mox
485 521 723 575 Sibyllinae
755 524 895 562 sortes
927 525 1233 573 memorentur,
1265 520 1381 575 quod
1414 534 1552 576 genus
1582 522 1734 568 simile,
1767 535 1850 576 ego
1881 527 2054 581 proprie

352 605 420 647 hic
452 616 602 646 vocem
634 603 800 658 accipio
846 615 944 645 cum
986 603 1109 656 aliis,
1159 606 1207 644 ut
1238 602 1440 645 distincta
1472 615 1632 657 genera
1662 607 1866 657 quattuor
1895 603 2053 647 habea-

350 702 457 731 mus.
520 688 630 730 Cum
672 691 812 728 sortes
856 686 910 727 ab
956 686 1259 729 illustrioribus
1306 672 1396 728 turn
1419 685 1520 740 ⁸fere
1551 690 1928 730 contemnerentur
1957 686 2058 728 Ro-

347 784 444 814 mae
477 769 554 824 (cf.
589 768 643 812 ad
674 769 709 822 I,
739 772 783 822 3,
819 769 942 825 IL),
972 769 1193 812 Hermus
1229 770 1408 826 opponit
1435 768 1574 826 plebis
1603 769 1955 826 superstitIOnem
1985 769 2055 811 ni-

347 853 428 894 mis
458 860 630 895 tenuem
662 864 757 894 esse
788 851 899 893 inter
930 850 1006 894 has
1047 852 1241 908 publicas
1285 851 1458 904 laudes,
1506 852 1707 894 concedit
1738 856 1883 894 tamen
1914 851 2054 894 Prae-

346 935 535 976 nestinas
583 938 724 976 sortes
773 946 901 989 posse
945 932 1028 976 huc
1073 933 1233 976 vocari.
1310 932 1371 975 Et
1421 931 1502 976 hoc
1551 933 1772 976 faciamus.
1847 934 2054 976 Sunwon.

347 1017 496 1060 Tiber.
528 1019 611 1058 63:
665 1014 823 1058 Vicina
862 1029 962 1056 vero
996 1012 1097 1055 urbi
1135 1013 1320 1056 oracula
1356 1014 1493 1055 etiam
1524 1013 1724 1056 disiicere
1754 995 1949 1055 conatus
1970 1021 2056 1060 est,

346 1098 426 1138 sed
469 1098 705 1139 maiestate
749 1094 1147 1138 Praenestinarum
1187 1094 1378 1136 sortium
1425 1095 1614 1138 territus
1659 1094 1850 1139 destitit.
1926 1095 2050 1138 Unde

346 1189 527 1240 apparet
556 1185 597 1226 in
637 1196 723 1237 quo
756 1181 917 1223 honore
949 1180 1048 1222 illae
1091 1180 1221 1222 etiam
1252 1185 1344 1221 tum
1379 1180 1550 1224 suerint.
1611 1181 1725 1226 Vide
1756 1182 1880 1236 plura
1911 1181 1965 1223 de
1997 1181 2048 1223 iis

344 1282 414 1324 ap.
447 1267 609 1309 C1cssn.
650 1265 704 1308 de
738 1265 877 1307 Divin.
911 1263 969 1317 ΙΙ,
1002 1265 1073 1305 41.
1136 1261 1227 1304 Sed
1271 1267 1394 1304 erant
1424 1268 1566 1305 sortes
1605 1262 1804 1318 publicae
1845 1263 1974 1305 etiam
2006 1264 2048 1306 in

343 1352 437 1394 aliis
470 1350 662 1401 urbibus,
693 1353 742 1390 ut
767 1346 880 1403 apud
914 1346 1127 1398 Caerites,
1160 1345 1261 1387 le.
1293 1344 1416 1398 XXI,
1448 1347 1522 1387 61.
1556 1343 1630 1386 ubi
1662 1343 1776 1387 conf.
1806 1343 2049 1400 interprett.

342 1432 468 1476 Adde
498 1432 806 1475 Nusnumuum
847 1429 1016 1471 Histor.
1046 1427 1176 1470 Rom.
1209 1427 1264 1469 T.
1296 1426 1331 1469 I.
1366 1441 1406 1482 p.
1439 1430 1528 1469 565
1559 1438 1654 1480 sqq.
1686 1425 1742 1468 de
1774 1424 1855 1469 hoc
1885 1438 2047 1480 genere

342 1516 658 1571 disputantem,
691 1512 806 1567 quod
838 1512 1027 1554 maxime
1058 1509 1257 1552 Italicum
1288 1509 1490 1562 videtur,
1523 1513 1571 1551 ut
1598 1508 1800 1551 Tibullus
1828 1509 1957 1552 aliter
1981 1510 2048 1552 in-

340 1598 478 1652 telligi
505 1570 589 1639 non
617 1595 787 1638 debeat.
814 1616 871 1626 -
906 1591 1235 1650 praesentit
1265 1591 1358 1633 scil.
1383 1590 1542 1645 futura,
1575 1592 1773 1634 absolute
1795 1591 2048 1636 dictum.—

339 1696 460 1726 cum
490 1682 629 1724 deus
661 1685 790 1722 exta
818 1678 858 1722 h.
894 1692 932 1721 e.
966 1680 1085 1720 iecur
1115 1677 1326 1729 maxime,
1358 1677 1618 1730 signavit
1648 1678 1828 1730 notis,
1863 1678 2047 1733 impres-

340 1767 398 1808 sit
439 1766 566 1819 signa
612 1762 770 1815 futuri,
818 1761 962 1816 qualia
1006 1759 1214 1803 describit
1254 1759 1515 1802 Mfsmneznns
1544 1758 1588 1802 in
1618 1759 1728 1803 libro
1767 1760 1823 1803 de
1850 1759 2049 1804 Etruscis

337 1848 464 1890 Tom.
497 1846 556 1889 ΙΙ.
605 1860 646 1901 p.
699 1847 783 1886 182
814 1857 907 1898 sqq.
990 1842 1057 1886 Ad
1104 1857 1144 1887 v.
1189 1849 1324 1883 notae
1369 1842 1519 1885 confer
1565 1855 1663 1886 cum
1713 1836 2046 1888 Biotrcxrmsm

338 1931 467 1975 ovid.
498 1931 605 1973 Met.
639 1929 735 1983 Vll,
767 1932 882 1972 600:
928 1925 1069 1969 Fibra
1100 1943 1274 1986 quoque
1305 1942 1444 1987 aegra
1474 1935 1609 1970 notas
1639 1929 1734 1971 veri
1763 1929 2046 1989 monitusque

338 2015 517 2059 deorum
559 2012 846 2055 Prodiderat.
923 2011 1047 2055 Adde
1092 2013 1328 2056 Vunpnm.
1400 2012 1561 2056 Graeci
1609 2022 1783 2070 σημεῖον
1829 2014 2046 2068 dixerunt,

335 2105 384 2144 ut
429 2101 560 2143 Sum.
608 2103 651 2141 et
697 2096 906 2139 Hnsxcn.
951 2108 993 2137 v.
1036 2088 1162 2146 λοβὸς
1206 2092 1312 2135 haec
1357 2091 1540 2136 habent:
1592 2090 1768 2150 σημεῖόν
1808 2110 1854 2136 τι
1898 2097 1941 2137 ἐν
1979 2097 2045 2152 τῷ

334 2177 486 2239 ἥπατι.
518 2207 570 2214 --
624 2182 903 2233 Lubrica,
947 2185 997 2221 ut
1025 2192 1158 2234 saepe
1189 2178 1365 2220 difficile
1396 2179 1454 2221 sil:
1483 2176 1655 2224 tenues*-
1665 2179 1889 2235 fluxasque
1919 2187 2044 2225 notas

334 2269 605 2323 dignoscere.
642 2290 702 2297 —-
768 2266 820 2308 V.
864 2268 919 2306 15
960 2277 1026 2317 sq.
1087 2262 1332 2315 Sibylla,
1403 2263 1552 2317 Aegre
1598 2277 1728 2306 careo
1771 2263 1840 2308 hic
1884 2279 1924 2311 v.
1973 2275 2044 2309 est

333 2351 435 2395 inde
467 2351 520 2392 ab
554 2348 650 2391 Ald.
684 2349 813 2389 1515.
848 2347 976 2398 lecto,
1009 2357 1107 2387 cum
1140 2336 1428 2401 oppositionis
1458 2346 1571 2388 ratio
1603 2348 1795 2403 postulet
1826 2354 1872 2391 ut
1895 2351 2041 2406 paullo

330 2438 552 2479 fortiorem
584 2437 809 2475 accentum
840 2444 878 2474 v.
911 2427 1087 2486 Sibylla
1119 2428 1301 2483 habeat,
1332 2430 1402 2473 cui
1434 2432 1500 2474 rei
1529 2431 1735 2476 inserviet
1764 2434 1927 2494 optime
1957 2443 2041 2483 eset,

330 2521 386 2564 cf.
415 2520 468 2563 ad
500 2520 535 2573 I,
570 2523 610 2572 1,
641 2520 712 2561 34.
774 2518 919 2572 Saepe
951 2516 1211 2559 monuimus.
1273 2515 1365 2559 Sed
1395 2515 1626 2561 dIcendum
1658 2517 1714 2562 de
1745 2495 1926 2574 sffiilis
1958 2526 2039 2575 est,

330 2607 384 2649 de
413 2605 568 2660 quibus
598 2603 727 2645 etiam
760 2602 979 2643 Hmmus
1011 2601 1262 2656 disputavit.
1324 2600 1463 2643 Erant
1504 2602 1700 2657 Sibyllae
1743 2609 1864 2648 vates
1901 2607 2039 2663 Apol-

327 2691 491 2743 lineae,
519 2674 780 2728 habitantes
827 2683 901 2726 ubi
945 2683 1106 2738 templa
1147 2682 1231 2724 dei.
1294 2682 1557 2726 Huiusmodi
1591 2686 1814 2729 oraculum
1854 2669 2093 2742 ffibylli;'‘

326 2785 428 2814 num
462 2771 631 2813 exstitit
660 2769 761 2811 olim
794 2769 926 2810 etiarn
957 2766 1072 2822 apud
1105 2764 1391 2820 Gergithios,
1434 2768 1508 2821 qui
1538 2767 1808 2812 Teucrorum
1838 2757 2090 2817 veterum³⁶
2115 2776 2118 2781 '

322 2855 533 2909 reliquiae
578 2866 603 2896 e
645 2865 782 2906 regno
825 2851 1018 2893 Troiano
1062 2849 1349 2892 consederant
1390 2851 1434 2892 in
1469 2851 1715 2894 recessibus
1743 2852 1874 2908 Idae,
1919 2856 2035 2898 conf.

322 2939 570 2982 Hunono'r.
605 2936 699 2989 vll,
731 2938 802 2977 43.
836 2936 1022 2977 ATHEN.
1052 2934 1131 2989 VI,
1162 2938 1265 2986 256,
1298 2947 1336 2976 c.
1398 2933 1606 2977 Habebat
1637 2936 1751 2978 enim
1781 2937 1886 2980 urbs
1915 2939 2032 2981 Ger-

320 3024 388 3077 gis
432 3021 639 3077 templum
685 3024 809 3062 vetus
853 3017 1090 3073 Apollinis,
1138 3017 1194 3060 cf.
1235 3018 1477 3060 STEPHAN.
1520 3016 1735 3061 BYzAwr.
1780 3032 1821 3061 v.
1862 3021 2034 3077 Γέργις,
2115 3037 2117 3041 ·

318 3107 486 3159 Sibylla
528 3109 671 3146 autem
706 3102 830 3144 istius
874 3102 1065 3156 regionis
1108 3102 1437 3158 Hellespontica
1478 3101 1596 3144 dicta
1637 3103 1728 3146 sive
1760 3096 2032 3161 Mermessia‚
2114 3094 2119 3115 ³

317 3187 373 3231 cf.
407 3188 644 3229 LAc'rAN'r.
679 3186 784 3227 lust.
814 3185 849 3238 I,
881 3188 933 3238 63
976 3198 1074 3227 nam
1108 3184 1374 3227 Mermessus
1414 3189 1508 3228 erat
1538 3179 1659 3241 κώμη
1689 3188 1931 3242 Γεργιθία,
1976 3189 2031 3234 cf.

317 3275 450 3316 Sum.
512 3271 604 3313 lam
637 3269 842 3313 credibile
874 3273 941 3311 est
971 3268 1039 3312 hic
1071 3268 1273 3312 vaticinia
1303 3273 1398 3311 orta
1431 3267 1485 3310 de
1519 3281 1632 3311 novo
1662 3268 1768 3312 flore
1797 3271 1919 3326 regni
1950 3273 2031 3315 sub
2111 3275 2132 3324 J

316 3352 530 3395 Aeneadis
563 3351 733 3405 futuro,
777 3350 1137 3405 quemadmodum
1176 3351 1306 3393 etiam
1346 3349 1539 3393 Hostum
1570 3352 1690 3395 locus
1722 3352 2030 3398 celeberrimus

317 3436 372 3478 de
411 3434 623 3479 Aeneadis
666 3432 720 3477 ad
764 3432 873 3477 hanc
918 3434 1070 3479 urbem
1113 3433 1332 3490 pertinere
1374 3414 1545 3477 videtur
1574 3434 1623 3478 Il.
1654 3434 1756 3492 XX,
1788 3417 1892 3481 307.
1953 3437 2029 3480 Sic
