2158 3750
302 249 400 292 353
687 238 1159 293 COMMENTAR.
1202 239 1275 290 IN
1317 240 1606 292 TIBULLI

304 384 497 430 PrImum
532 382 753 427 dicebatur
783 383 922 425 inesse
954 382 1023 431 ia,
1071 388 1117 427 ut
1155 382 1270 439 apud
1311 384 1509 438 antiquos
1541 387 1694 439 poetas
1726 388 1769 426 et
1799 383 1997 435 Qrcssno*

306 482 431 521 mm,
479 465 634 508 deiude
664 465 829 508 dativus
861 465 1057 520 usurpari
1088 469 1268 519 coeptus
1298 463 1439 506 inesse
1471 462 1640 511 alicui,
1681 467 1729 506 ut
1758 463 1926 518 'riu-1,
1954 469 2000 511 6,

308 555 377 593 34.
438 549 527 592 Sed
559 547 640 592 hoc
669 550 766 592 loco
799 553 865 592 est
894 549 1185 592 memorabilis
1217 554 1435 592 structura
1471 555 1652 605 pectore
1680 546 1822 591 inesse
1863 562 1927 604 pr.
1958 549 2000 591 in

309 636 485 687 pectore
516 645 636 685 esse,
683 645 809 686 quam
852 645 948 674 cum
981 631 1224 674 Husclfluo
1265 644 1403 686 nuper
1444 631 1758 674 Elcns'mmus
1799 629 2003 672 defendit.

308 719 452 770 Atque
484 713 551 758 hic
582 721 803 771 comparat
833 717 1015 759 Pmm
1047 715 1334 771 fragmentum
1365 729 1433 771 ap.
1466 715 1644 757 Festum
1675 726 1716 757 v.
1737 698 1883 768 fiber:
1931 709 2004 752 Sic

309 810 373 837 me
416 794 547 838 subes
590 796 787 855 quotidie
827 798 960 856 quasi
991 795 1114 854 fiber
1151 796 1346 840 salicem.
1405 797 1488 840 Ille
1528 795 1676 840 laudat
1705 795 1923 838 CoR'rIUn
1952 794 2006 836 ad

309 881 506 924 Sallustii
546 881 673 924 Catil.
705 882 762 935 ll,
805 886 856 925 9:
909 881 1062 940 aliquo
1110 880 1286 940 negotio
1333 879 1560 928 intentos,
1603 880 1910 922 BURnANNtm
1951 877 2009 921 nd

310 963 491 1006 Suetou.
527 965 652 1007 CaeS.
687 969 770 1007 66:
815 964 1122 1006 vetustissima
1153 979 1268 1010 nave
1297 962 1550 1020 impositos,
1595 968 1640 1006 et
1680 963 2009 1005 Rufluxunum

311 1046 366 1089 ad
397 1047 577 1090 Terent·
617 1046 792 1090 Phorm.
823 1047 859 1100 I,
891 1048 933 1101 4,
973 1050 1031 1089 2:
1082 1048 1163 1087 Ita
1204 1060 1324 1087 nunc
1365 1044 1639 1102 imparatum
1680 1043 1828 1088 subito
1874 1051 2010 1085 tanta

313 1143 378 1170 me
408 1128 662 1186 impendent
692 1128 830 1172 mala.
861 1149 922 1161 —
972 1128 1027 1171 V.
1058 1130 1116 1170 85
1150 1140 1244 1182 sqq.
1307 1129 1516 1182 Sequitur
1544 1140 1701 1182 magna
1733 1125 1860 1182 copia
1890 1137 2011 1168 com-

312 1212 582 1268 parationum
614 1217 658 1254 et
688 1211 921 1265 imaginum
939 1241 951 1264 ,
994 1222 1103 1264 quas
1133 1222 1260 1253 nemo
1297 1222 1385 1252 non
1418 1209 1538 1253 videt
1566 1209 1831 1265 ineptissime
1860 1221 2011 1253 cumu-

316 1296 438 1338 latas.
471 1318 522 1326 —
555 1294 689 1336 Nam
723 1299 778 1336 te
811 1305 911 1336 nec
943 1292 1088 1335 vasti
1123 1296 1208 1334 etc.
1267 1291 1440 1334 Primus
1468 1295 1538 1335 est
1567 1291 1796 1334 Houssnus
1817 1290 1869 1335 11.
1891 1291 2014 1344 XVI,

312 1380 386 1422 34.
425 1376 505 1420 hac
540 1377 756 1420 locutione
797 1390 902 1420 usus
932 1375 988 1419 ad
1019 1375 1238 1419 crudelem
1278 1375 1464 1419 animum
1496 1374 1827 1430 designandum·
1885 1375 2013 1432 Apud

313 1459 532 1503 Tibullum
565 1460 750 1502 vidimus
789 1473 880 1502 rem
921 1459 956 1512 I,
987 1462 1032 1512 2,
1063 1461 1137 1503 42.
1198 1457 1322 1502 Adde
1353 1458 1560 1502 cnam..
1593 1458 1714 1512 LXI,
1750 1461 1853 1502 155.
1882 1457 2015 1503 ulios-

314 1555 398 1596 que
435 1545 594 1586 multos
635 1545 756 1586 locos
798 1543 914 1599 apud
953 1544 1348 1598 Bnoucmrusrmu,
1405 1543 1560 1598 quibus
1609 1544 1740 1587 etiam
1790 1542 2018 1598 sequentia

316 1626 595 1670 illustrantur.
655 1627 738 1670 Est
768 1634 912 1670 autem
941 1628 1119 1681 vasti,
1151 1627 1328 1681 deserti,
1359 1641 1386 1669 a
1417 1628 1538 1670 cultu
1567 1625 1753 1670 humano
1782 1626 1931 1672 alieni.
1956 1647 2015 1659 —

316 1710 591 1752 flammam
622 1711 882 1765 volvem,
914 1725 1133 1766 evomenS,
1165 1713 1303 1757 Vme.
1335 1713 1503 1766 Georg.
1533 1710 1570 1764 Ι,
1601 1713 1788 1755 472-
1817 1710 2017 1766 angui·

318 1806 415 1836 nea
446 1793 756 1836 redimitus
788 1799 956 1848 terga
986 1798 1243 1848 caterva,
1289 1794 1411 1838 cuius
1442 1794 1603 1837 collum
1623 1798 1679 1837 -et
1709 1797 1883 1847 tergum
1912 1805 2016 1836 ceu-

318 1885 406 1921 tum
438 1878 709 1934 serpentibus
747 1879 948 1921 cinctum.
1010 1879 1171 1921 Forma
1213 1877 1466 1935 anguineae
1510 1877 1758 1922 defenditur
1797 1891 1824 1921 a
1856 1878 2019 1922 Vosslo

320 1967 364 2004 et
395 1962 651 2004 Huscnxro.
676 1984 732 1992 —·
766 1962 1092 2014 Scyllaque.
1154 1960 1294 2014 Virgo
1327 1974 1511 2016 corpore
1543 1961 1585 2004 in
1616 1960 1795 2004 caudam
1826 1961 2018 2004 marinae

318 2044 487 2086 belluae
526 2049 739 2097 exeunte,
770 2044 946 2098 inguina
976 2044 1194 2085 succincta
1228 2042 1390 2086 liabens
1421 2045 1603 2086 canibus
1634 2044 1915 2098 latrantibus,
1960 2044 2014 2087 cf.

320 2128 481 2171 CrcssR.
514 2127 682 2170 Verrin.
727 2128 779 2180 V,
819 2131 891 2170 56.
942 2127 1150 2170 Lucum.
1182 2128 1237 2181 V,
1269 2131 1374 2172 893.
1423 2128 1560 2170 Ovrn.
1603 2127 1713 2171 Met.
1753 2127 1877 2182 xm,
1914 2130 2020 2170 732.

318 2213 507 2255 men.
540 2211 694 2265 Eclog.
726 2211 802 2263 Vl,
843 2213 942 2264 74„
975 2225 1087 2265 quae
1119 2213 1263 2254 attulit
1296 2213 1670 2255 Bnotrcxuusrus.
1731 2212 1859 2255 Adde
1889 2213 2016 2257 Voss.

319 2293 373 2336 ad
404 2294 527 2346 Virg.
560 2294 588 2335 l.
621 2294 694 2336 cit.
727 2297 771 2334 et
802 2293 843 2334 in
875 2291 1019 2347 Epist.
1052 2292 1238 2348 Mythol.
1269 2293 1305 2347 Ι,
1337 2296 1410 2336 33.
1443 2315 1500 2325 -
1548 2294 1714 2348 tulit,
1756 2295 1851 2338 scil.
1881 2301 2021 2350 utero,

318 2374 374 2417 cf.
420 2374 596 2418 Ius'rm.
641 2374 742 2427 XII,
776 2377 844 2418 16.
900 2376 1042 2418 locum
1089 2389 1115 2418 a
1160 2375 1286 2418 nobis
1332 2388 1463 2431 supra
1508 2375 1728 2420 laudatum
1775 2376 1829 2420 ad
1877 2391 1918 2421 v.
1947 2381 2018 2422 26.

320 2457 418 2500 Non
462 2462 528 2500 est
569 2457 702 2511 igitur
742 2470 853 2513 opus
895 2462 944 2500 ut
987 2457 1100 2498 tulit
1132 2473 1174 2514 p.
1209 2458 1417 2514 protulit,
1465 2458 1602 2502 edidit
1644 2459 1926 2515 explicemus.
1965 2483 2021 2492 —

321 2540 679 2584 horrendave
723 2541 935 2594 Syrtis.
1009 2539 1154 2583 Etiam
1195 2539 1278 2585 hae
1319 2541 1522 2595 regiones
1563 2541 1736 2598 saepius
1778 2541 1821 2585 in
1863 2542 2023 2586 talibus

320 2628 636 2676 memorantur,
685 2622 739 2665 cf.
782 2623 990 2666 Caurum„
1021 2622 1140 2676 LXI,
1185 2625 1286 2666 156.
1337 2623 1472 2667 Ονω.
1515 2623 1626 2667 Met.
1667 2624 1788 2678 vm,
1828 2627 1930 2667 120.
1960 2647 2021 2662 -.-

321 2706 481 2749 duris
512 2720 616 2749 non
649 2706 982 2761 habitanda,
1013 2707 1088 2749 ubi
1118 2708 1241 2750 locus
1271 2720 1358 2750 non
1388 2712 1457 2751 est
1486 2707 1618 2750 duris.
1651 2727 1709 2741 -
1751 2707 1807 2752 V.
1836 2709 1895 2750 93
1926 2721 2021 2764 sqq.

323 2789 439 2834 Male
471 2791 677 2833 BAcnms
708 2804 805 2833 cum
841 2791 1003 2835 Vossro
1034 2787 1125 2831 Sed
1152 2790 1319 2846 recepit
1350 2803 1374 2832 e
1406 2788 1664 2844 quibusdam
1695 2788 1910 2832 inferioris
1941 2801 2021 2844 ge-

320 2873 435 2915 neris
466 2873 585 2915 libris
622 2886 686 2929 pr.
727 2872 812 2916 Et.
872 2873 968 2915 Nec
1000 2873 1200 2915 convenit
1239 2871 1456 2927 Lygdami
1487 2872 1672 2916 orationi
1703 2870 1811 2915 haec
1841 2885 2022 2916 nervosa

323 2957 539 3012 repetitio.
571 2980 631 2989 —
671 2957 841 3009 longe
880 2959 1011 2998 ante
1053 2956 1198 2998 alias
1239 2969 1436 2998 omnes
1477 2956 1789 3000 mitissima
1827 2960 2022 3001 mater.

324 3039 474 3095 inepte
506 3040 722 3082 cumulata
752 3038 859 3082 haec
891 3052 987 3083 esse
1018 3039 1264 3082 observavit
1293 3044 1394 3082 ante
1425 3053 1503 3083 nos
1533 3039 1875 3094 Ercusmmus3
1922 3053 2020 3083 nam

321 3122 564 3165 sufficiebat
603 3135 761 3177 unum,
808 3123 941 3166 veluti
983 3124 1173 3167 Vmern.
1202 3122 1312 3165 Aen.
1343 3122 1379 3176 I,
1415 3125 1507 3166 347
1523 3137 1535 3165 ε
1579 3121 1821 3180 Pygmalio
1862 3122 2020 3165 scelere

323 3211 428 3245 ante
459 3205 572 3248 alios
603 3205 834 3248 immanior
866 3221 1024 3254 omnes,
1056 3211 1100 3250 et
1130 3206 1240 3249 infra
1269 3206 1349 3259 lv,
1385 3210 1458 3260 13,
1489 3209 1572 3249 16:
1621 3207 1749 3264 Quae
1780 3205 1879 3248 sola
1914 3213 2020 3248 ante

324 3286 437 3330 alios
465 3295 534 3330 est
564 3287 674 3330 mihi
706 3302 870 3346 magna
902 3289 1018 3335 cleos,
1080 3291 1286 3334 Ceterum
1328 3297 1436 3332 ante
1480 3289 1598 3331 alias
1640 3304 1786 3332 omnes
1826 3290 2019 3345 intellige

321 3374 493 3415 matres.
570 3371 696 3428 Apud
727 3371 888 3416 Tibull.
921 3372 979 3426 ΙΙ,
1010 3374 1051 3426 4,
1082 3376 1167 3417 24:
1224 3372 1315 3416 Sed
1349 3374 1499 3415 Venus
1542 3380 1648 3416 ante
1678 3372 1792 3416 alios
1825 3380 1892 3415 est
1923 3372 2019 3416 vio—-
