2158 3750
706 241 887 295 LIBR.
923 243 964 295 Ι.
1036 242 1235 298 ELEG.
1273 242 1366 294 IV.
1817 250 1881 295 93

180 393 427 452 epitheton,
469 398 520 441 ut
549 395 909 451 Buoucxuusro,
951 395 1144 450 Voss1o,
1183 395 1281 440 aliis
1311 393 1473 450 visum,
1517 391 1598 439 sed
1628 394 1667 441 sl
1695 408 1787 441 rem
1825 397 1884 441 ob

180 484 329 525 oeulos
360 482 438 525 tibi
466 482 677 538 posueris,
705 482 924 534 levissimi,
956 479 1218 537 rapidissimi
1248 493 1401 524 cursus
1422 480 1651 536 imaginem
1674 479 1882 537 graphice

176 564 361 619 exprimi
402 564 563 607 senties
605 562 737 620 (iiber
778 562 915 605 Land
955 562 1052 606 und
1089 563 1426 606 Meeresriicken
1465 563 1682 623 lzinuseg).
1761 565 1883 609 Male

175 658 279 688 vero
327 646 596 689 Huscmmxs
646 659 689 703 p.
736 652 962 692 extrema,
1019 644 1316 687 remotissima
1362 647 1684 703 iuterpretatur.
1759 648 1882 694 Male

174 728 305 772 etiam
330 730 550 782 Vum‘rus,
578 730 648 772 cui
671 730 905 772 assentitur
924 728 1226 782 Gommurtm,
1257 728 1474 773 levitatem
1499 730 1676 787 periurii
1697 732 1882 788 exprimi

173 818 299 869 putat
328 812 371 856 in
401 813 629 870 superficie
659 811 752 856 lati.
810 809 909 854 Nec
938 810 1148 854 librorum
1177 811 1447 867 quorundam
1478 814 1707 858 lectionem
1738 813 1877 876 longa

170 910 196 939 a
219 897 550 940 Bnoucxnusro
574 893 811 948 defensam,
843 893 1128 938 dubitandum
1157 895 1452 938 coniecturam
1483 909 1581 940 esse
1611 910 1878 954 supervaca-

170 989 311 1022 neam.
371 977 566 1033 Denique
596 976 653 1020 ad
698 977 958 1021 sententiam
987 976 1104 1033 quod
1139 979 1296 1022 attinet
1325 977 1382 1022 de
1414 968 1615 1036 periuriis
1644 982 1880 1028 amantium

168 1059 310 1117 puniri
338 1072 366 1103 a
398 1059 480 1103 diis
513 1073 600 1104 uon
630 1061 787 1116 solitis,
816 1060 943 1104 multi
972 1063 1075 1105 'suut
1101 1062 1194 1106 uoti
1223 1061 1279 1107 de
1310 1075 1364 1107 ea
1387 1075 1437 1107 re
1466 1063 1566 1108 loci.
1628 1064 1694 1109 cf.
1724 1067 1876 1113 Pnu.

166 1141 337 1188 Phileb.
367 1157 412 1200 p.
443 1146 518 1196 65,
549 1142 602 1186 Ο.
632 1143 782 1198 ibique
812 1143 1113 1188 Swumustm.
1143 1145 1347 1202 Sympos.
1379 1161 1422 1203 p.
1449 1149 1552 1202 183,
1583 1147 1638 1191 B.
1677 1147 1876 1196 Cannu.

166 1226 250 1283 Ep.
281 1229 357 1271 26.
421 1226 534 1270 Add.
566 1228 818 1272 Genium).
851 1227 909 1272 ad
950 1227 1064 1271 huuc
1093 1228 1257 1272 Tibulli
1287 1230 1371 1272 loc.
1402 1229 1582 1276 IAcoBs.
1611 1230 1666 1275 ad
1700 1232 1875 1282 Authol.

165 1308 218 1352 Τ.
242 1308 279 1363 I,
307 1325 352 1367 p.
372 1312 478 1354 261.
511 1314 556 1353 et
585 1310 882 1354 Mrrscmzm..
913 1308 969 1352 ad
999 1309 1156 1355 Horat.
1187 1310 1246 1364 H,
1277 1313 1322 1364 8,
1355 1314 1429 1356 13.
1448 1333 1507 1346 -
1538 1313 1592 1358 V.
1609 1317 1668 1356 23
1688 1329 1753 1370 sq.
1784 1328 1875 1360 ve-

165 1393 278 1437 tuit
307 1398 476 1450 pater
515 1394 639 1450 ipse
670 1393 869 1437 valere
900 1407 994 1449 sqq.
1055 1394 1230 1438 Primus
1261 1395 1375 1438 enim
1406 1396 1595 1439 omnium
1624 1397 1719 1453 ipse
1750 1398 1875 1455 peie-

163 1477 277 1520 ravit
316 1477 432 1534 apud
472 1476 723 1520 Hsssmmm
767 1477 812 1520 in
854 1477 1083 1533 Aegimio,
1125 1491 1218 1522 rem
1258 1479 1419 1522 nullam
1462 1491 1511 1521 se
1541 1477 1741 1524 habuisse
1773 1494 1871 1526 cum

162 1561 295 1615 Ione,
339 1566 389 1604 ut
430 1560 564 1605 refert
604 1562 942 1606 Aponnononus
989 1559 1197 1606 Biblioth.
1239 1562 1298 1616 II,
1343 1565 1385 1616 1,
1415 1565 1458 1605 3.
1505 1563 1581 1606 ubi
1622 1561 1677 1607 cf.
1708 1564 1868 1608 Hem.

162 1645 388 1702 spectavit
429 1650 574 1689 autem
603 1646 941 1690 Aponnononus
972 1647 1140 1700 locum,
1185 1658 1316 1701 quem
1346 1644 1613 1689 Scholiastes
1654 1646 1709 1688 ad
1741 1647 1867 1690 Pm-

163 1742 299 1773 roms
339 1730 615 1786 Symposium
654 1745 699 1787 p.
731 1733 834 1774 183.
866 1731 1019 1775 affert:
1065 1731 1110 1772 ἔκ
1145 1725 1270 1772 τοῦδ’
1300 1723 1426 1786 ὅρκον
1465 1727 1623 1786 ἔθηκεν
1667 1725 1868 1779 α’,ιιείνονα

163 1805 459 1869 ἐνθρῶποισιν
489 1812 720 1862 vecordias·
751 1811 886 1870 ἔργων
917 1813 1014 1870 περὶ
1042 1807 1290 1869 Κύπριδος.
1321 1834 1380 1846 -
1424 1812 1662 1868 ineptus
1703 1824 1870 1866 amor,

162 1905 336 1946 amens,
366 1892 440 1948 qui
469 1894 601 1936 stulte
628 1893 742 1937 iurat
771 1907 883 1949 quae
913 1895 1058 1937 facere
1090 1893 1320 1949 postmodo
1349 1907 1430 1937 nee
1460 1895 1596 1950 possit
1626 1907 1708 1937 nec
1739 1894 1860 1948 velit,

161 1979 211 2018 ut
236 1975 300 2018 ait
328 1974 561 2019 Hermus.
621 1975 891 2018 Tribuuntur
918 1975 1053 2030 igitur
1082 1963 1221 2016 amori
1249 1987 1361 2030 quae
1398 1976 1559 2019 amanti
1589 1977 1865 2030 conveniunt,

160 2055 216 2100 cf.
245 2055 301 2100 ad
331 2056 368 2111 Ι,
396 2060 441 2110 2,
475 2061 545 2101 11.
607 2058 814 2102 Ceterum
840 2059 926 2103 vid.
957 2059 1013 2103 de
1044 2059 1192 2115 inepto
1222 2071 1372 2102 amore
1403 2060 1534 2102 etiam
1565 2059 1865 2103 Mrrscnssut..

158 2137 214 2182 ad
244 2138 400 2183 Horat.
430 2139 488 2194 11,
525 2143 570 2194 8,
614 2144 686 2184 13.
730 2145 778 2184 et
818 2139 1001 2184 Nsem..
1042 2139 1085 2183 in
1129 2141 1225 2184 Act.
1259 2140 1427 2184 Societ.
1474 2140 1666 2184 Traiect.
1697 2142 1752 2184 T.
1785 2142 1862 2195 lv,

75 2215 80 2217 ’
158 2237 201 2279 p.
223 2226 329 2266 256.
359 2222 562 2266 laudante
589 2224 969 2268 thnssumcmo
1002 2229 1048 2268 et
1075 2224 1333 2268 Huscmcro.
1350 2247 1410 2255 —
1442 2224 1496 2268 V.
1518 2226 1594 2265 25.
1625 2224 1866 2278 Dictyn-

158 2316 236 2348 na.
297 2303 394 2347 Nec
423 2305 624 2348 irascitur
651 2306 819 2359 Diana,
857 2305 935 2348 sed
968 2305 1205 2361 permittit,
1238 2306 1275 2348 si
1304 2318 1384 2361 per
1414 2306 1595 2360 sagittas
1627 2305 1709 2361 ipsi
1740 2317 1863 2348 caras

159 2386 344 2442 peieras.
404 2387 609 2430 Iurabant
640 2389 755 2432 enim
786 2390 918 2432 etiam
951 2401 1031 2444 per
1060 2401 1179 2432 arma
1221 2388 1430 2443 deorum,
1477 2393 1527 2432 ut
1567 2388 1756 2432 ostendit
1784 2388 1863 2431 Iu-

158 2481 267 2513 νει.
296 2469 391 2512 Sat.
427 2469 553 2524 xm,
593 2473 654 2514 78
682 2484 777 2526 sqq.
826 2469 1026 2513 laudatus
1056 2482 1083 2513 a
1112 2470 1291 2513 Suu-no
1322 2475 1367 2514 et
1398 2470 1592 2514 Vunmo.
1644 2469 1862 2514 Ceterum

157 2551 369 2606 Dictynna
398 2553 573 2610 proprie
603 2553 888 2598 Cretensibus
915 2553 1056 2608 dieta,
1103 2554 1160 2598 cf.
1190 2554 1418 2598 Mfinnssm
1450 2554 1650 2609 Aeginet.
1680 2568 1723 2610 p.
1759 2556 1860 2601 164.

156 2639 201 2677 et
229 2633 432 2678 Hosscnr
465 2635 597 2680 Creta
627 2636 683 2681 T.
710 2637 746 2692 1,
777 2652 821 2695 p.
850 2639 924 2682 24.
956 2637 1011 2682 T.
1042 2638 1101 2693 11,
1132 2653 1175 2695 p.
1209 2641 1387 2681 158.-
1418 2637 1614 2681 crines
1645 2650 1859 2694 perque

154 2716 415 2761 Minerva
443 2731 592 2764 suos.
651 2719 788 2763 Flava
825 2718 909 2762 dea
938 2718 1045 2774 fuit,
1076 2719 1133 2763 ef.
1166 2714 1325 2763 Ham.
1356 2718 1412 2762 ad
1442 2717 1485 2763 h.
1519 2719 1548 2762 l.
1579 2723 1624 2763 et
1652 2719 1859 2764 Pmmu.

153 2798 329 2854 Fragm.
383 2800 546 2856 Hymu.
589 2804 634 2847 ⁵.
694 2803 901 2847 Vuroerus
949 2808 995 2848 et
1043 2804 1449 2848 Wrmmzumcmus
1498 2802 1860 2860 pulchritudinem

154 2895 375 2927 comarum
412 2897 439 2928 e
482 2884 784 2931 Csnunscno
826 2888 1014 2945 probant
1054 2887 1162 2933 Lav.
1203 2886 1374 2932 Pallad.
1404 2889 1477 2930 31.
1537 2885 1735 2929 Eandem
1778 2886 1862 2929 ‹le-

156 2964 292 3008 fendit
333 2965 651 3012 Harnnxcmns
689 2969 745 3014 ad
786 2972 969 3016 Scutum
1010 2971 1215 3016 Herculis
1257 2986 1302 3028 p.
1335 2973 1436 3014 170.
1508 2970 1575 3013 Ac
1614 2970 1860 3014 carissimos

156 3048 284 3094 deam
314 3047 514 3094 babuisse
542 3050 684 3095 crines
712 3063 816 3095 snos
845 3064 903 3096 ex
932 3052 1078 3096 fabula
1108 3052 1321 3097 Medusae
1352 3050 1543 3095 ostendit
1573 3051 1861 3094 Bnoucrmu-

158 3145 270 3188 slus,
301 3146 414 3189 quae
445 3134 541 3177 illos
574 3146 679 3191 prae
709 3135 799 3178 suis
823 3139 1157 3192 contempserat,
1190 3135 1245 3178 cf.
1264 3136 1404 3178 Sssuv.
1429 3133 1485 3177 ad
1508 3134 1630 3189 Virg.
1652 3134 1760 3179 Aen.
1786 3133 1860 3189 vl,

153 3219 260 3261 289.
319 3218 434 3262 Hinc
466 3219 651 3262 iuratum
695 3223 762 3261 est
791 3231 870 3276 per
900 3232 992 3263 eoa.
1054 3219 1251 3276 Denique
1279 3219 1395 3276 quod
1431 3219 1507 3263 lias
1537 3233 1651 3263 nunc
1682 3220 1861 3276 potissi-

155 3313 271 3344 mum
303 3300 407 3345 deas
436 3302 545 3346 duas
572 3302 763 3346 nominat
788 3301 1002 3358 Tibullus,
1033 3305 1221 3349 Vossnss
1252 3309 1297 3348 et
1323 3305 1726 3348 Wuunuumcmus
1759 3317 1861 3361 pro-

159 3382 360 3427 babiliter
390 3399 416 3428 a
450 3386 651 3429 castitate
687 3385 880 3441 virginali
913 3398 1058 3431 earum
1091 3393 1321 3444 repetunt3
1368 3401 1464 3432 cum
1508 3390 1620 3437 enim
1652 3389 1860 3447 imprimis
