2086 3756
286 262 389 293 λιιι
962 244 1056 293 DE
1099 239 1296 293 POESI

285 391 414 439 dicta
449 395 625 448 omnia,⁸
662 392 783 440 hanc
819 401 939 456 puta
971 393 1314 463 praestantiam
1343 406 1575 456 summam
1610 394 1757 451 ruris,
1794 392 1977 457 qualem

283 484 452 533 laudat
490 485 691 533 Tibullus
702 488 720 534 Ι

427 580 598 630 Venio
643 578 708 629 ad
754 594 936 629 amores
984 586 1168 646 poetae
1207 585 1258 629 et
1294 582 1515 630 eroticam
1551 587 1752 646 partem
1786 593 1980 628 rerum.

285 677 417 726 Cum
467 677 706 726 Tibullus
759 676 1005 726 rus-ticam
1050 675 1211 728 vitam
1262 685 1533 742 tantopere
1579 672 1784 738 laudet,
1834 671 1980 725 vides

279 771 508 835 primum
545 770 700 820 etiam
737 786 939 821 amores
981 770 1257 835 agrestium
1293 786 1400 820 non
1435 769 1668 835 potuisse
1702 767 1865 818 taceri
1898 769 1980 817 in-

281 879 360 917 ter
397 870 491 918 has
526 866 724 919 laudes.
807 867 1051 920 Profecto
1097 884 1274 919 omnes
1312 866 1682 932 descriptiones
1717 868 1856 915 ruris
1894 881 1980 914 or-

282 963 425 1014 navit
461 961 764 1015 huiusmodi
792 963 935 1027 lociS,
968 964 1150 1015 confer
1183 961 1341 1014 modo
1379 964 1420 1025 I,
1459 967 1541 1024 10,
1580 964 1645 1012 53
1685 978 1800 1028 sqq.
1835 959 1899 1023 ΙΙ,
1933 963 1979 1021 1,

282 1063 346 1109 67
387 1076 499 1127 sqq.
538 1066 584 1123 5,
617 1065 683 1111 35
722 1077 837 1128 sqq.
877 1066 924 1123 5,
959 1064 1056 1110 101
1092 1077 1206 1126 sqq.
1277 1058 1579 1109 Namssrure
1620 1067 1772 1107 natus
1804 1057 1980 1115 Amor,

278 1171 402 1204 rure
457 1153 594 1220 degit
659 1157 944 1204 etiamnum
993 1155 1208 1217 lubens,
1275 1153 1444 1217 placet
1500 1152 1599 1202 sibi
1655 1152 1712 1202 in
1773 1151 1979 1200 rusticis

280 1250 544 1312 moribus,
593 1249 828 1315 loquitur
873 1235 1066 1297 rustica
1114 1245 1278 1297 verba
1325 1247 1574 1307 aratoris,
1618 1246 1837 1294 interest
1872 1246 1979 1293 lae-

275 1352 359 1392 tus
410 1353 460 1392 et
499 1342 739 1408 petulans
782 1341 926 1391 festis
976 1350 1028 1390 et
1072 1339 1428 1407 voluptatibus
1473 1340 1778 1404 agrestibus.
1861 1338 1977 1405 Ipse

275 1454 403 1488 vero
441 1438 682 1495 Tibullus
714 1436 943 1502 primum
979 1451 1203 1486 uxorem
1232 1433 1419 1485 ducere
1453 1444 1502 1484 et
1536 1434 1592 1482 in
1631 1433 1765 1498 agris
1799 1433 1979 1484 vivere

276 1549 394 1583 cum
430 1550 490 1583 ea
524 1533 763 1596 volebat,
814 1529 959 1600 quod
1000 1548 1110 1582 non
1160 1530 1490 1583 observatum
1543 1545 1572 1578 a
1622 1528 1748 1580 viris
1798 1525 1979 1579 doctis.

274 1627 351 1676 Ita
388 1644 519 1679 vero⁴
551 1626 672 1677 dicit
707 1628 746 1690 Ι,
787 1630 868 1691 10,
906 1630 972 1675 39
1013 1642 1150 1694 sqq-z

306 1717 308 1722 ’
416 1719 586 1783 Quam
622 1721 797 1786 potius
834 1718 1127 1771 laudandus
1164 1718 1248 1770 hic
1286 1729 1376 1783 est,
1415 1735 1571 1787 quem
1608 1720 1756 1785 prole
1796 1729 1976 1787 parata

491 1813 723 1881 Occupat
756 1815 812 1864 in
848 1833 1011 1882 parva
1045 1815 1194 1882 pigra
1227 1824 1432 1865 senecta
1469 1811 1613 1864 casa!

415 1913 532 1979 Ipse
571 1927 689 1961 suas
727 1921 951 1962 sectatur
989 1927 1134 1975 oveS,
1172 1921 1224 1961 at
1257 1911 1394 1961 filius
1431 1928 1605 1977 agn05‚

489 2010 556 2060 Et
595 2007 812 2060 calidam
849 2010 986 2059 fesso
1027 2018 1294 2076 comparat
1332 2025 1468 2059 uxor
1503 2025 1710 2077 aquam.

414 2103 498 2156 Sic
537 2122 630 2170 ego
669 2105 781 2156 sim.

273 2200 556 2268 Postquam
611 2210 785 2250 autem
834 2200 1018 2252 Deliae
1071 2199 1461 2266 pulchritudine
1510 2201 1781 2265 incensus,
1844 2218 1973 2263 con.-

270 2295 397 2359 iugii
432 2296 554 2345 iusti
591 2294 866 2345 consilium
907 2294 1192 2356 abiecerat,
1232 2303 1406 2343 tamen
1442 2296 1595 2344 etiam
1636 2295 1736 2346 hos
1769 2301 1973 2346 amores

270 2407 378 2439 non
414 2390 642 2440 seiunxit
675 2390 982 2455 cogitatione
1020 2408 1050 2440 a
1085 2392 1279 2461 rustica
1313 2390 1434 2456 vita,
1474 2390 1723 2459 quamdiu
1761 2390 1974 2460 quidem

269 2485 423 2534 Delia
468 2485 690 2552 innupta
724 2485 852 2549 fuit,
899 2501 995 2536 nec
1029 2486 1131 2536 nisi
1164 2489 1353 2538 morbo
1395 2487 1554 2535 anim‘i
1593 2488 1648 2536 in
1686 2487 1789 2537 fine
1830 2488 1970 2539 vitae

269 2595 329 2628 eo
380 2578 566 2628 adduci
613 2580 808 2644 potuit,
855 2589 919 2629 ut
958 2579 1186 2635 vendere
1237 2582 1400 2632 avitas
1437 2580 1584 2632 sedes
1629 2598 1686 2654 se
1730 2593 1970 2648 paratum

268 2671 487 2738 diceret,
542 2673 586 2725 si
625 2673 862 2726 Nemesis
899 2676 1118 2727 avaritia
1147 2677 1369 2728 iuberet.
1454 2672 1557 2730 Sed
1596 2677 1828 2731 dicamus
1865 2681 1968 2731 sin-

263 2771 477 2835 gulatim
516 2769 579 2821 de
617 2782 793 2822 amore
828 2771 1018 2823 harum
1050 2768 1359 2839 puellarum.

406 2867 481 2916 Ac
516 2867 655 2918 Delia
690 2865 902 2934 quidem
937 2884 1034 2933 per
1069 2885 1122 2917 se
1160 2870 1299 2919 bona
1331 2879 1381 2918 et
1406 2871 1574 2936 proba·
1603 2871 1778 2937 puella
1807 2871 1966 2924 fuisse
2047 2928 2081 2948 x?

266 2961 500 3027 videtur,
552 2963 786 3014 honestis
838 2964 1102 3026 moribus,
1156 2965 1364 3029 ingenio
1401 2983 1510 3016 non
1546 2966 1771 3030 inculto,
1829 2980 1964 3036 quae

264 3057 464 3107 Tibulli
501 3074 677 3108 amore
713 3057 864 3108 initio
901 3075 1011 3109 non
1048 3057 1259 3123 indigna
1298 3070 1443 3110 esset.
1529 3060 1805 3112 Passovius
1844 3061 1965 3112 dicit

263 3152 436 3203 minus
471 3153 604 3203 bene
641 3162 689 3202 et
725 3151 1009 3204 liberaliter
1045 3152 1341 3219 educatam3
1384 3173 1476 3221 ego
1520 3173 1796 3223 quaeram,
1835 3138 1963 3226 qua-

260 3249 361 3299 lem
396 3267 606 3301 censere
646 3248 940 3315 debeamus,
977 3271 1006 3303 a
1040 3270 1148 3320 qua
1181 3253 1457 3304 Messalam
1490 3266 1642 3320 poeta
1671 3256 1840 3322 excipi
1869 3274 1962 3307 vo-

258 3345 396 3394 lebat
423 3346 475 3395 in
506 3345 720 3412 praedio
754 3363 865 3396 su0.
940 3345 1254 3399 Observabis
1294 3347 1479 3399 deinde
1517 3349 1705 3416 scripta
1745 3349 1809 3400 ad
1848 3367 1956 3400 eam
2017 3395 2019 3398 Α
