2086 3756
178 238 236 268 cz.
859 219 955 268 DE
996 213 1199 271 POESI

322 359 484 413 Flava
521 357 708 423 CereS,
747 359 840 410 tibi
879 360 944 409 sit
985 368 1167 410 nostro
1205 356 1269 409 de
1305 374 1428 410 rure
1467 375 1658 411 corona

397 453 610 519 Spicea,
661 470 794 521 quae
831 453 1013 519 templi
1051 451 1278 519 pendeat
1316 463 1434 502 ante
1472 452 1645 502 fores:

324 547 667 614 Pomosisque
703 547 868 595 ruber
903 558 1074 603 eustos
1109 557 1340 614 ponatur
1378 547 1434 596 in
1469 545 1663 608 hortis,

394 641 616 690 Terreat
648 650 708 689 ut
744 657 899 691 saeva
934 641 1065 692 falce
1101 643 1323 708 Priapus
1372 656 1510 692 aves.

322 734 433 784 Vos
472 751 709 801 quoque,
760 734 924 786 felicis
963 734 1230 804 quondam
1267 753 1408 785 nunc
1445 730 1691 801 pauperis
1730 727 1840 795 agri

396 826 681 892 CustodeS‚
731 829 879 879 fertis
917 847 1138 882 munera
1172 839 1372 894 vestra,
1415 828 1598 878 Lares.

181 919 276 977 ubi
329 920 476 974 vides
528 922 668 973 inter
719 923 923 975 Cereris
980 934 1031 975 et
1080 924 1297 974 Larium
1353 919 1708 989 apostrophen
1763 915 1895 967 alius

181 1015 383 1066 formae
432 1016 688 1068 distichon
735 1020 981 1084 positum.
1064 1020 1140 1070 Ac
1185 1019 1341 1084 vulgo
1393 1016 1458 1067 ad
1505 1026 1767 1067 summum
1815 1011 1896 1062 bis

183 1108 410 1162 admittit
443 1111 579 1162 hanc
613 1111 832 1176 figuram
863 1114 1131 1176 continuo,
1174 1129 1333 1179 quam
1358 1109 1656 1179 Lygdamus
1693 1115 1899 1175 quatter

181 1205 390 1270 repetiit
438 1205 538 1267 ΙΙΙ,
579 1209 638 1267 6,
674 1206 785 1254 init.
834 1215 1018 1255 contra
1062 1206 1204 1254 Albii
1252 1222 1469 1255 morem.
1552 1199 1712 1268 Apud
1757 1201 1899 1250 hunc

184 1307 270 1347 ter
300 1315 361 1347 ea
404 1297 568 1347 utitur
606 1297 805 1365 Sibylla
844 1299 1133 1352 vaticinans
1176 1295 1249 1362 ΙΙ,
1288 1305 1347 1361 5,
1382 1301 1446 1346 51
1488 1313 1603 1364 sqq.
1646 1294 1899 1346 invitante

186 1392 301 1458 ipso
330 1393 422 1443 tali
449 1391 705 1444 vividiore
733 1403 878 1443 motu
914 1392 1090 1444 animi.
1158 1393 1223 1443 In
1252 1393 1396 1443 exitu
1429 1389 1668 1443 carminis
1699 1387 1903 1458 septimi

185 1487 311 1541 libri
346 1487 504 1554 primi
545 1487 636 1538 ubi
681 1488 846 1539 multa
895 1498 1251 1550 coarctantur,
1305 1498 1483 1538 tamen
1528 1485 1747 1537 variatio
1792 1499 1904 1533 non

190 1579 350 1630 deest.
434 1579 573 1634 Nam
609 1592 890 1649 postquam
927 1579 1105 1634 Osirin
1139 1582 1374 1644 vocavit,
1417 1580 1482 1632 ad
1518 1579 1674 1638 Genii
1707 1579 1906 1635 allocu-

188 1673 386 1726 tionem
416 1692 524 1727 non
557 1676 825 1738 continuo,
862 1674 953 1726 sed
984 1676 1255 1730 interiecto
1289 1677 1419 1725 alius
1452 1676 1651 1726 formae
1683 1672 1904 1722 disticho
1933 1699 1935 1702 ·

188 1769 402 1833 transit3
441 1767 565 1819 inde
604 1765 670 1820 ad
697 1767 978 1819 Messalam
1006 1786 1067 1818 se
1105 1763 1390 1831 convertit,
1428 1765 1569 1818 unde
1606 1768 1662 1816 in
1699 1765 1802 1818 fine
1838 1761 1907 1815 ad

193 1862 420 1916 Genium
448 1861 601 1917 redit.
673 1859 780 1921 Sed
809 1863 941 1913 nihil
970 1861 1287 1920 luculentius
1315 1864 1371 1914 in
1402 1863 1504 1916 hec
1536 1876 1727 1938 genere
1754 1861 1907 1924 initio

194 1958 321 2021 eleg.
358 1957 512 2023 prim.
551 1955 676 2007 libri
715 1956 959 2021 secundi,
1007 1955 1150 2010 uncle
1197 1956 1362 2009 discas
1411 1967 1470 2007 ut
1515 1956 1672 2008 otiam
1707 1954 1775 2004 in
1816 1952 1910 2003 tali

163 2052 309 2110 ,loco
360 2060 518 2117 poeta
563 2051 845 2103 variaverit
894 2049 1100 2101 dicendi
1149 2053 1344 2104 formas
1358 2088 1372 2114 ,
1432 2051 1528 2103 ubi
1571 2051 1769 2116 ubique
1817 2063 1910 2097 ex-

195 2157 393 2210 spectes
445 2144 724 2197 secundam
773 2163 1072 2211 personam.
1156 2146 1231 2195 Ac
1282 2146 1511 2211 primum
1557 2148 1697 2195 r'ecte
1739 2142 1911 2193 Lach-

195 2258 421 2290 mannus
458 2241 608 2290 initio
648 2240 856 2289 eiecisse
890 2238 1102 2292 videtur
1136 2239 1489 2289 coniecturam
1505 2230 1737 2287 'Dousae
1773 2238 1912 2304 Quis-

198 2338 300 2401 quis
345 2335 492 2397 adeS,
530 2333 734 2399 faveam
791 2331 1050 2383 secundae
1095 2350 1352 2400 personae
1399 2332 1506 2384 vim
1544 2327 1787 2383 Tibullus
1830 2310 1912 2382 se-

200 2429 383 2495 quenti
419 2427 638 2478 disticho
675 2429 989 2491 reservavit,
1036 2429 1131 2478 ubi
1166 2425 1237 2477 dii
1278 2438 1548 2479 vocantur.
1619 2424 1757 2478 Hinc
1791 2425 1912 2476 vide

198 2533 258 2574 ut
293 2525 522 2589 primum
557 2523 732 2574 denuo
764 2523 916 2574 tertia
948 2538 1176 2588 persona
1212 2540 1262 2573 v.
1285 2527 1332 2573 5.
1360 2527 1410 2572 6.
1443 2519 1700 2573 succedat.
1773 2520 1914 2571 Tum

198 2619 487 2687 alloquitur
526 2619 729 2682 singula
763 2635 955 2683 genera
992 2619 1270 2683 agrestium
1312 2636 1363 2669 v.
1385 2625 1462 2681 7.,
1505 2635 1557 2669 v.
1582 2621 1696 2682 11.,
1749 2618 1915 2668 inter-

198 2714 347 2780 ponit
385 2729 511 2764 vero,
551 2713 706 2761 etiam
751 2712 836 2762 hic
875 2713 1090 2762 alteram
1127 2712 1350 2762 formam
1386 2710 1693 2763 indirectam
1730 2712 1914 2763 tertiae

199 2822 456 2872 personae
494 2823 545 2856 v.
568 2809 675 2868 11.‚
711 2803 978 2855 reductam
1016 2823 1046 2854 a
1080 2805 1451 2870 LachmannO,
1495 2824 1614 2856 cum
1653 2817 1916 2857 correcto-

200 2919 320 2952 rum
355 2899 494 2951 mala
536 2898 781 2949 sedulitas
824 2898 1104 2949 secundam
1139 2901 1416 2951 intulisset.
1483 2899 1574 2952 Sic
1616 2900 1798 2951 fi'nitur
1833 2900 1916 2949 in-

200 2995 406 3046 troitus.
480 2984 733 3062 Sequitur
766 3011 851 3043 res
887 2993 1090 3056 divina,
1140 2995 1233 3044 ubi
1267 3005 1425 3061 poeta
1464 2995 1693 3062 primum
1731 3010 1915 3045 omnes

204 3100 431 3154 agrestes
485 3097 786 3155 praesentes
842 3088 1158 3155 alloquitur,
1233 3106 1364 3157 quos
1422 3099 1542 3140 ante
1590 3107 1687 3157 per
1739 3098 1916 3155 partes

205 3186 461 3234 allocutus
506 3193 646 3246 erat,
698 3192 805 3232 tum
850 3199 1028 3248 preces
1074 3183 1199 3233 facit
1240 3182 1303 3233 ad
1346 3183 1489 3235 deos,
1571 3184 1743 3251 Atque
1785 3178 1916 3234 haec

206 3282 472 3330 hactenus.
544 3278 666 3326 Iure
694 3275 942 3328 iudicavit
969 3277 1208 3327 Tibullus
1244 3295 1351 3328 non
1384 3277 1587 3343 augeri,
1625 3277 1715 3328 sed
1745 3278 1916 3343 frangi

2072 2479 2074 2481 -
2067 2422 2077 2458 -v
2064 2174 2083 2414 -2—*Q2—..,‚„
