2158 3750
760 287 851 337 ET
888 282 1302 338 VERBORUM.
1778 290 1845 340 47
1851 295 1881 338 3

987 443 1047 501 P.

182 565 336 607 Palilia
368 568 439 608 18.
469 569 575 612 295.

180 650 322 704 palla,
352 649 454 704 quid
486 653 591 692 160.
620 651 726 696 481.

179 731 438 786 pallentibus
468 730 613 775 herbIs
643 731 933 786 metonymice
964 743 1027 787 pr.
1059 730 1271 787 pallorem
1301 728 1588 775 efficientibus
1619 733 1721 777 170.

179 812 395 857 Panchaia
423 817 528 858 329.

177 898 578 954 παρακλαυσίθυρα
605 909 716 940 Lxxx
745 909 813 952 sq.

181 978 446 1034 parenthesis
476 991 666 1023 Lxxmx.

179 1075 357 1118 parvum
390 1076 549 1118 corpus
578 1066 684 1108 423.

181 1158 375 1200 pascere,
406 1148 670 1191 constructio
699 1149 806 1192 246.

178 1230 273 1273 Pax
302 1234 394 1273 202
420 1244 513 1287 sqq.

178 1311 331 1367 pedem
362 1327 523 1369 ponere
555 1314 675 1370 sede,
705 1317 833 1360 tectis
864 1319 967 1360 348.

177 1395 365 1438 Penates
393 1399 470 1441 71.

177 1478 391 1534 periuria,
420 1493 557 1535 grave
590 1481 751 1523 crimen
781 1484 855 1525 75,
916 1481 994 1524 sed
1025 1494 1109 1525 non
1142 1484 1373 1525 amantium
1406 1485 1465 1525 92
1497 1496 1590 1537 sqq.

177 1572 362 1615 persona
392 1563 521 1605 tertia
551 1575 617 1619 pr.
646 1561 837 1606 secunda
867 1564 940 1605 41.
976 1565 1074 1606 173.

177 1643 494 1697 personificatio
527 1656 733 1687 cnxxvm
762 1657 830 1699 sq,

178 1726 576 1780 personificationes
607 1741 693 1771 non
723 1740 853 1771 verae
883 1740 1069 1770 chxrx.

176 1810 352 1864 pluralis
383 1810 651 1867 emphaticus
683 1815 783 1856 190.
844 1812 1021 1868 pluralis
1051 1825 1116 1868 pr.
1150 1811 1355 1867 singulari
1389 1814 1461 1853 59.
1499 1812 1612 1855 150.
1643 1811 1748 1854 216.
1780 1811 1885 1853 409.

174 1891 324 1933 Poena
355 1894 457 1935 180.

174 1986 332 2030 pompa
361 1977 467 2019 317.

174 2071 333 2114 porcus
363 2072 444 2116 pro
473 2058 617 2102 reditu
647 2064 830 2102 vovetur
859 2063 905 2102 et
935 2058 1182 2102 immolatur
1212 2059 1313 2100 197.

173 2153 303 2197 posse
331 2154 397 2197 pr.
425 2141 568 2183 valere
600 2143 701 2183 149.
731 2143 838 2182 206.

173 2224 421 2280 praedicata
451 2224 634 2267 vestium
667 2229 712 2267 et
741 2236 959 2268 armorum
991 2222 1046 2267 ad
1077 2235 1303 2280 personam
1336 2221 1656 2265 transferuutur
1685 2224 1759 2267 53.

174 2307 359 2364 praefari
389 2307 545 2350 Manes
574 2310 680 2351 327.

174 2394 365 2449 praemia
392 2396 452 2436 39
483 2406 549 2448 sq.

175 2488 379 2531 praesens
410 2487 475 2531 pr.
506 2474 654 2518 futuro
679 2476 786 2518 230.

174 2570 408 2613 pronomen
437 2557 563 2600 alteri
588 2557 784 2601 membro
806 2557 971 2600 illatum
1003 2559 1106 2600 136.
1167 2568 1290 2612 pron.
1325 2554 1510 2612 positum
1542 2554 1659 2598 inter
1694 2567 1882 2611 praepo—

361 2642 562 2686 sitionem
600 2642 781 2697 eiusque
818 2653 964 2685 casum
997 2643 1100 2684 111.
1162 2639 1426 2697 pronominis
1457 2638 1633 2683 omissio
1669 2641 1742 2682 69.
1777 2642 1880 2682 305.

174 2727 312 2784 pudor
340 2732 429 2771 stat
456 2732 558 2771 ante
586 2740 721 2782 genas
752 2730 827 2771 90.

175 2812 380 2868 puniceus
410 2816 457 2855 et
487 2824 730 2869 purpureus
761 2811 882 2855 color
910 2812 1014 2854 254.

174 2909 282 2952 pure
313 2895 446 2939 lavari
473 2898 546 2939 68.

175 3166 323 3220 quaies
357 3165 494 3221 quails
523 3170 629 3211 376.

174 3261 258 3303 qne
287 3272 347 3280 —
377 3261 462 3304 que
492 3272 551 3281 —
577 3262 663 3305 que
696 3274 751 3282 —
786 3254 858 3305 et,
890 3250 931 3294 in
964 3251 1300 3307 amplificatione
1332 3254 1403 3294 40,

173 3332 275 3387 quid
305 3333 380 3376 fiet
411 3333 594 3377 Amori?
623 3336 727 3379 302.

174 3415 277 3469 qnid
309 3414 386 3458 tibi
414 3416 618 3461 mecum?
652 3419 749 3460 131,
