2086 3756
834 178 1137 274 TIBtJLLI.
1687 238 1851 273 mcxix

144 367 184 428 Ι,
230 372 276 429 1,
320 370 510 417 11·20.
558 364 857 431 religiosum
908 382 962 415 sc
1013 366 1265 416 cultorem
1313 362 1532 415 deorum
1571 367 1848 431 agrestium

146 462 390 514 ostendit.
462 460 681 515 Orditur
717 450 757 511 a¹
782 459 1016 527 lapidum
1056 472 1107 512 et
1153 462 1388 528 stipitum
1438 478 1708 513 sacrorum
1754 481 1851 531 per

144 575 295 624 agros
342 555 679 610 veneratione
726 571 999 622 nunquam
1053 558 1435 622 praetermissa.
1517 559 1655 610 Tum
1695 559 1850 610 altius

141 671 356 719 surgens
390 653 562 720 pergit
597 650 662 702 ad
699 666 886 701 eorum
921 649 1142 702 deorum
1180 656 1392 719 cultum,
1427 655 1520 723 qui
1558 654 1852 722 specialiter

141 749 355 814 singulis
390 747 629 814 partibus
662 745 867 814 praedii
901 747 986 798 sui
1021 760 1305 814 praesunt,
1352 761 1404 801 et
1439 751 1654 805 Silvano
1690 770 1850 820 poma

141 843 333 895 offerre
367 860 424 893 se
461 842 586 892 dicit
620 841 918 910 quotannis,
956 841 1140 893 Cereri
1176 859 1426 894 coronam
1462 847 1686 914 spiceam
1724 867 1849 916 pro-

139 938 324 1002 mittit,
371 939 650 989 hortorum
695 954 825 990 vero
873 936 972 989 deo
1008 938 1203 1006 Priapo
1246 941 1450 1006 signum
1484 944 1708 994 rubrum
1746 955 1850 994 sta-

138 1044 269 1086 tuet.
338 1012 630 1098 Postremo,
667 1034 760 1103 qui
794 1035 1008 1087 ultimus
1037 1045 1116 1086 est
1143 1033 1334 1101 gradus
1366 1028 1745 1104 descriptionis,
1783 1037 1849 1088 ad

139 1131 372 1182 universi
410 1127 612 1197 praedii
646 1129 919 1198 praestites
960 1129 1283 1182 convertitur
1314 1130 1494 1182 Lares.
1565 1132 1738 1200 Atque
1778 1132 1851 1182 ita

140 1226 395 1278 divisione
431 1227 591 1293 plana
619 1227 990 1294 'complectitur
1026 1227 1204 1278 omnia
1239 1237 1294 1278 et
1337 1229 1556 1294 pulchre
1599 1247 1697 1296 per
1731 1247 1851 1295 gra-

139 1321 237 1373 dus
274 1321 566 1390 procedens
611 1332 780 1374 totum
827 1325 1171 1396 consequitur
1205 1325 1588 1378 suavissimum.
1672 1326 1850 1378 Venio

140 1419 204 1471 ad
242 1422 402 1472 alium
436 1423 631 1471 locum.
696 1413 975 1472 Describit
1009 1422 1075 1483 ΙΙ,
1115 1427 1164 1485 5,
1203 1425 1394 1471 23-38.
1429 1421 1661 1487 priscum
1696 1422 1851 1473 habi-

139 1532 251 1571 tum
284 1524 553 1584 locorum,
605 1521 708 1571 ubi>
731 1511 904 1572 Roma
951 1518 1189 1585 condita,
1240 1538 1299 1570 ac
1343 1537 1462 1570 cum
1503 1530 1737 1588 pastores
1773 1522 1850 1573 ibi

138 1615 336 1682 degisse
373 1616 500 1668 olim
538 1624 764 1679 constet,
813 1613 868 1666 id
906 1615 1010 1681 agit
1045 1613 1303 1680 suaviter,
1351 1625 1410 1665 ut
1447 1612 1513 1664 ad
1547 1615 1850 1681 pastoritiae

134 1711 272 1764 vitae
306 1713 584 1779 imaginem
604 1713 885 1779 regionem
919 1722 1083 1764 totam
1111 1721 1340 1764 revocet.
1409 1711 1472 1762 In
1501 1703 1702 1764 Palatio
1727 1731 1850 1766 vac-

138 1826 228 1859 cae
262 1819 550 1875 pascuntur
577 1818 629 1858 et
654 1807 879 1858 humiles
914 1825 1061 1859 casae
1092 1817 1230 1858 stant
1262 1809 1322 1858 in
1355 1806 1633 1875 Capitolio·
1707 1807 1850 1860 Con-

134 1903 429 1969 spiciuntur
461 1920 625 1970 porro
663 1902 886 1954 deorum
922 1903 1197 1968 agrestium
1229 1902 1375 1968 signa
1411 1906 1510 1954 sub
1541 1895 1732 1956 umbra
1764 1923 1848 1957 ar-

133 2001 326 2051 borum
363 2010 414 2050 et
444 1992 640 2067 pendet
671 2000 845 2063 fistula
878 1998 1150 2065 pastoritia
1182 1997 1242 2047 in
1263 1999 1384 2049 luco
1408 2009 1590 2051 votum
1617 1998 1850 2052 Silvano,

137 2095 384 2163 Denique
419 2113 516 2163 per
554 2094 777 2146 Velabri
811 2110 974 2162 aquas
1013 2093 1149 2145 festa
1197 2091 1280 2143 die
1319 2093 1530 2145 vehitur
1560 2087 1746 2161 >puella
1783 2093 1850 2145 ad

65 2259 69 2262 .
138 2203 421 2256 amantem,
471 2190 637 2258 gregis
672 2191 1007 2257 magistrum,
1062 2209 1181 2242 cum
1221 2207 1327 2259 qua
1366 2189 1594 2241 redeunt
1627 2207 1850 2241 munera

136 2287 304 2350 ruris,
355 2303 534 2338 caseus
572 2297 624 2337 et
663 2303 844 2353 agnus.
925 2287 1092 2338 Vides
1139 2286 1269 2355 quid
1302 2303 1387 2337 res
1428 2287 1511 2336 sit.
1583 2287 1730 2335 Dum
1765 2302 1849 2336 re-

137 2381 306 2447 gionis
342 2382 503 2433 totius
536 2380 814 2447 imaginem
850 2379 1105 2444 ostendit,
1159 2382 1314 2432 silvas
1359 2380 1620 2432 montium
1654 2390 1707 2430 et
1740 2381 1848 2432 Ve-

135 2477 271 2528 labri
307 2476 504 2540 undas,
551 2477 713 2527 habes
758 2487 923 2527 totam
968 2478 1129 2529 vitam
1163 2476 1490 2543 pastoritiam
1532 2492 1849 2543 expressam,

134 2575 427 2642 pastionem
473 2590 688 2638 gregum
734 2581 786 2622 et
833 2587 975 2622 casas
1014 2587 1055 2621 s.
1095 2569 1462 2639 quotidianum
1505 2588 1688 2634 usum,
1735 2580 1850 2622 tum

134 2671 440 2736 religiones,
490 2667 718 2736 denique
764 2685 1001 2732 amores,
1055 2686 1153 2736 per
1186 2668 1289 2718 tria
1325 2677 1592 2718 momenta
1629 2665 1851 2717 deducta

135 2764 508 2833 descriptione,
562 2781 793 2833 quorum
843 2764 1087 2815 ultimum
1135 2764 1516 2817 suavissimum.
1601 2763 1853 2838 Similiter

136 2861 422 2914 adornatus
461 2871 536 2912 est
569 2861 716 2912 locus
748 2862 790 2926 Ι,
819 2864 867 2925 5,
893 2862 1086 2912 21-34.
1122 2862 1217 2912 ubi
1241 2859 1501 2926 describit,
1538 2877 1697 2929 quam
1719 2859 1849 2909 ima-

136 2959 338 3025 ginatus
388 2967 528 3021 erat,
578 2957 742 3009 vitam
785 2957 1035 3008 rusticam
1085 2957 1272 3008 Deliae
1322 2955 1462 3023 apud
1506 2973 1560 3007 se
1599 2956 1850 3007 futuram.

136 3057 210 3106 Ac
251 3056 478 3122 primum
518 3050 583 3104 de
620 3053 840 3120 negotiis
877 3053 1028 3119 dicit,
1073 3052 1139 3104 de
1174 3054 1385 3120 frugiun
1421 3049 1682 3115 custodia,
1725 3067 1850 3101 con-

137 3152 430 3203 servatIOne
466 3164 691 3202 uvarum
725 3158 778 3200 et
812 3149 999 3214 musti,
1046 3166 1173 3200 cura
1210 3148 1415 3216 pecoris
1452 3162 1848 3213 servorumque,

139 3246 324 3298 deinde
377 3246 595 3299 candem
637 3248 793 3298 etiam
828 3246 1007 3301 divina
1046 3265 1229 3300 curare
1266 3247 1390 3299 facit
1430 3256 1482 3297 et
1518 3246 1711 3297 offerre
1749 3243 1849 3292 Sil-

136 3360 274 3395 vano
319 3360 418 3411 pro
455 3343 650 3397 vitibus
695 3361 880 3408 uvam,
934 3362 1032 3412 pro
1084 3353 1252 3409 segete
1304 3342 1494 3410 spicas,
1549 3355 1645 3407 pro
1698 3353 1847 3402 grege
