<?xml version="1.0" encoding="UTF-8"?>
<!DOCTYPE html PUBLIC "-//W3C//DTD XHTML 1.0 Transitional//EN"
    "http://www.w3.org/TR/xhtml1/DTD/xhtml1-transitional.dtd">
<html xmlns="http://www.w3.org/1999/xhtml" xml:lang="en" lang="en">
 <head>
  <title>
</title>
<meta http-equiv="Content-Type" content="text/html;charset=utf-8" />
  <meta name='ocr-system' content='tesseract 3.04.00' />
  <meta name='ocr-capabilities' content='ocr_page ocr_carea ocr_par ocr_line ocrx_word'/>
</head>
<body>
  <div class='ocr_page' id='page_1' title='image "./carminaexrecensi01tibuuoft_0754.png"; bbox 0 0 2158 3750; ppageno 0'>
   <div class='ocr_carea' id='block_1_1' title="bbox 322 236 1627 294">
    <p class='ocr_par' dir='ltr' id='par_1_1' title="bbox 322 236 1627 294">
     <span class='ocr_line' id='line_1_1' title="bbox 322 236 1627 294; baseline -0.006 0"><span class='ocrx_word' id='word_1_1' title='bbox 322 247 426 294; x_wconf 82' lang='lat'>422</span> <span class='ocrx_word' id='word_1_2' title='bbox 720 238 1188 290; x_wconf 77' lang='lat' dir='ltr'>COMMENTAR.</span> <span class='ocrx_word' id='word_1_3' title='bbox 1225 238 1299 287; x_wconf 90' lang='lat' dir='ltr'>IN</span> <span class='ocrx_word' id='word_1_4' title='bbox 1339 236 1627 286; x_wconf 85' lang='lat' dir='ltr'><strong>TIBULLI</strong></span> 
     </span>
    </p>
   </div>
   <div class='ocr_carea' id='block_1_2' title="bbox 324 377 2029 930">
    <p class='ocr_par' dir='ltr' id='par_1_2' title="bbox 324 377 2029 930">
     <span class='ocr_line' id='line_1_2' title="bbox 324 377 2021 436; baseline -0.002 -11"><span class='ocrx_word' id='word_1_5' title='bbox 324 383 510 426; x_wconf 80' lang='lat' dir='ltr'>maxima</span> <span class='ocrx_word' id='word_1_6' title='bbox 559 385 680 436; x_wconf 84' lang='lat' dir='ltr'>parte</span> <span class='ocrx_word' id='word_1_7' title='bbox 722 380 935 421; x_wconf 86' lang='lat' dir='ltr'>avitorum</span> <span class='ocrx_word' id='word_1_8' title='bbox 983 377 1193 420; x_wconf 88' lang='lat' dir='ltr'>bonorum</span> <span class='ocrx_word' id='word_1_9' title='bbox 1236 382 1394 421; x_wconf 83' lang='lat' dir='ltr'>exutus</span> <span class='ocrx_word' id='word_1_10' title='bbox 1440 378 1631 431; x_wconf 83' lang='lat' dir='ltr'>videtur,</span> <span class='ocrx_word' id='word_1_11' title='bbox 1679 380 1726 420; x_wconf 85' lang='lat' dir='ltr'>ut</span> <span class='ocrx_word' id='word_1_12' title='bbox 1765 377 1850 420; x_wconf 76' lang='lat' dir='ltr'>iim</span> <span class='ocrx_word' id='word_1_13' title='bbox 1890 390 2021 434; x_wconf 71' lang='lat' dir='ltr'>supra</span> 
     </span>
     <span class='ocr_line' id='line_1_3' title="bbox 326 459 2023 516; baseline -0.001 -10"><span class='ocrx_word' id='word_1_14' title='bbox 326 468 619 506; x_wconf 84' lang='lat' dir='ltr'>memoratum.</span> <span class='ocrx_word' id='word_1_15' title='bbox 684 460 781 502; x_wconf 86' lang='lat' dir='ltr'>Hae</span> <span class='ocrx_word' id='word_1_16' title='bbox 813 461 959 503; x_wconf 80' lang='lat' dir='ltr'><strong>tristes</strong></span> <span class='ocrx_word' id='word_1_17' title='bbox 989 461 1168 516; x_wconf 82' lang='lat' dir='ltr'>rapinae</span> <span class='ocrx_word' id='word_1_18' title='bbox 1205 465 1309 502; x_wconf 88' lang='lat' dir='ltr'>sunt</span> <span class='ocrx_word' id='word_1_19' title='bbox 1349 474 1462 515; x_wconf 89' lang='lat' dir='ltr'>quae</span> <span class='ocrx_word' id='word_1_20' title='bbox 1496 460 1715 516; x_wconf 86' lang='lat' dir='ltr'>deplorari</span> <span class='ocrx_word' id='word_1_21' title='bbox 1753 459 1952 504; x_wconf 83' lang='lat' dir='ltr'>videntur</span> <span class='ocrx_word' id='word_1_22' title='bbox 1978 463 2023 504; x_wconf 85' lang='lat' dir='ltr'>in</span> 
     </span>
     <span class='ocr_line' id='line_1_4' title="bbox 324 542 2023 599; baseline -0.002 -11"><span class='ocrx_word' id='word_1_23' title='bbox 324 544 618 599; x_wconf 78' lang='lat' dir='ltr'><strong>sequentibus,</strong></span> <span class='ocrx_word' id='word_1_24' title='bbox 648 565 708 574; x_wconf 86' lang='lat'>—-</span> <span class='ocrx_word' id='word_1_25' title='bbox 753 542 949 585; x_wconf 87' lang='lat' dir='ltr'>domus</span> <span class='ocrx_word' id='word_1_26' title='bbox 991 543 1132 595; x_wconf 75' lang='lat' dir='ltr'>alta,</span> <span class='ocrx_word' id='word_1_27' title='bbox 1175 543 1430 596; x_wconf 84' lang='lat' dir='ltr'>magnifica,</span> <span class='ocrx_word' id='word_1_28' title='bbox 1474 544 1722 595; x_wconf 85' lang='lat' dir='ltr'>niteret,</span> <span class='ocrx_word' id='word_1_29' title='bbox 1765 542 1877 584; x_wconf 88' lang='lat' dir='ltr'>bene</span> <span class='ocrx_word' id='word_1_30' title='bbox 1907 542 2023 592; x_wconf 72' lang='lat' dir='ltr'>culta</span> 
     </span>
     <span class='ocr_line' id='line_1_5' title="bbox 326 625 2023 684; baseline -0.002 -13"><span class='ocrx_word' id='word_1_31' title='bbox 326 637 442 671; x_wconf 81' lang='lat' dir='ltr'>esset</span> <span class='ocrx_word' id='word_1_32' title='bbox 480 642 531 671; x_wconf 80' lang='lat' dir='ltr'>ac</span> <span class='ocrx_word' id='word_1_33' title='bbox 560 627 809 684; x_wconf 83' lang='lat' dir='ltr'>splenderet</span> <span class='ocrx_word' id='word_1_34' title='bbox 841 627 1024 680; x_wconf 84' lang='lat' dir='ltr'>divitiis,</span> <span class='ocrx_word' id='word_1_35' title='bbox 1070 640 1154 670; x_wconf 81' lang='lat' dir='ltr'>vox</span> <span class='ocrx_word' id='word_1_36' title='bbox 1184 630 1359 683; x_wconf 86' lang='lat' dir='ltr'>propria</span> <span class='ocrx_word' id='word_1_37' title='bbox 1390 627 1445 670; x_wconf 93' lang='lat' dir='ltr'>de</span> <span class='ocrx_word' id='word_1_38' title='bbox 1475 628 1721 683; x_wconf 87' lang='lat' dir='ltr'>opulentia,</span> <span class='ocrx_word' id='word_1_39' title='bbox 1763 630 1813 668; x_wconf 88' lang='lat' dir='ltr'>ut</span> <span class='ocrx_word' id='word_1_40' title='bbox 1841 625 2023 668; x_wconf 67' lang='lat' dir='ltr'>Honss.</span> 
     </span>
     <span class='ocr_line' id='line_1_6' title="bbox 326 708 2029 768; baseline -0.002 -14"><span class='ocrx_word' id='word_1_41' title='bbox 326 714 421 755; x_wconf 81' lang='lat' dir='ltr'>Sat.</span> <span class='ocrx_word' id='word_1_42' title='bbox 452 711 509 764; x_wconf 88' lang='grc' dir='ltr'>ΙΙ,</span> <span class='ocrx_word' id='word_1_43' title='bbox 540 714 583 764; x_wconf 85' lang='grc'>5,</span> <span class='ocrx_word' id='word_1_44' title='bbox 614 713 683 752; x_wconf 83' lang='grc'>12.</span> <span class='ocrx_word' id='word_1_45' title='bbox 717 710 916 752; x_wconf 86' lang='lat' dir='ltr'>laudatus</span> <span class='ocrx_word' id='word_1_46' title='bbox 946 710 1000 751; x_wconf 84' lang='lat' dir='ltr'>ab</span> <span class='ocrx_word' id='word_1_47' title='bbox 1033 710 1366 766; x_wconf 77' lang='lat' dir='ltr'>interpretibus:</span> <span class='ocrx_word' id='word_1_48' title='bbox 1398 725 1467 752; x_wconf 77' lang='lat' dir='ltr'>res</span> <span class='ocrx_word' id='word_1_49' title='bbox 1500 709 1576 750; x_wconf 81' lang='lat' dir='ltr'>ubi</span> <span class='ocrx_word' id='word_1_50' title='bbox 1606 723 1771 768; x_wconf 77' lang='lat' dir='ltr'>magna</span> <span class='ocrx_word' id='word_1_51' title='bbox 1800 708 1917 751; x_wconf 80' lang='lat' dir='ltr'>nitet</span> <span class='ocrx_word' id='word_1_52' title='bbox 1947 708 2029 750; x_wconf 85' lang='lat' dir='ltr'>do·-</span> 
     </span>
     <span class='ocr_line' id='line_1_7' title="bbox 327 789 2029 849; baseline -0.001 -14"><span class='ocrx_word' id='word_1_53' title='bbox 327 795 442 836; x_wconf 82' lang='lat' dir='ltr'>mino</span> <span class='ocrx_word' id='word_1_54' title='bbox 473 809 587 836; x_wconf 78' lang='lat' dir='ltr'>sene.</span> <span class='ocrx_word' id='word_1_55' title='bbox 650 794 814 836; x_wconf 83' lang='lat' dir='ltr'>Contra</span> <span class='ocrx_word' id='word_1_56' title='bbox 855 793 1055 847; x_wconf 83' lang='lat' dir='ltr'>sordida,</span> <span class='ocrx_word' id='word_1_57' title='bbox 1100 792 1323 848; x_wconf 86' lang='lat' dir='ltr'>squalida,</span> <span class='ocrx_word' id='word_1_58' title='bbox 1367 793 1563 835; x_wconf 88' lang='lat' dir='ltr'>obsoleta</span> <span class='ocrx_word' id='word_1_59' title='bbox 1607 793 1809 849; x_wconf 83' lang='lat' dir='ltr'>pauperis</span> <span class='ocrx_word' id='word_1_60' title='bbox 1848 789 2029 834; x_wconf 79' lang='lat' dir='ltr'>bominis</span> 
     </span>
     <span class='ocr_line' id='line_1_8' title="bbox 327 873 2029 930; baseline -0.002 -10"><span class='ocrx_word' id='word_1_61' title='bbox 327 878 492 920; x_wconf 82' lang='lat' dir='ltr'>domus.</span> <span class='ocrx_word' id='word_1_62' title='bbox 554 877 736 921; x_wconf 70' lang='lat' dir='ltr'>HORAT.</span> <span class='ocrx_word' id='word_1_63' title='bbox 768 877 852 919; x_wconf 86' lang='lat' dir='ltr'>Od.</span> <span class='ocrx_word' id='word_1_64' title='bbox 885 877 942 930; x_wconf 86' lang='lat' dir='ltr'>II,</span> <span class='ocrx_word' id='word_1_65' title='bbox 976 880 1046 930; x_wconf 91' lang='lat'>10,</span> <span class='ocrx_word' id='word_1_66' title='bbox 1081 880 1133 919; x_wconf 78' lang='lat'>6:</span> <span class='ocrx_word' id='word_1_67' title='bbox 1179 878 1311 917; x_wconf 83' lang='lat' dir='ltr'>Caret</span> <span class='ocrx_word' id='word_1_68' title='bbox 1342 874 1526 917; x_wconf 77' lang='lat' dir='ltr'>obsoleti</span> <span class='ocrx_word' id='word_1_69' title='bbox 1555 873 1760 918; x_wconf 74' lang='lat' dir='ltr'>sordibus</span> <span class='ocrx_word' id='word_1_70' title='bbox 1791 873 1927 920; x_wconf 78' lang='lat' dir='ltr'>tecti,</span> <span class='ocrx_word' id='word_1_71' title='bbox 1954 875 2029 916; x_wconf 85' lang='lat' dir='ltr'>ubi</span> 
     </span>
    </p>
   </div>
   <div class='ocr_carea' id='block_1_3' title="bbox 331 956 2113 1015">
    <p class='ocr_par' dir='ltr' id='par_1_3' title="bbox 331 956 2113 1015">
     <span class='ocr_line' id='line_1_9' title="bbox 331 956 2113 1015; baseline -0.001 -13"><span class='ocrx_word' id='word_1_72' title='bbox 331 961 770 1002; x_wconf 68' lang='lat' dir='ltr'>Miwscunnmcmus</span> <span class='ocrx_word' id='word_1_73' title='bbox 817 959 947 1002; x_wconf 83' lang='lat' dir='ltr'>etiam</span> <span class='ocrx_word' id='word_1_74' title='bbox 988 957 1214 1000; x_wconf 78' lang='lat' dir='ltr'>sordidam</span> <span class='ocrx_word' id='word_1_75' title='bbox 1258 972 1431 1014; x_wconf 77' lang='lat' dir='ltr'>parvae</span> <span class='ocrx_word' id='word_1_76' title='bbox 1480 957 1634 999; x_wconf 79' lang='lat' dir='ltr'>domus</span> <span class='ocrx_word' id='word_1_77' title='bbox 1670 956 1916 1015; x_wconf 80' lang='lat' dir='ltr'>fortunam</span> <span class='ocrx_word' id='word_1_78' title='bbox 1961 969 2030 1012; x_wconf 79' lang='lat' dir='ltr'>ap.</span> <span class='ocrx_word' id='word_1_79' title='bbox 2111 963 2113 966; x_wconf 82' lang='lat'>&#39;</span> 
     </span>
    </p>
   </div>
   <div class='ocr_carea' id='block_1_4' title="bbox 330 1041 2102 1098">
    <p class='ocr_par' dir='ltr' id='par_1_4' title="bbox 330 1041 2102 1098">
     <span class='ocr_line' id='line_1_10' title="bbox 330 1041 2102 1098; baseline -0.001 -13"><span class='ocrx_word' id='word_1_80' title='bbox 330 1044 504 1085; x_wconf 60' lang='lat' dir='ltr'>Sanno.</span> <span class='ocrx_word' id='word_1_81' title='bbox 551 1043 685 1085; x_wconf 86' lang='lat' dir='ltr'>Herc.</span> <span class='ocrx_word' id='word_1_82' title='bbox 730 1043 812 1084; x_wconf 83' lang='lat' dir='ltr'>sur.</span> <span class='ocrx_word' id='word_1_83' title='bbox 851 1046 955 1086; x_wconf 78' lang='lat'>200.</span> <span class='ocrx_word' id='word_1_84' title='bbox 1002 1046 1237 1098; x_wconf 83' lang='lat' dir='ltr'>comparat.</span> <span class='ocrx_word' id='word_1_85' title='bbox 1286 1066 1339 1074; x_wconf 89' lang='lat'>--</span> <span class='ocrx_word' id='word_1_86' title='bbox 1397 1042 1539 1084; x_wconf 82' lang='lat' dir='ltr'>flavi</span> <span class='ocrx_word' id='word_1_87' title='bbox 1585 1043 1760 1094; x_wconf 89' lang='lat' dir='ltr'>sulci,</span> <span class='ocrx_word' id='word_1_88' title='bbox 1806 1041 2030 1084; x_wconf 77' lang='lat' dir='ltr'>messibus.</span> <span class='ocrx_word' id='word_1_89' title='bbox 2097 1092 2102 1093; x_wconf 17' lang='lat'><em>⁷</em></span> 
     </span>
    </p>
   </div>
   <div class='ocr_carea' id='block_1_5' title="bbox 332 1116 2111 1182">
    <p class='ocr_par' dir='ltr' id='par_1_5' title="bbox 332 1116 2111 1182">
     <span class='ocr_line' id='line_1_11' title="bbox 332 1116 2111 1182; baseline 0.001 -14"><span class='ocrx_word' id='word_1_90' title='bbox 332 1130 388 1168; x_wconf 80' lang='lat' dir='ltr'>At</span> <span class='ocrx_word' id='word_1_91' title='bbox 421 1127 624 1170; x_wconf 90' lang='lat' dir='ltr'>ordine</span> <span class='ocrx_word' id='word_1_92' title='bbox 657 1127 760 1182; x_wconf 80' lang='lat' dir='ltr'>quid</span> <span class='ocrx_word' id='word_1_93' title='bbox 790 1129 860 1180; x_wconf 89' lang='lat' dir='ltr'>sit,</span> <span class='ocrx_word' id='word_1_94' title='bbox 891 1126 1089 1182; x_wconf 83' lang='lat' dir='ltr'>profecto</span> <span class='ocrx_word' id='word_1_95' title='bbox 1120 1125 1364 1168; x_wconf 86' lang='lat' dir='ltr'>obscurum.</span> <span class='ocrx_word' id='word_1_96' title='bbox 1431 1127 1788 1168; x_wconf 74' lang='lat' dir='ltr'>Bnoucxnusms</span> <span class='ocrx_word' id='word_1_97' title='bbox 1820 1127 2032 1182; x_wconf 83' lang='lat' dir='ltr'>explicat:</span> <span class='ocrx_word' id='word_1_98' title='bbox 2109 1116 2111 1118; x_wconf 40' lang='grc'>’</span> 
     </span>
    </p>
   </div>
   <div class='ocr_carea' id='block_1_6' title="bbox 332 1210 2038 1601">
    <p class='ocr_par' dir='ltr' id='par_1_6' title="bbox 332 1210 2038 1601">
     <span class='ocr_line' id='line_1_12' title="bbox 332 1210 2031 1267; baseline 0.002 -17"><span class='ocrx_word' id='word_1_99' title='bbox 332 1222 411 1251; x_wconf 88' lang='lat' dir='ltr'>suo</span> <span class='ocrx_word' id='word_1_100' title='bbox 442 1214 663 1266; x_wconf 89' lang='lat' dir='ltr'>tempore,</span> <span class='ocrx_word' id='word_1_101' title='bbox 711 1212 820 1254; x_wconf 84' lang='lat' dir='ltr'>alius</span> <span class='ocrx_word' id='word_1_102' title='bbox 851 1215 951 1267; x_wconf 87' lang='lat' dir='ltr'>post</span> <span class='ocrx_word' id='word_1_103' title='bbox 991 1210 1148 1263; x_wconf 87' lang='lat' dir='ltr'>alium,</span> <span class='ocrx_word' id='word_1_104' title='bbox 1191 1223 1333 1265; x_wconf 87' lang='lat' dir='ltr'>neque</span> <span class='ocrx_word' id='word_1_105' title='bbox 1365 1211 1476 1253; x_wconf 90' lang='lat' dir='ltr'>enim</span> <span class='ocrx_word' id='word_1_106' title='bbox 1512 1223 1661 1252; x_wconf 89' lang='lat' dir='ltr'>omnes</span> <span class='ocrx_word' id='word_1_107' title='bbox 1690 1215 1866 1264; x_wconf 83' lang='lat' dir='ltr'>segetes</span> <span class='ocrx_word' id='word_1_108' title='bbox 1905 1211 2031 1254; x_wconf 87' lang='lat' dir='ltr'>simul</span> 
     </span>
     <span class='ocr_line' id='line_1_13' title="bbox 334 1292 2034 1355; baseline 0.001 -20"><span class='ocrx_word' id='word_1_109' title='bbox 334 1298 636 1338; x_wconf 81' lang='lat' dir='ltr'>maturescere.</span> <span class='ocrx_word' id='word_1_110' title='bbox 699 1295 788 1355; x_wconf 78' lang='lat' dir='ltr'>Sed</span> <span class='ocrx_word' id='word_1_111' title='bbox 829 1296 991 1337; x_wconf 87' lang='lat' dir='ltr'>inutilis</span> <span class='ocrx_word' id='word_1_112' title='bbox 1026 1299 1070 1338; x_wconf 91' lang='lat' dir='ltr'>et</span> <span class='ocrx_word' id='word_1_113' title='bbox 1106 1296 1248 1338; x_wconf 86' lang='lat' dir='ltr'>ieiuna</span> <span class='ocrx_word' id='word_1_114' title='bbox 1291 1296 1389 1337; x_wconf 80' lang='lat' dir='ltr'>talis</span> <span class='ocrx_word' id='word_1_115' title='bbox 1428 1294 1677 1337; x_wconf 68' lang='lat' dir='ltr'>observatio*</span> <span class='ocrx_word' id='word_1_116' title='bbox 1716 1292 1798 1337; x_wconf 84' lang='lat' dir='ltr'>hie.</span> <span class='ocrx_word' id='word_1_117' title='bbox 1870 1293 2034 1336; x_wconf 82' lang='lat' dir='ltr'>Melius</span> 
     </span>
     <span class='ocr_line' id='line_1_14' title="bbox 333 1375 2035 1434; baseline 0.001 -17"><span class='ocrx_word' id='word_1_118' title='bbox 333 1378 389 1418; x_wconf 85' lang='lat' dir='ltr'>sit</span> <span class='ocrx_word' id='word_1_119' title='bbox 419 1377 723 1434; x_wconf 84' lang='lat' dir='ltr'>interpretari:</span> <span class='ocrx_word' id='word_1_120' title='bbox 770 1378 957 1420; x_wconf 79' lang='lat' dir='ltr'>ditantes</span> <span class='ocrx_word' id='word_1_121' title='bbox 992 1377 1174 1432; x_wconf 87' lang='lat' dir='ltr'>quisque</span> <span class='ocrx_word' id='word_1_122' title='bbox 1217 1377 1334 1418; x_wconf 90' lang='lat' dir='ltr'>nullo</span> <span class='ocrx_word' id='word_1_123' title='bbox 1375 1381 1575 1433; x_wconf 84' lang='lat' dir='ltr'>excepto.</span> <span class='ocrx_word' id='word_1_124' title='bbox 1628 1375 1730 1419; x_wconf 45' lang='lat' dir='ltr'>*Sed</span> <span class='ocrx_word' id='word_1_125' title='bbox 1761 1376 1905 1419; x_wconf 82' lang='lat' dir='ltr'>malim</span> <span class='ocrx_word' id='word_1_126' title='bbox 1937 1389 2035 1419; x_wconf 85' lang='lat' dir='ltr'>cum</span> 
     </span>
     <span class='ocr_line' id='line_1_15' title="bbox 336 1448 2036 1518; baseline 0.001 -17"><span class='ocrx_word' id='word_1_127' title='bbox 336 1461 532 1504; x_wconf 75' lang='lat' dir='ltr'>Hnmsm</span> <span class='ocrx_word' id='word_1_128' title='bbox 565 1467 607 1504; x_wconf 88' lang='lat' dir='ltr'>et</span> <span class='ocrx_word' id='word_1_129' title='bbox 642 1462 833 1505; x_wconf 66' lang='lat' dir='ltr'>Hermo</span> <span class='ocrx_word' id='word_1_130' title='bbox 865 1462 1025 1502; x_wconf 76' lang='lat' dir='ltr'>horrea</span> <span class='ocrx_word' id='word_1_131' title='bbox 1053 1463 1276 1518; x_wconf 89' lang='lat' dir='ltr'>scriptum,</span> <span class='ocrx_word' id='word_1_132' title='bbox 1309 1474 1396 1516; x_wconf 83' lang='lat' dir='ltr'>quo</span> <span class='ocrx_word' id='word_1_133' title='bbox 1430 1461 1571 1516; x_wconf 87' lang='lat' dir='ltr'>posito</span> <span class='ocrx_word' id='word_1_134' title='bbox 1603 1448 1876 1515; x_wconf 81' lang='lat' dir='ltr'>insequenti</span> <span class='ocrx_word' id='word_1_135' title='bbox 1907 1471 2036 1503; x_wconf 83' lang='lat' dir='ltr'>versu</span> 
     </span>
     <span class='ocr_line' id='line_1_16' title="bbox 334 1541 2038 1601; baseline 0.001 -16"><span class='ocrx_word' id='word_1_136' title='bbox 334 1546 510 1599; x_wconf 83' lang='lat' dir='ltr'>elegans</span> <span class='ocrx_word' id='word_1_137' title='bbox 541 1546 745 1601; x_wconf 86' lang='lat' dir='ltr'>repetitio</span> <span class='ocrx_word' id='word_1_138' title='bbox 778 1546 896 1587; x_wconf 83' lang='lat' dir='ltr'>vocis</span> <span class='ocrx_word' id='word_1_139' title='bbox 929 1544 1183 1597; x_wconf 82' lang='lat' dir='ltr'>habebitur,</span> <span class='ocrx_word' id='word_1_140' title='bbox 1219 1545 1361 1599; x_wconf 83' lang='lat' dir='ltr'>qualia</span> <span class='ocrx_word' id='word_1_141' title='bbox 1394 1557 1523 1599; x_wconf 83' lang='lat' dir='ltr'>supra</span> <span class='ocrx_word' id='word_1_142' title='bbox 1557 1543 1763 1596; x_wconf 64' lang='lat' dir='ltr'>vidimus»,</span> <span class='ocrx_word' id='word_1_143' title='bbox 1807 1542 1862 1585; x_wconf 86' lang='lat' dir='ltr'>cf.</span> <span class='ocrx_word' id='word_1_144' title='bbox 1894 1542 1950 1586; x_wconf 88' lang='lat' dir='ltr'>ad</span> <span class='ocrx_word' id='word_1_145' title='bbox 1981 1541 2038 1596; x_wconf 88' lang='lat'>11,</span> 
     </span>
    </p>
   </div>
   <div class='ocr_carea' id='block_1_7' title="bbox 334 1625 2111 1684">
    <p class='ocr_par' dir='ltr' id='par_1_7' title="bbox 334 1625 2111 1684">
     <span class='ocr_line' id='line_1_17' title="bbox 334 1625 2111 1684; baseline -0.001 -15"><span class='ocrx_word' id='word_1_146' title='bbox 334 1632 377 1681; x_wconf 76' lang='lat'>5,</span> <span class='ocrx_word' id='word_1_147' title='bbox 404 1632 504 1681; x_wconf 88' lang='lat'>31.,</span> <span class='ocrx_word' id='word_1_148' title='bbox 538 1633 582 1671; x_wconf 90' lang='lat' dir='ltr'>et</span> <span class='ocrx_word' id='word_1_149' title='bbox 612 1630 654 1670; x_wconf 85' lang='lat' dir='ltr'>in</span> <span class='ocrx_word' id='word_1_150' title='bbox 687 1628 976 1684; x_wconf 83' lang='lat' dir='ltr'>disputatione</span> <span class='ocrx_word' id='word_1_151' title='bbox 1007 1629 1060 1671; x_wconf 86' lang='lat' dir='ltr'>de</span> <span class='ocrx_word' id='word_1_152' title='bbox 1093 1629 1355 1670; x_wconf 88' lang='lat' dir='ltr'>Elocutione</span> <span class='ocrx_word' id='word_1_153' title='bbox 1387 1628 1564 1670; x_wconf 83' lang='lat' dir='ltr'>Tibulli.</span> <span class='ocrx_word' id='word_1_154' title='bbox 1593 1650 1650 1658; x_wconf 84' lang='lat'>-</span> <span class='ocrx_word' id='word_1_155' title='bbox 1694 1626 1922 1669; x_wconf 88' lang='lat' dir='ltr'>nimium</span> <span class='ocrx_word' id='word_1_156' title='bbox 1954 1625 2037 1668; x_wconf 86' lang='lat' dir='ltr'>fu·-</span> <span class='ocrx_word' id='word_1_157' title='bbox 2103 1670 2111 1676; x_wconf 70' lang='grc'><strong>,</strong></span> 
     </span>
    </p>
   </div>
   <div class='ocr_carea' id='block_1_8' title="bbox 335 1710 2039 1766">
    <p class='ocr_par' dir='ltr' id='par_1_8' title="bbox 335 1710 2039 1766">
     <span class='ocr_line' id='line_1_18' title="bbox 335 1710 2039 1766; baseline 0.002 -16"><span class='ocrx_word' id='word_1_158' title='bbox 335 1711 501 1764; x_wconf 90' lang='lat' dir='ltr'>rique</span> <span class='ocrx_word' id='word_1_159' title='bbox 532 1712 808 1766; x_wconf 85' lang='lat' dir='ltr'>lupoque,</span> <span class='ocrx_word' id='word_1_160' title='bbox 841 1711 1038 1763; x_wconf 86' lang='lat' dir='ltr'>cf.1,l‚</span> <span class='ocrx_word' id='word_1_161' title='bbox 1070 1714 1144 1755; x_wconf 81' lang='lat'>33.</span> <span class='ocrx_word' id='word_1_162' title='bbox 1177 1712 1248 1752; x_wconf 78' lang='lat'>34.</span> <span class='ocrx_word' id='word_1_163' title='bbox 1289 1733 1339 1741; x_wconf 85' lang='lat'>--</span> <span class='ocrx_word' id='word_1_164' title='bbox 1375 1710 1534 1753; x_wconf 88' lang='lat' dir='ltr'>Nunc</span> <span class='ocrx_word' id='word_1_165' title='bbox 1565 1710 1918 1755; x_wconf 86' lang='lat' dir='ltr'>desiderium</span> <span class='ocrx_word' id='word_1_166' title='bbox 1950 1722 2039 1753; x_wconf 81' lang='lat' dir='ltr'>su-</span> 
     </span>
    </p>
   </div>
   <div class='ocr_carea' id='block_1_9' title="bbox 337 1795 2110 1852">
    <p class='ocr_par' dir='ltr' id='par_1_9' title="bbox 337 1795 2110 1852">
     <span class='ocr_line' id='line_1_19' title="bbox 337 1795 2110 1852; baseline 0.002 -16"><span class='ocrx_word' id='word_1_167' title='bbox 337 1799 549 1849; x_wconf 86' lang='lat' dir='ltr'>perest.</span> <span class='ocrx_word' id='word_1_168' title='bbox 611 1795 801 1838; x_wconf 85' lang='lat' dir='ltr'>Laudari</span> <span class='ocrx_word' id='word_1_169' title='bbox 844 1796 976 1838; x_wconf 88' lang='lat' dir='ltr'>debet</span> <span class='ocrx_word' id='word_1_170' title='bbox 1020 1800 1151 1852; x_wconf 81' lang='lat' dir='ltr'>poeta</span> <span class='ocrx_word' id='word_1_171' title='bbox 1195 1795 1311 1850; x_wconf 90' lang='lat' dir='ltr'>quod</span> <span class='ocrx_word' id='word_1_172' title='bbox 1356 1797 1566 1839; x_wconf 85' lang='lat' dir='ltr'>indirecte</span> <span class='ocrx_word' id='word_1_173' title='bbox 1608 1797 1760 1839; x_wconf 81' lang='lat' dir='ltr'>maluit</span> <span class='ocrx_word' id='word_1_174' title='bbox 1802 1809 1929 1851; x_wconf 75' lang='lat' dir='ltr'>quam</span> <span class='ocrx_word' id='word_1_175' title='bbox 1971 1795 2042 1838; x_wconf 80' lang='lat' dir='ltr'>‹n-</span> <span class='ocrx_word' id='word_1_176' title='bbox 2107 1801 2110 1803; x_wconf 74' lang='grc'><strong>’</strong></span> 
     </span>
    </p>
   </div>
   <div class='ocr_carea' id='block_1_10' title="bbox 337 1879 2117 2940">
    <p class='ocr_par' dir='ltr' id='par_1_10' title="bbox 337 1879 2117 2940">
     <span class='ocr_line' id='line_1_20' title="bbox 338 1879 2042 1937; baseline 0.002 -19"><span class='ocrx_word' id='word_1_177' title='bbox 338 1881 454 1920; x_wconf 89' lang='lat' dir='ltr'>recte</span> <span class='ocrx_word' id='word_1_178' title='bbox 485 1879 728 1933; x_wconf 84' lang='lat' dir='ltr'>significare</span> <span class='ocrx_word' id='word_1_179' title='bbox 761 1881 1026 1936; x_wconf 87' lang='lat' dir='ltr'>ereptionem</span> <span class='ocrx_word' id='word_1_180' title='bbox 1061 1895 1277 1935; x_wconf 82' lang='lat' dir='ltr'>agrorum.</span> <span class='ocrx_word' id='word_1_181' title='bbox 1352 1882 1479 1927; x_wconf 83' lang='lat' dir='ltr'>Quae</span> <span class='ocrx_word' id='word_1_182' title='bbox 1509 1886 1653 1924; x_wconf 84' lang='lat' dir='ltr'>autem</span> <span class='ocrx_word' id='word_1_183' title='bbox 1686 1885 1786 1937; x_wconf 88' lang='lat' dir='ltr'>post</span> <span class='ocrx_word' id='word_1_184' title='bbox 1825 1879 1931 1924; x_wconf 82' lang='lat' dir='ltr'>haec</span> <span class='ocrx_word' id='word_1_185' title='bbox 1962 1879 2042 1922; x_wconf 81' lang='lat' dir='ltr'>nd-</span> 
     </span>
     <span class='ocr_line' id='line_1_21' title="bbox 339 1960 2041 2018; baseline 0.002 -16"><span class='ocrx_word' id='word_1_186' title='bbox 339 1960 423 2015; x_wconf 88' lang='lat' dir='ltr'>dit,</span> <span class='ocrx_word' id='word_1_187' title='bbox 468 1961 612 2004; x_wconf 89' lang='lat' dir='ltr'>ieinna</span> <span class='ocrx_word' id='word_1_188' title='bbox 645 1967 757 2005; x_wconf 86' lang='lat' dir='ltr'>sunt.</span> <span class='ocrx_word' id='word_1_189' title='bbox 790 1987 850 1995; x_wconf 90' lang='lat'>--</span> <span class='ocrx_word' id='word_1_190' title='bbox 898 1977 1032 2006; x_wconf 82' lang='lat' dir='ltr'>cura</span> <span class='ocrx_word' id='word_1_191' title='bbox 1075 1971 1341 2017; x_wconf 83' lang='lat' dir='ltr'>novatur,</span> <span class='ocrx_word' id='word_1_192' title='bbox 1386 1969 1640 2018; x_wconf 81' lang='lat' dir='ltr'>renovatur,</span> <span class='ocrx_word' id='word_1_193' title='bbox 1671 1963 1950 2007; x_wconf 83' lang='lat' dir='ltr'>recrudescit.</span> <span class='ocrx_word' id='word_1_194' title='bbox 1981 1985 2041 1996; x_wconf 90' lang='lat'>-·</span> 
     </span>
     <span class='ocr_line' id='line_1_22' title="bbox 338 2045 2039 2103; baseline 0.004 -18"><span class='ocrx_word' id='word_1_195' title='bbox 338 2045 613 2090; x_wconf 78' lang='lat' dir='ltr'>admonet.</span> <span class='ocrx_word' id='word_1_196' title='bbox 687 2048 907 2102; x_wconf 83' lang='lat' dir='ltr'>Quidquid</span> <span class='ocrx_word' id='word_1_197' title='bbox 952 2049 1097 2103; x_wconf 78' lang='lat' dir='ltr'>aliquo</span> <span class='ocrx_word' id='word_1_198' title='bbox 1147 2063 1244 2091; x_wconf 89' lang='lat' dir='ltr'>cum</span> <span class='ocrx_word' id='word_1_199' title='bbox 1291 2050 1444 2091; x_wconf 78' lang='lat' dir='ltr'>aculeo</span> <span class='ocrx_word' id='word_1_200' title='bbox 1492 2050 1666 2103; x_wconf 88' lang='lat' dir='ltr'>teloque</span> <span class='ocrx_word' id='word_1_201' title='bbox 1706 2049 1749 2091; x_wconf 88' lang='lat' dir='ltr'>in</span> <span class='ocrx_word' id='word_1_202' title='bbox 1792 2050 2039 2092; x_wconf 84' lang='lat' dir='ltr'>memoriam</span> 
     </span>
     <span class='ocr_line' id='line_1_23' title="bbox 341 2126 2042 2184; baseline 0.004 -17"><span class='ocrx_word' id='word_1_203' title='bbox 341 2126 464 2180; x_wconf 84' lang='lat' dir='ltr'>redit,</span> <span class='ocrx_word' id='word_1_204' title='bbox 497 2133 542 2170; x_wconf 90' lang='lat' dir='ltr'>et</span> <span class='ocrx_word' id='word_1_205' title='bbox 572 2133 620 2169; x_wconf 91' lang='lat' dir='ltr'>ut</span> <span class='ocrx_word' id='word_1_206' title='bbox 651 2128 856 2171; x_wconf 68' lang='lat' dir='ltr'>Tuumne</span> <span class='ocrx_word' id='word_1_207' title='bbox 887 2130 961 2182; x_wconf 79' lang='lat' dir='ltr'>ait,</span> <span class='ocrx_word' id='word_1_208' title='bbox 997 2131 1184 2172; x_wconf 84' lang='lat' dir='ltr'>animum</span> <span class='ocrx_word' id='word_1_209' title='bbox 1218 2131 1424 2172; x_wconf 85' lang='lat' dir='ltr'>memoria</span> <span class='ocrx_word' id='word_1_210' title='bbox 1455 2130 1644 2184; x_wconf 79' lang='lat' dir='ltr'>refricat,</span> <span class='ocrx_word' id='word_1_211' title='bbox 1675 2131 1734 2174; x_wconf 85' lang='lat' dir='ltr'>ita</span> <span class='ocrx_word' id='word_1_212' title='bbox 1757 2131 1926 2184; x_wconf 88' lang='lat' dir='ltr'>dicitur,</span> <span class='ocrx_word' id='word_1_213' title='bbox 1963 2145 2042 2174; x_wconf 92' lang='lat' dir='ltr'>no-</span> 
     </span>
     <span class='ocr_line' id='line_1_24' title="bbox 339 2213 2039 2270; baseline 0.004 -17"><span class='ocrx_word' id='word_1_214' title='bbox 339 2215 457 2254; x_wconf 82' lang='lat' dir='ltr'>tante</span> <span class='ocrx_word' id='word_1_215' title='bbox 499 2213 741 2254; x_wconf 77' lang='lat' dir='ltr'>GnoNovm</span> <span class='ocrx_word' id='word_1_216' title='bbox 784 2213 967 2256; x_wconf 86' lang='lat' dir='ltr'>Diatrib.</span> <span class='ocrx_word' id='word_1_217' title='bbox 1015 2229 1057 2269; x_wconf 91' lang='lat' dir='ltr'>p.</span> <span class='ocrx_word' id='word_1_218' title='bbox 1093 2216 1195 2255; x_wconf 79' lang='lat'>322.</span> <span class='ocrx_word' id='word_1_219' title='bbox 1274 2213 1334 2255; x_wconf 88' lang='lat' dir='ltr'>Et</span> <span class='ocrx_word' id='word_1_220' title='bbox 1381 2227 1559 2262; x_wconf 83' lang='lat' dir='ltr'>annos</span> <span class='ocrx_word' id='word_1_221' title='bbox 1605 2215 1725 2258; x_wconf 87' lang='lat' dir='ltr'>vides</span> <span class='ocrx_word' id='word_1_222' title='bbox 1772 2228 1895 2270; x_wconf 87' lang='lat' dir='ltr'>esse,</span> <span class='ocrx_word' id='word_1_223' title='bbox 1943 2230 2039 2260; x_wconf 88' lang='lat' dir='ltr'>cum</span> 
     </span>
     <span class='ocr_line' id='line_1_25' title="bbox 341 2294 2042 2354; baseline 0.006 -20"><span class='ocrx_word' id='word_1_224' title='bbox 341 2294 526 2336; x_wconf 88' lang='lat' dir='ltr'>nondum</span> <span class='ocrx_word' id='word_1_225' title='bbox 559 2295 767 2349; x_wconf 82' lang='lat' dir='ltr'>spoliatus</span> <span class='ocrx_word' id='word_1_226' title='bbox 799 2300 927 2338; x_wconf 85' lang='lat' dir='ltr'>esset.</span> <span class='ocrx_word' id='word_1_227' title='bbox 957 2318 1017 2327; x_wconf 94' lang='lat'><strong>—</strong></span> <span class='ocrx_word' id='word_1_228' title='bbox 1050 2297 1102 2338; x_wconf 94' lang='lat' dir='ltr'>V.</span> <span class='ocrx_word' id='word_1_229' title='bbox 1135 2299 1222 2338; x_wconf 91' lang='grc'>190</span> <span class='ocrx_word' id='word_1_230' title='bbox 1253 2310 1346 2351; x_wconf 86' lang='lat' dir='ltr'>sqq.</span> <span class='ocrx_word' id='word_1_231' title='bbox 1383 2297 1618 2351; x_wconf 78' lang='lat' dir='ltr'>cadant,</span> <span class='ocrx_word' id='word_1_232' title='bbox 1648 2298 1871 2354; x_wconf 50' lang='lat' dir='ltr'>accidant}</span> <span class='ocrx_word' id='word_1_233' title='bbox 1901 2300 1956 2346; x_wconf 83' lang='lat' dir='ltr'>cf.</span> <span class='ocrx_word' id='word_1_234' title='bbox 1989 2302 2042 2344; x_wconf 84' lang='lat' dir='ltr'>ad</span> 
     </span>
     <span class='ocr_line' id='line_1_26' title="bbox 337 2378 2046 2438; baseline 0.005 -18"><span class='ocrx_word' id='word_1_235' title='bbox 337 2378 385 2430; x_wconf 56' lang='lat' dir='ltr'>J„</span> <span class='ocrx_word' id='word_1_236' title='bbox 405 2382 447 2431; x_wconf 86' lang='lat'>6,</span> <span class='ocrx_word' id='word_1_237' title='bbox 481 2381 553 2420; x_wconf 87' lang='lat'>85.</span> <span class='ocrx_word' id='word_1_238' title='bbox 589 2401 648 2410; x_wconf 89' lang='lat'>—-</span> <span class='ocrx_word' id='word_1_239' title='bbox 693 2378 980 2422; x_wconf 86' lang='lat' dir='ltr'>deficient</span> <span class='ocrx_word' id='word_1_240' title='bbox 1012 2393 1351 2434; x_wconf 89' lang='lat' dir='ltr'>memorare,</span> <span class='ocrx_word' id='word_1_241' title='bbox 1395 2381 1618 2435; x_wconf 80' lang='lat' dir='ltr'>desinent,</span> <span class='ocrx_word' id='word_1_242' title='bbox 1647 2382 1882 2438; x_wconf 87' lang='lat' dir='ltr'>absistent,</span> <span class='ocrx_word' id='word_1_243' title='bbox 1911 2386 2046 2428; x_wconf 85' lang='lat' dir='ltr'>veluti</span> 
     </span>
     <span class='ocr_line' id='line_1_27' title="bbox 342 2460 2046 2522; baseline 0.005 -19"><span class='ocrx_word' id='word_1_244' title='bbox 342 2462 438 2503; x_wconf 76' lang='lat' dir='ltr'>Su..</span> <span class='ocrx_word' id='word_1_245' title='bbox 474 2460 539 2504; x_wconf 81' lang='grc' dir='ltr'>ΙΤ.</span> <span class='ocrx_word' id='word_1_246' title='bbox 576 2460 655 2513; x_wconf 84' lang='lat' dir='ltr'>Ill,</span> <span class='ocrx_word' id='word_1_247' title='bbox 689 2463 800 2503; x_wconf 83' lang='lat'>111:</span> <span class='ocrx_word' id='word_1_248' title='bbox 851 2460 1023 2519; x_wconf 83' lang='lat' dir='ltr'>gelidos</span> <span class='ocrx_word' id='word_1_249' title='bbox 1067 2470 1120 2503; x_wconf 81' lang='lat' dir='ltr'>at</span> <span class='ocrx_word' id='word_1_250' title='bbox 1161 2462 1372 2505; x_wconf 78' lang='lat' dir='ltr'>scandere</span> <span class='ocrx_word' id='word_1_251' title='bbox 1418 2470 1564 2509; x_wconf 76' lang='lat' dir='ltr'>tecum</span> <span class='ocrx_word' id='word_1_252' title='bbox 1609 2465 1831 2522; x_wconf 82' lang='lat' dir='ltr'>Deficiam</span> <span class='ocrx_word' id='word_1_253' title='bbox 1876 2477 2046 2511; x_wconf 78' lang='lat' dir='ltr'>montes</span> 
     </span>
     <span class='ocr_line' id='line_1_28' title="bbox 343 2541 2044 2606; baseline 0.008 -23"><span class='ocrx_word' id='word_1_254' title='bbox 343 2542 504 2584; x_wconf 81' lang='lat' dir='ltr'>coniux</span> <span class='ocrx_word' id='word_1_255' title='bbox 548 2541 670 2585; x_wconf 82' lang='lat' dir='ltr'>tua?</span> <span class='ocrx_word' id='word_1_256' title='bbox 742 2543 854 2587; x_wconf 88' lang='lat' dir='ltr'>Vide</span> <span class='ocrx_word' id='word_1_257' title='bbox 895 2545 1225 2587; x_wconf 72' lang='lat' dir='ltr'>Runuxnmmu</span> <span class='ocrx_word' id='word_1_258' title='bbox 1269 2545 1322 2587; x_wconf 79' lang='lat' dir='ltr'>ad</span> <span class='ocrx_word' id='word_1_259' title='bbox 1369 2546 1506 2590; x_wconf 84' lang='lat' dir='ltr'>Rutil.</span> <span class='ocrx_word' id='word_1_260' title='bbox 1551 2547 1665 2604; x_wconf 87' lang='lat' dir='ltr'>Lup.</span> <span class='ocrx_word' id='word_1_261' title='bbox 1706 2562 1807 2606; x_wconf 74' lang='lat' dir='ltr'>pag.</span> <span class='ocrx_word' id='word_1_262' title='bbox 1844 2551 1943 2596; x_wconf 81' lang='lat'>132.</span> <span class='ocrx_word' id='word_1_263' title='bbox 1985 2574 2044 2583; x_wconf 92' lang='lat'>—</span> 
     </span>
     <span class='ocr_line' id='line_1_29' title="bbox 341 2629 2045 2691; baseline 0.005 -20"><span class='ocrx_word' id='word_1_264' title='bbox 341 2629 396 2671; x_wconf 91' lang='lat' dir='ltr'>V.</span> <span class='ocrx_word' id='word_1_265' title='bbox 431 2632 517 2671; x_wconf 87' lang='grc'>193</span> <span class='ocrx_word' id='word_1_266' title='bbox 548 2642 644 2684; x_wconf 84' lang='lat' dir='ltr'>sqq.</span> <span class='ocrx_word' id='word_1_267' title='bbox 692 2630 886 2683; x_wconf 84' lang='lat' dir='ltr'>legemus</span> <span class='ocrx_word' id='word_1_268' title='bbox 939 2630 1071 2672; x_wconf 84' lang='lat' dir='ltr'>verba</span> <span class='ocrx_word' id='word_1_269' title='bbox 1119 2630 1312 2672; x_wconf 73' lang='lat' dir='ltr'>Hero</span> <span class='ocrx_word' id='word_1_270' title='bbox 1361 2631 1504 2674; x_wconf 85' lang='lat' dir='ltr'>iudice</span> <span class='ocrx_word' id='word_1_271' title='bbox 1548 2645 1633 2675; x_wconf 87' lang='lat' dir='ltr'>non</span> <span class='ocrx_word' id='word_1_272' title='bbox 1679 2633 1810 2688; x_wconf 77' lang='lat' dir='ltr'>digna</span> <span class='ocrx_word' id='word_1_273' title='bbox 1854 2635 2045 2691; x_wconf 82' lang='lat' dir='ltr'>ingenuo</span> 
     </span>
     <span class='ocr_line' id='line_1_30' title="bbox 341 2710 2117 2768; baseline 0.006 -15"><span class='ocrx_word' id='word_1_274' title='bbox 341 2710 524 2754; x_wconf 86' lang='lat' dir='ltr'>homine.</span> <span class='ocrx_word' id='word_1_275' title='bbox 587 2712 779 2755; x_wconf 89' lang='lat' dir='ltr'>Primum</span> <span class='ocrx_word' id='word_1_276' title='bbox 814 2713 927 2755; x_wconf 90' lang='lat' dir='ltr'>enim</span> <span class='ocrx_word' id='word_1_277' title='bbox 971 2725 1055 2755; x_wconf 91' lang='lat' dir='ltr'>non</span> <span class='ocrx_word' id='word_1_278' title='bbox 1097 2713 1370 2768; x_wconf 82' lang='lat' dir='ltr'>comparabis</span> <span class='ocrx_word' id='word_1_279' title='bbox 1410 2726 1521 2767; x_wconf 88' lang='lat' dir='ltr'>quae</span> <span class='ocrx_word' id='word_1_280' title='bbox 1561 2720 1755 2759; x_wconf 83' lang='lat' dir='ltr'>amantes</span> <span class='ocrx_word' id='word_1_281' title='bbox 1789 2716 1832 2759; x_wconf 88' lang='lat' dir='ltr'>in</span> <span class='ocrx_word' id='word_1_282' title='bbox 1874 2717 2046 2763; x_wconf 80' lang='lat' dir='ltr'>fervore</span> <span class='ocrx_word' id='word_1_283' title='bbox 2116 2735 2117 2738; x_wconf 47' lang='lat'>¹</span> 
     </span>
     <span class='ocr_line' id='line_1_31' title="bbox 340 2793 2046 2856; baseline 0.006 -22"><span class='ocrx_word' id='word_1_284' title='bbox 340 2793 524 2835; x_wconf 84' lang='lat' dir='ltr'>affectus</span> <span class='ocrx_word' id='word_1_285' title='bbox 556 2793 723 2846; x_wconf 88' lang='lat' dir='ltr'>iurant,</span> <span class='ocrx_word' id='word_1_286' title='bbox 756 2807 796 2837; x_wconf 90' lang='lat' dir='ltr'>v.</span> <span class='ocrx_word' id='word_1_287' title='bbox 823 2807 862 2836; x_wconf 91' lang='lat' dir='ltr'>c.</span> <span class='ocrx_word' id='word_1_288' title='bbox 898 2794 1104 2836; x_wconf 67' lang='lat' dir='ltr'>Ouum..</span> <span class='ocrx_word' id='word_1_289' title='bbox 1134 2794 1273 2839; x_wconf 92' lang='lat' dir='ltr'>XLV.</span> <span class='ocrx_word' id='word_1_290' title='bbox 1318 2797 1559 2841; x_wconf 68' lang='lat' dir='ltr'>Pnopmzw.</span> <span class='ocrx_word' id='word_1_291' title='bbox 1589 2797 1648 2851; x_wconf 88' lang='grc' dir='ltr'>ΙΙ,</span> <span class='ocrx_word' id='word_1_292' title='bbox 1678 2801 1752 2841; x_wconf 82' lang='lat'>24.</span> <span class='ocrx_word' id='word_1_293' title='bbox 1794 2798 1954 2844; x_wconf 77' lang='lat' dir='ltr'>Tibull.</span> <span class='ocrx_word' id='word_1_294' title='bbox 1987 2801 2046 2856; x_wconf 87' lang='grc' dir='ltr'>Π,</span> 
     </span>
     <span class='ocr_line' id='line_1_32' title="bbox 341 2875 2048 2940; baseline 0.006 -22"><span class='ocrx_word' id='word_1_295' title='bbox 341 2878 383 2929; x_wconf 86' lang='grc'>4,</span> <span class='ocrx_word' id='word_1_296' title='bbox 414 2877 486 2922; x_wconf 85' lang='lat' dir='ltr'>fin.</span> <span class='ocrx_word' id='word_1_297' title='bbox 563 2875 652 2919; x_wconf 88' lang='lat' dir='ltr'>Sed</span> <span class='ocrx_word' id='word_1_298' title='bbox 700 2877 880 2932; x_wconf 87' lang='lat' dir='ltr'>opponit</span> <span class='ocrx_word' id='word_1_299' title='bbox 921 2877 1325 2920; x_wconf 75' lang='lat' dir='ltr'>thnnnmcnms</span> <span class='ocrx_word' id='word_1_300' title='bbox 1372 2878 1530 2922; x_wconf 84' lang='lat' dir='ltr'>Horat.</span> <span class='ocrx_word' id='word_1_301' title='bbox 1574 2879 1717 2937; x_wconf 87' lang='lat' dir='ltr'>Epod.</span> <span class='ocrx_word' id='word_1_302' title='bbox 1758 2881 1794 2935; x_wconf 71' lang='lat'>1,</span> <span class='ocrx_word' id='word_1_303' title='bbox 1840 2885 1891 2926; x_wconf 83' lang='lat'>11</span> <span class='ocrx_word' id='word_1_304' title='bbox 1925 2897 2048 2940; x_wconf 85' lang='lat' dir='ltr'>sqq.=</span> 
     </span>
    </p>
   </div>
   <div class='ocr_carea' id='block_1_11' title="bbox 340 2958 2123 3018">
    <p class='ocr_par' dir='ltr' id='par_1_11' title="bbox 340 2958 2123 3018">
     <span class='ocr_line' id='line_1_33' title="bbox 340 2958 2123 3018; baseline 0.005 -18"><span class='ocrx_word' id='word_1_305' title='bbox 340 2968 386 3001; x_wconf 74' lang='lat' dir='ltr'>et</span> <span class='ocrx_word' id='word_1_306' title='bbox 416 2968 460 3001; x_wconf 86' lang='lat' dir='ltr'>te</span> <span class='ocrx_word' id='word_1_307' title='bbox 493 2960 564 3002; x_wconf 86' lang='lat' dir='ltr'>vel</span> <span class='ocrx_word' id='word_1_308' title='bbox 599 2975 680 3016; x_wconf 80' lang='lat' dir='ltr'>per</span> <span class='ocrx_word' id='word_1_309' title='bbox 708 2958 899 3016; x_wconf 79' lang='lat' dir='ltr'>Alpium</span> <span class='ocrx_word' id='word_1_310' title='bbox 927 2958 1040 3018; x_wconf 78' lang='lat' dir='ltr'>iuga</span> <span class='ocrx_word' id='word_1_311' title='bbox 1070 2960 1392 3018; x_wconf 77' lang='lat' dir='ltr'>Inhospitalem</span> <span class='ocrx_word' id='word_1_312' title='bbox 1423 2971 1468 3004; x_wconf 84' lang='lat' dir='ltr'>et</span> <span class='ocrx_word' id='word_1_313' title='bbox 1501 2966 1773 3012; x_wconf 79' lang='lat' dir='ltr'>Caucasum,</span> <span class='ocrx_word' id='word_1_314' title='bbox 1819 2965 1903 3009; x_wconf 82' lang='lat' dir='ltr'>Vel</span> <span class='ocrx_word' id='word_1_315' title='bbox 1933 2966 2050 3009; x_wconf 48' lang='lat' dir='ltr'>occi‘</span> <span class='ocrx_word' id='word_1_316' title='bbox 2120 3000 2123 3002; x_wconf 26' lang='lat' dir='ltr'>v</span> 
     </span>
    </p>
   </div>
   <div class='ocr_carea' id='block_1_12' title="bbox 342 3042 2050 3354">
    <p class='ocr_par' dir='ltr' id='par_1_12' title="bbox 342 3042 2050 3354">
     <span class='ocr_line' id='line_1_34' title="bbox 343 3042 2050 3106; baseline 0.005 -22"><span class='ocrx_word' id='word_1_317' title='bbox 343 3043 488 3086; x_wconf 78' lang='lat' dir='ltr'>dentis</span> <span class='ocrx_word' id='word_1_318' title='bbox 520 3059 660 3102; x_wconf 82' lang='lat' dir='ltr'>usque</span> <span class='ocrx_word' id='word_1_319' title='bbox 691 3042 755 3084; x_wconf 86' lang='lat' dir='ltr'>ad</span> <span class='ocrx_word' id='word_1_320' title='bbox 782 3042 990 3085; x_wconf 81' lang='lat' dir='ltr'>ultimum</span> <span class='ocrx_word' id='word_1_321' title='bbox 1021 3043 1170 3086; x_wconf 76' lang='lat' dir='ltr'>sinum</span> <span class='ocrx_word' id='word_1_322' title='bbox 1200 3045 1331 3087; x_wconf 84' lang='lat' dir='ltr'>Forti</span> <span class='ocrx_word' id='word_1_323' title='bbox 1359 3061 1595 3106; x_wconf 81' lang='lat' dir='ltr'>sequemur</span> <span class='ocrx_word' id='word_1_324' title='bbox 1621 3056 1812 3105; x_wconf 85' lang='lat' dir='ltr'>pectore,</span> <span class='ocrx_word' id='word_1_325' title='bbox 1849 3054 1894 3092; x_wconf 86' lang='lat' dir='ltr'>et</span> <span class='ocrx_word' id='word_1_326' title='bbox 1917 3049 2050 3093; x_wconf 64' lang='lat' dir='ltr'>Pto·-</span> 
     </span>
     <span class='ocr_line' id='line_1_35' title="bbox 342 3127 2050 3185; baseline 0.005 -17"><span class='ocrx_word' id='word_1_327' title='bbox 342 3139 479 3171; x_wconf 74' lang='lat' dir='ltr'>Pssn&#39;r.</span> <span class='ocrx_word' id='word_1_328' title='bbox 511 3127 547 3180; x_wconf 89' lang='lat' dir='ltr'>I,</span> <span class='ocrx_word' id='word_1_329' title='bbox 578 3131 633 3170; x_wconf 72' lang='grc' dir='ltr'>δε</span> <span class='ocrx_word' id='word_1_330' title='bbox 682 3127 783 3168; x_wconf 85' lang='grc' dir='ltr'>Νοη</span> <span class='ocrx_word' id='word_1_331' title='bbox 821 3141 901 3185; x_wconf 86' lang='lat' dir='ltr'>ego</span> <span class='ocrx_word' id='word_1_332' title='bbox 939 3129 1295 3171; x_wconf 18' lang='lat' dir='ltr'>nunchadriae</span> <span class='ocrx_word' id='word_1_333' title='bbox 1335 3146 1486 3174; x_wconf 71' lang='lat' dir='ltr'>vereor</span> <span class='ocrx_word' id='word_1_334' title='bbox 1527 3147 1649 3174; x_wconf 83' lang='lat' dir='ltr'>mare</span> <span class='ocrx_word' id='word_1_335' title='bbox 1686 3145 1863 3175; x_wconf 78' lang='lat' dir='ltr'>noscere</span> <span class='ocrx_word' id='word_1_336' title='bbox 1904 3141 2050 3176; x_wconf 82' lang='lat' dir='ltr'>tecum</span> 
     </span>
     <span class='ocr_line' id='line_1_36' title="bbox 348 3209 2050 3274; baseline 0.005 -23"><span class='ocrx_word' id='word_1_337' title='bbox 348 3209 476 3252; x_wconf 84' lang='lat' dir='ltr'>Tulle</span> <span class='ocrx_word' id='word_1_338' title='bbox 508 3226 649 3269; x_wconf 80' lang='lat' dir='ltr'>neque</span> <span class='ocrx_word' id='word_1_339' title='bbox 678 3210 863 3269; x_wconf 83' lang='lat' dir='ltr'>Aegaeo</span> <span class='ocrx_word' id='word_1_340' title='bbox 895 3211 1053 3255; x_wconf 84' lang='lat' dir='ltr'>ducere</span> <span class='ocrx_word' id='word_1_341' title='bbox 1084 3213 1185 3255; x_wconf 77' lang='lat' dir='ltr'>vela</span> <span class='ocrx_word' id='word_1_342' title='bbox 1216 3213 1339 3261; x_wconf 70' lang='lat' dir='ltr'>salo,</span> <span class='ocrx_word' id='word_1_343' title='bbox 1388 3217 1496 3256; x_wconf 77' lang='lat' dir='ltr'>Cam</span> <span class='ocrx_word' id='word_1_344' title='bbox 1535 3231 1622 3274; x_wconf 83' lang='lat' dir='ltr'>quo</span> <span class='ocrx_word' id='word_1_345' title='bbox 1657 3216 1915 3274; x_wconf 73' lang='lat' dir='ltr'>Rhiphaeos</span> <span class='ocrx_word' id='word_1_346' title='bbox 1941 3232 2050 3273; x_wconf 84' lang='lat' dir='ltr'>pos-</span> 
     </span>
     <span class='ocr_line' id='line_1_37' title="bbox 343 3292 2048 3354; baseline 0.004 -21"><span class='ocrx_word' id='word_1_347' title='bbox 343 3293 425 3334; x_wconf 75' lang='lat' dir='ltr'>sim</span> <span class='ocrx_word' id='word_1_348' title='bbox 471 3292 754 3335; x_wconf 82' lang='lat' dir='ltr'>conscendere</span> <span class='ocrx_word' id='word_1_349' title='bbox 800 3301 967 3336; x_wconf 79' lang='lat' dir='ltr'>montes</span> <span class='ocrx_word' id='word_1_350' title='bbox 1025 3293 1313 3354; x_wconf 77' lang='lat' dir='ltr'>Ulteriusque</span> <span class='ocrx_word' id='word_1_351' title='bbox 1357 3296 1504 3339; x_wconf 81' lang='lat' dir='ltr'>domos</span> <span class='ocrx_word' id='word_1_352' title='bbox 1554 3297 1713 3339; x_wconf 82' lang='lat' dir='ltr'>vadere</span> <span class='ocrx_word' id='word_1_353' title='bbox 1756 3299 2048 3341; x_wconf 75' lang='lat' dir='ltr'>Memnonios.</span> 
     </span>
    </p>
   </div>
   <div class='ocr_carea' id='block_1_13' title="bbox 346 3376 2051 3427">
    <p class='ocr_par' dir='ltr' id='par_1_13' title="bbox 346 3376 2051 3427">
     <span class='ocr_line' id='line_1_38' title="bbox 346 3376 2051 3427; baseline 0.006 -10"><span class='ocrx_word' id='word_1_354' title='bbox 346 3376 517 3419; x_wconf 88' lang='lat' dir='ltr'>Sentiet</span> <span class='ocrx_word' id='word_1_355' title='bbox 556 3381 700 3420; x_wconf 84' lang='lat' dir='ltr'>tamen</span> <span class='ocrx_word' id='word_1_356' title='bbox 732 3379 868 3421; x_wconf 89' lang='lat' dir='ltr'>lector</span> <span class='ocrx_word' id='word_1_357' title='bbox 907 3380 1036 3421; x_wconf 87' lang='lat' dir='ltr'>etiam</span> <span class='ocrx_word' id='word_1_358' title='bbox 1070 3377 1138 3422; x_wconf 78' lang='lat' dir='ltr'>liic</span> <span class='ocrx_word' id='word_1_359' title='bbox 1173 3379 1412 3424; x_wconf 83' lang='lat' dir='ltr'>discrimen.</span> <span class='ocrx_word' id='word_1_360' title='bbox 1488 3382 1694 3425; x_wconf 79' lang='lat' dir='ltr'>comitari</span> <span class='ocrx_word' id='word_1_361' title='bbox 1725 3383 1835 3426; x_wconf 87' lang='lat' dir='ltr'>velle</span> <span class='ocrx_word' id='word_1_362' title='bbox 1867 3383 2051 3427; x_wconf 81' lang='lat' dir='ltr'>fideliter</span> 
     </span>
    </p>
   </div>
   <div class='ocr_carea' id='block_1_14' title="bbox 2077 908 2158 3373">
    <p class='ocr_par' dir='ltr' id='par_1_14' title="bbox 2077 908 2158 3373">
     <span class='ocr_line' id='line_1_39' title="bbox 2077 908 2158 3373; baseline 0 0"><span class='ocrx_word' id='word_1_363' title='bbox 2077 908 2158 3373; x_wconf 95' lang='lat' dir='ltr'> </span> 
     </span>
    </p>
   </div>
  </div>
 </body>
</html>
