2158 3750
657 281 839 337 LIBR.
878 283 918 334 Ι.
989 280 1190 333 ELEG.
1225 280 1317 331 ΙΙΙ.
1779 283 1843 326 63

148 450 227 493 ρας
258 435 405 487 iocum,
438 437 474 478 εἶ
504 438 610 494 πυρὶ
635 444 787 494 χεῖρας
816 433 935 486 ἔοικε,
965 436 1090 485 μένος
1116 430 1159 476 δ’
1188 434 1348 476 αἴθωνι
1384 427 1574 488 σιδήρῳ,
1606 434 1648 472 et
1678 428 1846 482 XXIII,

148 521 259 561 640:
312 514 335 559 ὅ
363 520 439 566 μὲν
469 518 650 569 ἔμπεδον
689 513 924 575 ἡνιόχευεν,
972 517 1153 567 ἔμπεδον
1183 512 1377 574 ἡνιόχευ’,
1423 510 1445 556 ὅ
1474 511 1516 557 δ’
1547 511 1631 571 ἄρα
1663 509 1846 566 μάστιγι

148 604 324 648 κέλευεν.
395 603 527 659 Apud
565 603 785 646 Tibullum
830 602 915 644 alia
956 602 1154 657 exempla
1194 606 1295 644 sunt
1334 601 1371 654 Ι,
1400 604 1443 653 4,
1485 603 1560 643 55.
1605 604 1650 642 et
1690 602 1734 651 5,
1770 600 1844 640 17.

148 686 303 741 Neque
333 699 443 742 opus
470 690 519 727 ut
548 685 691 727 omnia
721 684 852 727 verba
882 687 1147 739 repetantur,
1178 683 1255 725 sed
1286 683 1392 725 satis
1422 695 1554 738 saepe
1585 686 1667 736 est,
1698 681 1735 723 si
1763 693 1846 737 po-

145 770 257 811 tiora
286 769 478 812 redeant.
539 767 687 810 Habet
726 771 872 825 autem
914 767 1054 822 figura
1098 779 1209 808 nunc
1250 766 1453 808 affectum
1487 778 1690 821 gravem,
1732 777 1846 808 nunc

146 856 284 897 lusum
310 852 557 896 iucundum.
633 853 869 895 Praeterea
901 850 983 894 hoc
1014 853 1112 894 loco
1143 852 1270 894 simul
1302 853 1506 894 transitus
1536 851 1591 894 ad
1621 851 1848 906 sequentia

143 949 223 991 per
263 948 360 978 eam
398 940 578 991 paratur
618 939 668 977 ut
708 948 750 978 v.
791 948 830 978 c.
874 933 1004 977 etiam
1034 933 1070 988 Ι,
1100 938 1145 986 5,
1178 937 1250 978 17.
1291 933 1350 987 11,
1382 936 1425 988 4,
1454 937 1528 978 20.
1558 958 1618 967 —-
1666 936 1844 990 Pergit:

144 1031 244 1061 non
285 1015 371 1061 hic
412 1016 546 1061 mihi
586 1022 792 1071 mater,
839 1030 947 1061 nou
988 1031 1166 1062 soror.
1227 1017 1367 1060 Erant
1409 1018 1522 1061 enim
1567 1016 1674 1061 haec
1706 1019 1847 1062 officia

143 1100 437 1158 proximorum
469 1105 514 1143 et
543 1100 889 1161 carissimorum,
931 1105 981 1143 ut
1009 1105 1195 1145 constat.
1271 1100 1450 1144 Tibullo
1482 1114 1585 1145 vero
1615 1102 1701 1144 alio
1731 1107 1844 1145 tem-

141 1196 249 1239 pore
286 1194 437 1226 revera
477 1183 664 1239 contigit
702 1181 819 1238 quod
852 1186 1000 1239 optat,
1042 1187 1092 1226 ut
1121 1183 1291 1226 Romae
1319 1183 1362 1226 in
1394 1185 1665 1241 amplexibus
1698 1185 1845 1227 matris

143 1273 188 1317 et
217 1269 380 1312 sororis
410 1267 657 1321 decederet,
686 1267 742 1311 cf.
772 1268 911 1310 Ovm.
942 1272 1112 1312 Amorr.
1141 1267 1223 1322 111,
1256 1271 1299 1322 9,
1321 1270 1398 1313 49.
1459 1270 1602 1315 Quam
1632 1268 1688 1311 sit
1721 1271 1843 1312 triste

139 1354 184 1396 in
216 1354 446 1410 peregrina
474 1361 593 1397 terra
622 1354 732 1397 mori
759 1358 804 1397 et
835 1352 1036 1410 sepeliri,
1083 1353 1207 1395 multi
1238 1353 1324 1396 loci
1355 1352 1515 1396 docent
1544 1359 1766 1407 veterum,
1796 1358 1846 1396 ut

143 1437 280 1479 Ovm.
311 1437 447 1480 Trist.
477 1435 512 1491 l,
541 1439 585 1490 2,
613 1439 688 1479 53.
718 1435 799 1490 ΙΙΙ,
829 1439 873 1490 3,
903 1439 978 1479 29.
1011 1435 1200 1479 Vmem.
1232 1435 1338 1479 Aen.
1369 1434 1448 1489 lx,
1479 1439 1583 1482 485.
1615 1437 1846 1479 Sopnocr„

142 1519 307 1563 Electr.
339 1523 469 1563 1126.
530 1520 596 1562 Ac
623 1522 776 1562 notant
805 1518 1078 1574 interpretes,
1104 1541 1159 1548 —
1192 1518 1248 1560 in
1276 1523 1527 1560 moestos
1557 1518 1743 1571 sinus,
1777 1517 1847 1559 lu-

142 1602 322 1656 gubrem
354 1607 517 1645 vestem
551 1602 684 1656 dicit,
725 1615 837 1657 quae
868 1607 977 1647 atra.
1039 1602 1108 1646 Cf.
1144 1602 1254 1644 infra
1284 1601 1363 1655 Ill,
1393 1605 1439 1655 2,
1472 1605 1542 1646 17.
1603 1602 1697 1644 Res
1727 1606 1843 1643 nota.

143 1684 348 1727 Ceterum
378 1684 433 1727 ad
462 1697 552 1727 rem
582 1685 694 1728 conf.
725 1685 965 1728 PROPRR'r.
998 1684 1035 1738 I,
1065 1689 1134 1738 17,
1161 1688 1243 1727 12:
1280 1684 1360 1727 An
1384 1684 1556 1742 poteris
1589 1683 1718 1726 siccis
1749 1698 1847 1725 mea

134 1765 255 1824 fata
285 1782 490 1824 reponere
522 1767 684 1812 ocellis,
715 1781 907 1826 ossaque
937 1764 1069 1809 nulla
1099 1774 1179 1808 tuo
1211 1773 1368 1808 nostra
1397 1774 1544 1808 tenere
1573 1768 1691 1808 sinu.
1754 1766 1848 1808 Lo-

57 1903 62 1907 q
142 1851 290 1905 quitur
316 1856 461 1894 autem
489 1851 714 1905 Tibullus,
760 1857 808 1894 ut
841 1865 919 1909 par
946 1855 1042 1906 est,
1086 1851 1344 1895 summatim.
1406 1853 1573 1894 Auctor
1602 1850 1697 1892 libri
1730 1848 1850 1892 tertii

142 1934 256 1988 eleg.
293 1934 350 1975 Π.
384 1935 411 1977 l.
446 1935 518 1977 cit.
560 1935 753 1990 pluribus
784 1947 864 1977 nos
894 1932 1025 1977 docet
1063 1934 1232 1976 cineres
1275 1933 1372 1976 sinu
1403 1937 1630 1989 susceptos
1662 1932 1848 1988 primum

141 2014 241 2057 vino
271 2020 317 2058 et
345 2016 457 2058 lacte
488 2029 759 2072 conspersoS,
797 2021 887 2058 tum
916 2016 1024 2059 velis
1055 2016 1254 2070 siccatos,
1285 2015 1472 2071 denique
1502 2017 1546 2059 in
1577 2029 1685 2059 urna
1715 2027 1849 2072 repo-

140 2099 261 2142 sitos.
331 2100 423 2143 Pro
452 2101 606 2156 quibus
636 2101 766 2144 rebus
794 2100 996 2144 Tibullus
1037 2101 1145 2144 satis
1189 2099 1319 2144 habet
1358 2101 1610 2156 ossilegium
1653 2112 1848 2143 comme-

62 2235 67 2239 ⁸
140 2195 415 2227 morare‚—
471 2185 525 2228 V.
556 2189 598 2227 7.
661 2184 934 2239 Assyrios
977 2185 1164 2229 cineri
1208 2198 1351 2240 quae
1401 2185 1576 2228 dedat
1623 2183 1846 2227 odores.

141 2268 357 2311 Dixeruut
387 2270 603 2324 Assyriam
633 2282 714 2325 pro
745 2270 875 2324 Syria
904 2269 1048 2312 Latini
1094 2269 1252 2325 passim
1296 2273 1346 2310 ut
1376 2268 1559 2311 HoRA'r.
1590 2267 1668 2321 lv,
1698 2270 1741 2319 6,
1773 2269 1848 2309 32.

142 2351 181 2393 E
213 2352 371 2407 Syriae
401 2358 544 2396 autem
578 2353 786 2409 portubu-
816 2352 1152 2406 advehebantur,
1182 2357 1230 2395 ut
1258 2355 1444 2404 constat,
1473 2362 1656 2402 merces,
1686 2349 1844 2390 odores

144 2440 190 2478 et
221 2441 441 2492 unguenta
470 2436 688 2491 Orientis,
727 2436 901 2491 Indica,
933 2437 1146 2490 Arabica,
1177 2437 1331 2490 Syria,
1369 2435 1424 2479 cf.
1455 2435 1756 2477 Bnoucxuus.
1789 2431 1845 2475 ad

144 2516 185 2561 h.
206 2519 235 2563 l.
268 2523 314 2562 et
343 2517 638 2563 Muscnssm’..
668 2517 724 2562 ad
755 2517 910 2564 Horat.
937 2519 995 2573 11,
1018 2524 1061 2574 7,
1085 2523 1129 2562 8.
1191 2520 1268 2562 Sic
1298 2531 1421 2561 merx
1451 2519 1564 2572 Syra
1597 2521 1664 2560 est
1689 2517 1845 2559 Horat.

141 2600 176 2654 Ι,
200 2603 275 2654 31,
302 2603 373 2646 12.
403 2599 717 2644 malobathrum
749 2602 924 2655 Syrium
955 2602 1011 2655 11,
1035 2607 1078 2655 7,
1108 2605 1150 2659 Q.
1182 2602 1340 2644 uardus
1374 2603 1552 2656 Assyria
1581 2600 1637 2655 ΙΙ,
1670 2604 1741 2654 11,
1776 2602 1845 2643 12,

140 2682 222 2726 Adi
266 2684 473 2740 imprimis
516 2683 754 2727 Humsmn
796 2684 849 2727 ad
882 2684 1011 2728 Ovid.
1043 2683 1227 2727 Heroid.
1258 2683 1357 2736 XV,
1387 2687 1461 2726 76.
1506 2688 1551 2727 et
1594 2683 1692 2726 vide
1735 2682 1845 2726 iufra

139 2766 295 2809 Lien.
340 2766 418 2820 ΙΙΙ,
448 2770 493 2818 2,
521 2769 580 2809 23
611 2778 706 2822 sqq.
743 2786 802 2800 —·
862 2766 1048 2810 dedat.
1111 2766 1339 2820 Significat
1379 2765 1649 2822 reduplicata
1691 2764 1843 2818 forma,

139 2854 191 2892 ut
230 2854 425 2904 constat,
466 2849 570 2894 dare
609 2850 724 2906 quod
765 2852 995 2909 accipienti
1035 2852 1255 2909 proprium
1300 2863 1475 2908 semper
1516 2850 1573 2894 sit
1614 2855 1658 2893 et
1689 2862 1847 2902 suum3

141 2935 288 2988 aptum
320 2932 474 2988 opinor
505 2931 681 2975 verbum
711 2933 755 2975 in
786 2933 872 2978 ritu
902 2934 1108 2990 religioso
1138 2935 1278 2989 qualis
1309 2933 1406 2988 hic,
1448 2934 1524 2976 ubi
1556 2933 1684 2976 datur
1727 2932 1844 2988 quod

142 3028 227 3060 uon
259 3015 495 3072 repetitur3
544 3015 587 3059 in
625 3014 789 3060 leviore
825 3029 1005 3062 munere
1035 3018 1173 3061 minus
1205 3018 1432 3074 probarem
1463 3015 1845 3072 significantiorem

141 3097 340 3144 formam.
401 3099 512 3142 Cum
539 3098 654 3141 enim
684 3098 870 3155 simplex
906 3099 1015 3143 dare
1045 3101 1225 3156 vulgare
1260 3102 1339 3154 sit,
1371 3101 1576 3143 intentior
1606 3099 1670 3143 vis
1701 3098 1849 3141 notio-

145 3181 212 3223 nis
243 3183 409 3225 nonnisi
439 3181 570 3224 certis
601 3182 708 3225 locis
739 3182 954 3226 convenit.
1027 3182 1233 3227 Ceterum
1267 3185 1473 3228 Vum‘ms
1504 3185 1548 3226 in
1579 3195 1731 3226 urnam
1763 3194 1844 3224 un-

143 3269 305 3319 guenta
345 3265 567 3310 recondita
611 3267 788 3321 statuit,
848 3271 1079 3323 antequam
1122 3281 1176 3312 ea
1217 3269 1260 3311 in
1300 3269 1502 3325 sepulcro
1544 3269 1846 3319 collocaretur,

144 3347 259 3401 quod
290 3349 449 3393 firmari
479 3353 626 3406 potest
657 3350 818 3393 Ovum
851 3351 948 3394 loco
978 3351 1113 3396 Trist.
1145 3352 1224 3407 111,
1249 3356 1292 3406 3,
1319 3356 1404 3396 65:
1440 3354 1554 3395 Ossa
1586 3359 1735 3393 tamen
1758 3348 1848 3406 fct-

146 3430 235 3472 cito
260 3444 411 3489 parva
443 3432 710 3492 referantur
739 3433 787 3478 in
819 3448 952 3485 uma,
981 3458 1039 3469 -—
1070 3443 1208 3496 atque
1240 3450 1293 3478 ea
1325 3451 1423 3479 cum
1447 3434 1582 3494 solii-s·
1613 3442 1656 3476 et
1688 3430 1849 3475 amomi
