2158 3750
341 276 447 327 254
740 268 1207 323 COMMENTAR.
1247 269 1319 319 IN
1361 269 1649 322 TIBULLI

342 418 511 463 distichi
553 416 840 474 explicatione
883 415 1126 459 dicendum.
1199 415 1371 459 Etenim
1418 414 1738 460 LAcmuAnuus
1780 417 1950 464 reduxit
1995 426 2041 464 et

343 504 496 559 probat
542 500 751 543 lectiones
793 498 999 540 librorum
1044 496 1162 538 clara
1203 511 1326 555 seges
1373 501 1418 539 et
1463 495 1565 555 qui,
1618 509 1685 554 pr.
1732 503 1856 541 terra
1897 507 2040 545 autem

342 592 466 626 certa
497 581 696 625 emendat
737 594 832 624 cum
874 582 1072 634 Pucc1o,
1117 585 1166 623 ut
1196 581 1368 623 omnino
1399 592 1485 623 non
1517 592 1663 624 sermo
1692 581 1750 624 sit
1778 580 1834 626 de
1865 582 2041 639 Cerere,

341 666 419 708 sed
459 665 514 707 de
556 668 776 716 amatore,
818 664 887 705 cui
931 663 1085 705 malam
1121 674 1305 704 messem
1336 662 1599 717 imprecetur
1628 667 1771 719 poeta.
1834 666 1892 709 At
1931 667 2042 710 enim

343 745 504 790 Bacchi
534 759 645 801 quae
675 745 869 801 sequitur
899 747 1078 799 mentio,
1109 745 1242 788 docet
1272 750 1373 788 ante
1406 744 1461 787 de
1492 745 1655 789 Cerere
1684 747 1872 802 dictum3
1908 749 2044 793 Cere-

342 845 434 875 rem
464 835 508 874 et
539 828 756 872 Bacchum
789 830 950 885 pariter
979 834 1156 872 accusat
1187 834 1231 872 et
1264 829 1435 885 punitos
1467 830 1573 884 vult,
1604 831 1776 874 minime
1796 845 1901 876 vero
1923 847 2044 877 ama-

342 922 480 958 torem
512 915 641 957 istum
673 920 719 955 et
748 910 967 955 Bacchum
997 913 1040 955 in
1083 911 1163 955 hac
1197 925 1244 955 re
1276 911 1508 968 componit.
1569 912 1661 956 Sed
1704 914 1883 957 obiicias
1911 916 2044 959 aliud.

344 999 512 1054 Nempe
552 1001 718 1040 amator
761 996 979 1039 Nemesim
1010 996 1190 1039 abduxit
1221 1001 1266 1039 et
1293 1001 1440 1039 tamen
1471 1008 1584 1038 nunc
1616 996 1750 1040 Ceres
1780 1010 1875 1040 eam
1906 997 2044 1041 abdu-

342 1095 443 1126 cere
488 1080 672 1133 dicitur3
714 1077 818 1134 quid
861 1076 944 1119 hoc
985 1077 1086 1120 est?
1148 1077 1393 1119 Commovit
1424 1077 1556 1120 credo
1585 1079 1671 1120 iam
1699 1079 1803 1122 olim
1833 1077 1939 1122 haec
1972 1093 2042 1123 res

342 1181 446 1219 eos,
475 1166 550 1220 qui
577 1163 646 1207 hic
677 1162 731 1205 de
763 1165 955 1204 amatore
986 1165 1152 1203 tantum
1184 1160 1271 1202 dici
1300 1161 1554 1214 voluerunt,
1585 1161 1663 1204 sed
1693 1162 1925 1206 difficultas
1955 1177 2041 1207 non

341 1248 510 1292 videtur
532 1258 700 1302 magna.
750 1243 866 1288 Vere
887 1256 961 1285 rus
983 1242 1060 1285 ivit
1083 1241 1308 1294 Nemesis3
1339 1242 1578 1285 allexerunt
1601 1256 1704 1287 vero
1731 1257 1825 1289 eam
1851 1247 2043 1289 virentes

341 1331 436 1386 agri
473 1331 630 1373 laetam
661 1341 845 1371 messem
877 1326 1180 1380 ostendentes,
1226 1330 1276 1368 ut
1317 1327 1599 1370 comitaretur
1626 1333 1859 1373 amatorem
1889 1330 1932 1373 in
1965 1331 2044 1374 vil-

341 1418 425 1458 lam
457 1427 593 1457 suam.
655 1412 850 1457 Vidimus
891 1413 1004 1455 enim
1047 1411 1268 1455 Nemesim
1310 1411 1506 1453 luxuriae
1548 1410 1764 1466 deditam3
1807 1425 1893 1455 non
1936 1425 2044 1456 con-

343 1503 463 1542 tenta
492 1497 649 1540 Samiis
687 1495 810 1537 testis
843 1498 887 1537 et
920 1493 1125 1536 Cumanis
1154 1493 1268 1536 vasis
1299 1492 1475 1536 divitem
1516 1491 1727 1537 hominem
1769 1499 1920 1537 secuta
1951 1499 2046 1537 erat

343 1581 399 1625 ad
429 1580 712 1623 amoenitates
741 1577 936 1620 lautioris
966 1577 1095 1619 vitae.
1157 1575 1258 1618 Huc
1285 1575 1421 1630 igitur
1450 1575 1687 1619 discessum
1717 1577 1888 1632 puellae
1918 1589 2044 1620 revo-

343 1668 415 1707 cat
454 1668 656 1717 tauquam
696 1660 752 1702 ad
792 1659 1037 1715 primariam
1071 1671 1272 1711 causam;
1323 1663 1490 1700 amator
1521 1671 1600 1713 per
1634 1671 1684 1701 se
1717 1671 1801 1701 uon
1843 1658 2046 1701 traxisset

344 1759 466 1800 eam,
513 1745 596 1788 nisi
638 1743 759 1787 dives
797 1741 951 1784 fuisset
993 1745 1038 1782 et
1080 1738 1305 1795 pulchrum
1347 1739 1570 1795 praedium
1613 1739 1844 1783 habuisset.
1916 1740 2045 1782 Hunc

344 1835 473 1884 poeta
515 1827 630 1871 ridet.
671 1831 716 1869 et
757 1824 993 1868 contemnit
1035 1823 1358 1879 maximopere,
1408 1835 1487 1864 nec
1525 1827 1690 1865 tantum
1726 1823 1766 1865 ei
1807 1822 1958 1865 tribuit
1997 1827 2045 1865 ut

341 1915 516 1953 accuset
546 1909 710 1952 directe
740 1912 955 1962 tamquam
987 1909 1209 1947 auctorem
1242 1903 1318 1946 rei.
1400 1905 1526 1950 Quae
1569 1918 1666 1948 cum
1706 1907 1766 1948 ita
1805 1907 1915 1959 sint,
1956 1918 2041 1948 non

343 1992 623 2037 dubitandum
654 2005 755 2035 vere
787 1989 1060 2032 emendatum
1093 2002 1191 2031 esse
1222 1989 1364 2030 locum
1397 1988 1451 2030 ab
1482 1988 1699 2032 Ham-sm.
1719 2012 1776 2020 —
1808 1989 1860 2034 V.
1894 1991 1951 2032 63
1978 2002 2044 2043 sq.

344 2086 435 2121 ten
451 2090 532 2131 er,
561 2075 751 2127 iuvenili,
777 2073 957 2129 puellari
979 2072 1129 2124 forma,
1155 2075 1204 2113 ut
1225 2075 1407 2114 constat.
1449 2072 1581 2118 Quod
1599 2073 1734 2118 dixit:
1760 2073 2043 2117 iucundae

343 2162 597 2204 consitor
627 2170 790 2210 uvae,
823 2169 902 2213 pro
933 2168 988 2198 eo
1015 2157 1150 2198 Ovn).
1177 2154 1286 2200 Met.
1305 2155 1382 2208 IV,
1407 2157 1480 2199 14.
1510 2157 1685 2200 scribit:
1713 2156 1906 2216 genialis
1938 2173 2042 2200 con-

342 2243 455 2284 sitor
487 2256 625 2288 uvae,
656 2245 834 2284 notante
868 2240 1260 2282 thmfflmcmo.
1321 2239 1449 2281 Mens
1480 2253 1584 2283 vero
1613 2241 1776 2284 Tibulli
1808 2241 1939 2286 haece
1983 2243 2044 2285 Et

342 2333 418 2370 tua
448 2338 622 2381 quoque
651 2336 842 2377 munera,
875 2321 1062 2376 Bacche,
1095 2323 1194 2365 licet
1226 2326 1349 2364 tener
1379 2324 1609 2378 suavisque
1641 2323 1751 2367 deus
1778 2326 1838 2368 sis
1868 2331 1914 2368 et
1943 2325 2042 2368 dul-

341 2412 406 2455 cis
437 2423 544 2454 uvae
574 2408 714 2461 dator,
745 2407 904 2451 devota
934 2412 1075 2449 sunto.
1138 2407 1282 2461 Atque
1313 2405 1397 2449 huc
1428 2408 1616 2462 pertinet
1647 2410 1776 2452 etiam
1807 2411 2040 2466 repetitum

341 2494 424 2536 Tu
465 2505 721 2548 quoque3
769 2491 864 2533 iure
908 2491 1020 2533 euim
1063 2491 1221 2533 iterata
1259 2490 1544 2534 affirmatione
1574 2493 1709 2536 utaris
1739 2494 1782 2536 in
1813 2493 2043 2538 devotione

341 2578 407 2621 rei
433 2582 520 2621 tam
550 2575 776 2628 iucundae,
808 2580 854 2618 et
883 2589 1012 2630 quam
1043 2577 1174 2630 vulgo
1206 2576 1455 2630 longissime
1486 2577 1688 2620 absumus
1717 2583 1766 2621 ut
1792 2584 2042 2623 contemna-

342 2675 450 2704 mus.
484 2684 540 2691 —
593 2659 862 2711 devotos,
910 2657 1012 2699 diris
1045 2671 1070 2700 a
1101 2671 1170 2700 me
1201 2658 1369 2700 defixos
1398 2663 1447 2700 ut
1484 2664 1812 2715 corrumpantur
1842 2661 1952 2704 vina.
1983 2685 2042 2692 —

341 2745 630 2797 relinque,
663 2740 836 2784 discede
869 2744 914 2782 et
945 2740 1066 2781 mitte
1098 2739 1243 2792 lacuS,
1275 2736 1453 2795 λήνους,
1485 2745 1610 2794 tuos3
1640 2741 1812 2795 frustra,
1842 2741 1916 2784 ubi
1947 2743 2040 2785 vin-

342 2828 481 2871 demia
511 2827 691 2879 venerit,
726 2825 885 2867 bonum
917 2823 1058 2865 vinum
1090 2837 1243 2878 parare
1273 2824 1495 2878 studebis3
1538 2824 1681 2868 devoti
1713 2830 1854 2880 sunto,
1888 2831 1938 2869 ut
1968 2840 2041 2870 se-

341 2919 487 2967 getem
520 2912 689 2956 devovi.
727 2933 785 2941 —-
847 2909 901 2952 V.
933 2912 990 2951 65
1023 2922 1087 2962 sq.
1148 2909 1314 2952 Haud
1357 2910 1584 2966 impune
1626 2911 1772 2954 licet
1802 2916 1884 2956 etc.
1957 2913 2041 2956 Vel

342 2996 472 3049 deos,
518 2995 603 3047 ait,
647 2992 850 3035 damnum
881 2991 968 3046 pati
1005 3003 1084 3045 par
1114 2996 1180 3033 est
1224 2995 1268 3033 et
1312 3005 1451 3047 poena
1491 2993 1630 3047 affici,
1673 2994 1710 3036 si
1742 2994 1951 3038 formosas
1982 3008 2040 3038 ex

342 3081 460 3122 urbis
491 3081 588 3122 luce
618 3077 794 3120 eliciunt
825 3081 870 3118 et
899 3077 942 3118 in
975 3089 1176 3131 agrorum
1207 3077 1439 3122 solitudine
1469 3079 1762 3134 abscondunt,
1794 3082 1868 3124 ubi
1899 3083 2040 3136 gloria

343 3175 492 3205 earum
523 3165 673 3216 pereat
699 3173 878 3203 necesse
904 3165 984 3204 est.
1046 3162 1272 3205 Abdere
1305 3168 1371 3205 est
1402 3164 1539 3206 enim:
1573 3177 1598 3207 e
1629 3165 1726 3207 luce
1758 3169 1802 3207 et
1834 3165 2039 3220 frequen-

343 3243 405 3285 tia
437 3241 653 3285 hominum
689 3255 911 3284 removere
955 3248 999 3285 et
1040 3244 1083 3285 in
1124 3244 1355 3287 solitudine
1396 3258 1446 3288 ac
1489 3246 1677 3289 tenebris
1709 3247 1947 3302 collocare,
1992 3254 2041 3292 ut

343 3325 460 3366 latet
498 3322 682 3365 abditus
712 3324 836 3382 agris
868 3324 921 3366 de
961 3325 1094 3367 nobili
1136 3327 1377 3381 gladiatore
1414 3327 1654 3370 HoRA'rms
1685 3328 1824 3384 Epist.
1855 3330 1890 3383 1,
1926 3333 1966 3383 l,
1995 3334 2038 3374 5.

345 3409 467 3453 dixit.
528 3407 704 3453 Notavit
736 3407 845 3452 hunc
877 3422 1000 3454 usum
1027 3411 1216 3456 Vossms
1248 3411 1301 3455 ad
1329 3411 1448 3467 Virg.
1480 3412 1643 3467 Georg.
1671 3411 1749 3464 ΙΙΙ,
1774 3414 1846 3465 96,
1875 3427 1916 3467 p.
1934 3415 2037 3455 551.
