2158 3750
324 231 404 288 70
811 224 1117 283 TIBULLI
1178 225 1318 282 LIB.
1352 226 1447 284 ΙΙΙ.
1478 237 1522 285 4.

390 380 566 461 Quod
611 380 658 438 si
703 401 832 438 vera
878 392 1091 438 canunt
1131 378 1306 438 sacris
1353 377 1581 438 oracula
1624 379 1876 463 templis7

476 490 630 547 Haec
672 485 754 545 illi
797 500 993 545 nostro
1037 485 1268 545 nomine
1314 486 1462 546 dicta
1505 486 1668 545 refer.

386 596 537 652 ‘Hoc
584 593 688 652 tibi
735 593 1065 673 coniugium
1103 594 1381 676 promittit
1422 593 1620 653 Delius
1664 593 1819 675 ipse:

324 714 383 755 80
482 700 640 759 Felix
682 700 822 774 hoc,
875 701 1047 762 alium
1094 702 1288 762 desine
1329 701 1467 762 velle
1513 701 1742 761 virum.⁷’

393 809 578 882 Dixit,
635 823 688 868 et
729 809 967 890 ignavus
1013 810 1246 871 defluxit
1290 835 1526 893 corpore
1575 833 1824 870 somnus.

468 916 561 975 Ah
609 939 713 998 ego
757 940 829 978 ne
873 918 1087 1000 possim
1134 934 1285 982 tanta
1330 919 1521 979 videre
1559 917 1723 978 mala.

332 1055 335 1058 ·
388 1024 506 1084 Nec
546 1024 651 1084 tibi
697 1025 1036 1086 crediderim
1076 1027 1219 1087 votis
1265 1028 1548 1087 contraria
1592 1042 1720 1087 vota

472 1132 590 1191 Nec
627 1146 847 1191 tantum
886 1133 1098 1192 crimen
1137 1149 1364 1216 pectore
1405 1135 1589 1194 inesse
1628 1149 1754 1194 tuo:

325 1247 383 1294 85
398 1238 544 1297 Nam
588 1251 642 1297 te
684 1261 789 1298 nec
831 1240 974 1299 vasti
1016 1255 1335 1320 genuerunt
1375 1264 1625 1323 aequora
1666 1241 1829 1323 ponti

472 1347 591 1407 Nec
636 1345 923 1406 flammam
965 1347 1193 1409 volvens
1239 1372 1336 1408 ore
1383 1349 1682 1409 Chimaera
1724 1349 1847 1408 fero

392 1455 510 1514 Nec
551 1455 706 1514 canis
754 1455 1037 1537 anguinea
1076 1457 1372 1517 redimitus
1414 1471 1571 1538 terga
1617 1471 1866 1529 caterva,

482 1562 587 1622 Cui
629 1577 740 1623 tres
783 1579 916 1624 sunt
958 1563 1186 1645 linguae
1228 1565 1717 1647 tergeminumque
1762 1577 1960 1646 caput,

394 1668 696 1754 Scyllaque
738 1671 1053 1752 virgineam
1098 1673 1336 1732 canibus
1380 1673 1668 1733 succincta
1711 1671 1987 1752 figuram,

328 1788 388 1833 90
483 1778 601 1839 Nec
649 1793 702 1838 te
751 1795 1084 1862 conceptam
1133 1803 1297 1840 saeva
1346 1779 1543 1840 leaena
1591 1779 1748 1853 tulit,

378 1886 639 1947 Barbara
684 1911 789 1948 nee
829 1888 1096 1974 Scythiae
1140 1888 1304 1948 tellus
1346 1888 1702 1948 horrendave
1742 1886 1960 1973 SyrtiS‚

483 1995 599 2054 Sed
638 1994 787 2055 culta
830 2011 881 2056 et
921 1996 1080 2056 duris
1126 2020 1244 2056 non
1289 1996 1604 2056 habitanda
1643 1996 1848 2056 domus

398 2101 469 2160 Et
512 2101 682 2182 longe
724 2118 852 2163 ante
897 2103 1034 2164 alias
1079 2127 1274 2164 omnes
1315 2104 1614 2164 mitissima
1656 2118 1838 2163 mater

477 2210 646 2292 Isque
689 2225 851 2292 pater
894 2235 1007 2294 quo
1052 2236 1171 2271 non
1218 2211 1357 2271 alter
1401 2211 1714 2271 amabilior.

331 2317 560 2377 95Haec
605 2316 745 2377 deus
787 2319 847 2378 in
887 2318 1088 2379 melius
1133 2318 1386 2379 crudelia
1428 2319 1650 2379 somnia
1693 2331 1873 2379 vertat

483 2426 556 2486 Et
598 2426 792 2487 iubeat
831 2427 1055 2510 tepidos
1097 2427 1257 2488 irrita
1300 2426 1450 2488 serre
1493 2428 1689 2489 Notos.

452 2666 506 2709 V.
528 2669 602 2711 81.
645 2681 885 2724 corpore
925 2675 1043 2713 reete
1074 2671 1184 2713 libri.
1246 2672 1484 2712 ScAmGER
1515 2682 1611 2712 cum
1644 2669 1774 2712 Anno
1803 2675 1995 2725 pectore.

454 2771 505 2811 V.
528 2774 600 2814 84.
639 2773 809 2827 pectori
847 2775 1007 2829 primus
1042 2776 1279 2816 SCALIGER
1318 2777 1497 2831 recepit.
1523 2798 1578 2806 —-
1651 2776 1702 2819 V.
1724 2779 1797 2818 89.
1831 2773 2040 2830 Scyllove

334 2848 553 2893 HssYmth
596 2858 641 2895 et
679 2855 871 2898 Vossms
915 2857 1009 2900 soli.
1036 2880 1093 2887 —-
1151 2858 1458 2899 succincta
1500 2856 1659 2900 Come.
1701 2870 1805 2901 vss'r.
1894 2857 2040 2910 Vulgo

333 2943 490 2986 magna
531 2935 739 2979 varietas:
783 2935 1036 2991 Submixta,
1076 2937 1321 2992 submissa,
1359 2939 1592 2981 summista
1635 2946 1718 2981 cet.
1759 2944 1802 2981 et
1833 2937 2040 2990 comino,

334 3012 567 3069 redimita,
612 3016 841 3062 comitata.
