2158 3750
618 310 804 384 ΗΒΕ.
839 333 932 383 111.
1003 329 1208 382 ELEG.
1242 331 1285 383 Ι.
1353 330 1421 382 11.
1772 337 1875 383 323

173 479 257 519 vir
298 476 596 532 quondam,
640 489 787 520 nunc
817 474 1028 531 frater,
1073 473 1116 519 h.
1148 488 1190 520 e.
1231 478 1336 518 ante
1365 486 1552 532 sponsus
1581 478 1710 529 tuus,
1756 488 1871 520 nunc

169 567 317 604 autem
358 563 581 605 voluntate
625 573 713 604 non
755 561 895 603 minus
933 561 1015 603 tibi
1056 561 1313 605 coniunctus
1355 571 1487 614 quam
1528 557 1663 601 frater
1706 558 1877 612 sorori3

171 646 287 700 quod
319 651 387 688 est
413 646 657 702 proximum
690 644 896 699 coniugio
926 645 1143 687 vinculum
1176 643 1336 686 amoris
1368 646 1412 686 et
1442 641 1660 685 amicitiae
1689 645 1734 684 et
1761 653 1874 684 con-

171 727 425 770 suetudinIs.
494 727 562 770 De
603 726 925 770 constructione
967 725 1377 768 Wmmssnmcmus
1419 724 1589 768 confert
1630 725 1872 767 Priorum*-

171 810 230 863 11,
260 813 334 863 28,
363 814 435 854 61.
499 808 608 851 Esse
647 821 752 851 vero
796 807 1080 862 quondam
1124 805 1193 848 hic
1238 806 1295 849 de
1342 806 1488 849 futuro
1523 811 1723 863 tempore
1755 806 1874 851 acci-

173 891 378 947 piendum
410 891 643 934 voluerunt
668 889 872 942 ersms,
901 888 1119 939 Sum-ms,
1152 886 1389 941 HmNttJS,
1420 889 1622 943 Vossms,
1653 890 1876 944 BAcums,

172 975 500 1018 mons-umus.
570 973 672 1029 Ipse
716 985 822 1015 vero
862 971 1108 1015 Huscmuo
1149 972 1387 1024 assentior,
1433 972 1509 1014 ubi
1554 972 1778 1031 quondam
1821 995 1880 1006 --

173 1071 295 1099 nunc
322 1056 579 1112 simpliciter
608 1058 849 1111 ponantur,
898 1051 1003 1095 inud
1035 1050 1091 1093 ad
1123 1053 1411 1108 praeteritum
1443 1055 1665 1108 pertinere
1695 1059 1879 1099 conten-

175 1138 307 1180 denti.
387 1139 475 1181 vir
516 1138 580 1181 sic
629 1137 774 1181 dictus
816 1141 868 1179 ut
913 1139 957 1190 2,
1005 1138 1077 1179 14.
1156 1135 1254 1179 Nec
1300 1149 1343 1181 v.
1389 1136 1572 1180 frater
1617 1139 1703 1181 alio
1749 1151 1878 1194 quam

178 1222 359 1266 honesto
389 1236 520 1265 sensu
549 1222 731 1278 accipe3
780 1233 933 1264 verum
970 1220 1080 1263 vidit
1109 1219 1196 1263 iam
1235 1221 1532 1264 Vmcssn-Tms
1562 1221 1880 1267 Conmnssnus

177 1306 282 1348 Var.
326 1306 468 1348 Lecti.
515 1319 554 1349 c.
583 1308 661 1348 23.
732 1303 832 1347 Etsi
875 1305 990 1347 enim
1037 1309 1210 1347 constat
1251 1303 1307 1348 de
1351 1305 1471 1361 turpi
1514 1318 1598 1348 usu
1640 1307 1785 1360 vocis,
1832 1310 1884 1350 ut

178 1387 417 1429 Murrum.
448 1387 507 1440 ΙΙ,
537 1389 580 1430 4.
621 1386 681 1440 X,
709 1389 813 1439 65„
858 1390 1003 1429 tomen
1036 1385 1079 1428 in
1110 1386 1188 1428 tali
1228 1386 1326 1429 loco
1368 1391 1414 1430 ct
1454 1391 1544 1432 tam
1585 1394 1704 1431 casta
1735 1389 1883 1445 puella

179 1468 234 1512 de
276 1469 518 1512 concubium
562 1469 749 1525 cogitari
795 1469 959 1524 nequit.
999 1491 1060 1500 —
1114 1482 1348 1512 munera
1393 1483 1584 1527 parva.
1646 1472 1796 1516 Verba
1836 1472 1882 1516 in

177 1555 317 1597 altero
357 1554 550 1597 membro
591 1554 761 1610 posita,
806 1558 855 1595 ut
885 1565 1018 1609 saepe
1047 1554 1125 1607 fit,
1169 1552 1226 1596 cf.
1256 1553 1294 1607 Ι,
1326 1557 1370 1607 9,
1399 1557 1446 1596 8.
1479 1577 1538 1586 -
1585 1555 1726 1597 Sive
1766 1543 1883 1597 sib'i

180 1639 429 1682 coniunx
460 1642 546 1681 etc.
575 1638 700 1681 vides
730 1637 954 1680 vocativos
983 1649 1108 1688 esse,
1138 1641 1188 1679 ut
1219 1635 1464 1680 Neaera.
1496 1658 1556 1667 —-
1587 1637 1733 1680 Porro
1765 1637 1888 1693 pal-

184 1722 296 1763 lida
329 1721 483 1764 Ditis
514 1734 663 1776 aqua
695 1725 764 1763 est
795 1721 923 1774 Styx,
955 1724 1003 1762 ut
1033 1723 1134 1762 sunt
1157 1718 1318 1775 pallida
1349 1720 1493 1762 omnia
1522 1719 1706 1762 inferna.
1766 1719 1886 1763 Infra

180 1807 261 1860 111,
282 1810 327 1860 5,
348 1809 436 1849 21:
460 1805 641 1862 parcite
661 1804 891 1862 pallentes
922 1803 1070 1846 undas
1099 1802 1350 1861 quicunque
1381 1802 1558 1849 tenetis.
1618 1804 1687 1847 Ita
1716 1802 1888 1847 ANYTE

176 1887 349 1948 χλωρὰν
383 1887 510 1944 χεῦμ’
547 1886 800 1948 Ἀχέροντος
841 1889 946 1932 diest
986 1889 1029 1930 in
1072 1887 1244 1930 Anthou.
1277 1890 1356 1931 Gr.
1388 1889 1489 1932 Vol.
1520 1888 1558 1931 I·
1589 1903 1634 1944 p.
1670 1891 1773 1931 134.
1813 1889 1887 1932 la-

180 1973 326 2026 cobs.,
370 1972 638 2029 Epigramm.
665 1971 817 2026 xlx„
848 1975 1126 2026 comparante
1158 1971 1328 2013 DotJSA.
1360 1993 1419 2001 —
1464 1971 1668 2026 Denique
1714 1970 1886 2015 huius

181 2057 434 2099 nominis
473 2068 630 2112 spem
673 2055 766 2099 scil.
797 2054 1064 2111 adipiscendi
1094 2054 1163 2096 vel
1193 2054 1231 2095 si
1262 2054 1424 2107 mavis,
1466 2053 1762 2108 recuperandi
1801 2046 1887 2097 non

180 2139 263 2181 nisi
295 2150 392 2181 cnm
423 2138 512 2182 vita
543 2137 751 2196 deponet.
831 2135 964 2182 Vides
1007 2133 1074 2177 his
1117 2134 1263 2179 verbis
1303 2134 1431 2179 simul
1472 2133 1647 2179 exitum
1688 2136 1889 2181 carminis

182 2223 407 2267 contineri.

648 2771 1222 2834 ELEGIA
1345 2773 1426 2837 II.

791 3144 1314 3210 INTRODUCTIO.

195 3344 346 3418 cum
377 3372 543 3412 certum
576 3370 694 3410 esset
725 3367 847 3410 rivali
880 3371 1110 3424 nupturam
1141 3365 1372 3419 Neaeram,
1404 3369 1535 3423 poeta
1557 3378 1642 3409 non
1670 3366 1817 3408 firmus
1845 3362 1899 3406 ad

198 3452 279 3495 hoc
309 3451 558 3504 ferendum,
586 3451 718 3494 vitam
753 3449 791 3490 vi
822 3449 947 3494 finire
978 3449 1215 3505 cogitabat.
1278 3449 1403 3500 Quos
1434 3457 1586 3491 sensus
1621 3446 1899 3487 introitus

1324 3539 1385 3583 21
1409 3531 1428 3554 ⁴¹
