2086 3756
243 259 376 293 cmm
932 243 1026 292 DE
1065 241 1262 296 POESI

353 384 638 455 Postquam
683 384 746 436 de
783 385 1058 436 schematis
1095 382 1408 452 quibusdam
1454 383 1723 452 patheticis
1766 384 1947 452 impri-

244 478 449 548 misque
487 479 551 531 de
587 479 913 547 repetitionis
949 478 1126 544 figuris
1163 479 1506 546 explicuimus
1537 481 1592 528 in
1620 481 1799 544 vigore
1830 496 1949 529 ora-

244 570 403 624 tionis
447 573 686 638 augendo
730 574 863 624 tanti
901 574 1178 638 momenti,
1226 591 1367 625 nunc
1404 575 1559 624 etiam
1596 573 1659 623 de
1686 576 1950 623 variatione

246 667 498 719 orationis
534 667 894 735 quaerendum
933 667 1098 734 dicas,
1152 686 1286 736 quae
1324 678 1375 718 et
1408 668 1523 735 ipsa
1559 670 1624 719 ab
1664 668 1765 718 alia
1801 676 1948 733 parte

243 761 386 810 hunc
421 761 656 828 vigorem
692 773 966 825 sustentat,
1009 736 1261 814 nec⁶sinit
1294 765 1628 828 languescere
1662 763 1950 814 verborum

245 872 474 909 cursum.
545 858 749 927 Nempe
786 860 1005 914 variatio
1044 860 1199 909 etiam
1235 869 1479 910 ornatum
1518 875 1763 923 magnum
1797 857 1952 907 affert

243 952 471 1004 orationi
484 990 520 1018 ,.
548 963 607 1004 ut
644 964 872 1019 constat,
912 953 1005 1005 ubi
1045 953 1326 1005 studiosius
1365 963 1645 1018 tractatur,
1667 970 1745 1002 ac
1780 961 1953 1019 potest
2075 926 2086 1050 i

241 1046 418 1097 multis
466 1046 636 1099 modis
682 1049 876 1101 variari
925 1049 1123 1114 orati03
1177 1047 1318 1116 apud
1352 1049 1624 1100 Tibullum
1660 1063 1789 1099 vero
1829 1046 1952 1097 sim-

240 1141 431 1207 plicior
475 1154 576 1207 est,
628 1155 680 1194 et
717 1145 812 1195 ubi
856 1143 1162 1207 adhibetur,
1216 1147 1389 1194 minus
1432 1154 1649 1195 ornatus
1690 1151 1953 1208 spectatur

246 1254 404 1303 quam
450 1238 528 1288 vis
577 1248 628 1287 et
676 1238 911 1289 alacritas
961 1238 1230 1289 orationis·
1313 1238 1488 1306 Atque
1524 1247 1582 1287 ut
1619 1237 1850 1304 primum
1886 1235 1952 1286 de

243 1330 458 1395 singulis
504 1330 733 1382 distichis
778 1330 974 1397 dicam,
1029 1349 1147 1382 cum
1187 1331 1246 1381 in
1280 1331 1363 1383 his
1402 1349 1591 1398 magna
1631 1332 1953 1383 concinnitas

243 1426 604 1475 membrorum
645 1436 826 1491 regnet
863 1424 1005 1493 apud
1043 1426 1342 1490 Tibullum,
1393 1418 1516 1476 raro
1555 1426 1791 1478 variatur
1833 1441 1954 1476 ora-

244 1520 348 1584 tio,
397 1521 491 1570 ubi
529 1531 701 1572 autem
736 1522 820 1586 fit,
868 1521 1039 1573 levior
1075 1532 1150 1572 est
1186 1522 1433 1583 mutatio,
1483 1523 1598 1572 talis
1633 1530 1810 1571 tamen
1849 1537 1955 1588 qua

245 1614 326 1664 vis
364 1624 455 1664 aut
489 1614 793 1680 magnitudo
829 1616 968 1666 iusta
1002 1617 1188 1667 ultimo
1223 1617 1459 1667 membro
1494 1617 1745 1667 afferatur
1780 1626 1830 1666 et
1860 1615 1952 1666 vix

244 1711 407 1759 semel
440 1707 809 1760 detrimentum
839 1709 1033 1777 ceperit
1063 1711 1401 1762 concinnitas,
1450 1709 1587 1761 Vide
1621 1710 1766 1762 locos
1793 1709 1954 1778 ipsos.

244 1803 298 1869 I,
332 1808 396 1866 2,
435 1807 536 1853 32:
858 1805 860 1809 ’

384 1894 511 1948 Non
549 1894 679 1945 mihi
717 1894 866 1962 pigra
902 1907 1094 1947 nocent
1134 1898 1386 1948 hibernae
1422 1897 1619 1963 frigora
1659 1897 1853 1962 nocti8‚

461 1989 587 2041 Non
622 1989 780 2054 mihi,
833 1992 951 2041 cu'm
987 1992 1152 2042 multa
1191 1989 1381 2043 decidit
1415 1992 1586 2043 imber
1621 2011 1789 2061 aqua.-

244 2087 298 2151 Ι,
337 2092 398 2150 9,
440 2085 540 2136 14:
1532 2078 1535 2081 ’

385 2181 495 2230 Iam
537 2178 665 2228 mihi
705 2179 970 2246 persolvet
1010 2194 1234 2245 poenaS,
1281 2177 1561 2247 pulvisque
1602 2177 1844 2231 decorem

459 2273 713 2322 Detrahet
754 2283 806 2322 et
843 2273 1012 2324 ventis
1050 2271 1267 2323 horrida
1306 2273 1439 2323 facta
1477 2289 1644 2323 coma.

528 2363 638 2435 (pr.
669 2376 719 2417 et
754 2366 902 2419 venti
935 2364 1207 2417 horridam
1244 2382 1376 2418 com.
1402 2363 1693 2434 facientes)

243 2461 298 2524 Ι,
337 2466 400 2526 3,
441 2465 538 2512 17:

385 2555 496 2604 Aut
534 2570 628 2619 ego
666 2571 783 2605 sum
820 2563 1058 2604 causatus
1101 2570 1222 2604 aves
1259 2563 1351 2603 aut
1387 2553 1564 2604 omina
1601 2553 1740 2620 dira,

457 2646 675 2697 Saturni
710 2657 800 2697 aut
836 2665 1035 2697 sacram
1072 2665 1154 2698 me
1190 2648 1420 2698 tenuisse
1458 2646 1612 2699 diem.

244 2742 323 2807 II,
360 2745 425 2806 5,
464 2747 564 2795 71:

385 2835 499 2886 Hae
536 2836 653 2887 fore
691 2833 939 2886 dixerunt
973 2833 1100 2885 belli
1134 2835 1270 2885 mala
1305 2834 1452 2900 signa
1489 2844 1754 2900 cometen,

455 2929 659 2980 Multus
695 2939 756 2979 ut
794 2928 852 2978 in
890 2939 1055 2979 terras
1093 2927 1472 2997 deplueretque
1509 2930 1659 2996 lapis·

490 3019 658 3092 (Alias
694 3023 1006 3074 mutationes
1040 3021 1322 3074 modorum
1357 3038 1467 3073 non
1504 3020 1731 3090 habet.)

244 3117 297 3180 Ι,
334 3115 397 3181 4,
437 3119 538 3168 11:

383 3209 484 3260 Hic
518 3209 701 3275 placet,
737 3208 968 3273 angustis
996 3207 1139 3276 quod
1167 3226 1363 3276 equum
1400 3207 1678 3275 compescit
1708 3208 1953 3261 habenis:

459 3305 558 3355 Hic
595 3301 852 3371 placidam
891 3302 1044 3356 niveo
1083 3314 1294 3370 pectore
1332 3305 1478 3370 pellit
1516 3321 1737 3372 aquam:
