2158 3750
376 266 479 313 284
774 258 1245 312 COMMENTAR.
1283 255 1359 310 IN
1398 258 1686 312 TIBULLI

373 407 665 450 Lavinium
706 418 754 448 se
797 405 1033 460 offerebat,
1080 405 1231 448 stadiis
1275 405 1439 451 XXIV.
1487 420 1521 449 s.
1563 405 1642 448 111.
1689 405 1753 447 M.
1803 419 2001 463 passuum
2051 421 2076 448 a

372 490 478 530 mari
528 487 748 530 conditum
803 487 857 529 ab
905 490 1077 540 Aenea,
1129 498 1214 528 non
1262 488 1392 542 longe
1433 501 1459 529 a
1499 487 1620 530 fonte
1661 486 1950 543 Numicio,
2003 492 2077 543 qui

370 570 481 611 inter
512 569 778 612 Laurentum
811 574 855 612 et
883 569 1109 612 Lavinium
1141 570 1371 614 defluebat.
1441 572 1671 614 Postremo
1704 571 1843 614 Alba
1880 571 2075 626 Longa

368 652 542 694 condita
584 652 715 694 XXX
734 639 1017 708 “annis'post
1057 653 1112 695 ab
1157 655 1342 696 Ascanio
1384 653 1427 695 in
1472 655 1584 696 clivo
1625 655 1783 696 montis
1815 653 1992 706 Albani,
2033 660 2079 696 et

367 735 565 778 traducta
595 735 678 778 huc
709 750 734 778 a
764 737 945 779 Lavinio
976 737 1103 780 sedes
1135 739 1271 793 regni.
1336 739 1480 792 Atque
1514 736 1620 779 haec
1651 735 1870 778 hactenus.
1899 757 1956 766 --
1986 747 2076 776 vo-

366 822 484 870 cat,
528 818 703 870 invitat,
748 817 977 874 hospita
1019 824 1180 861 terra
1221 819 1427 872 Lares3
1468 832 1565 861 nam
1609 817 1794 874 hospitio
1825 822 1870 860 et
1898 816 2076 860 foedere
2150 832 2153 833 ⁷

365 900 538 953 excepti
586 913 612 941 a
654 899 812 941 Latino
861 905 906 942 et
948 901 1239 942 Laurentibus
1283 900 1415 956 (L1v.
1449 902 1484 954 Ι,
1517 915 1555 944 c.
1597 904 1636 945 1.
1687 901 1878 943 DroNYs.
1910 899 1944 952 I,
1976 900 2074 954 59.)

362 979 540 1022 Troiani
583 993 684 1022 mox
727 981 960 1024 condidere
1003 982 1255 1036 Lavinium,
1305 983 1380 1025 ubi
1422 983 1553 1039 positi
1594 983 1729 1025 Lares
1761 983 1891 1027 etiam
1923 987 2074 1038 postea

362 1060 438 1102 diu
473 1062 629 1103 servati
661 1062 856 1105 feruutur
886 1068 1065 1105 auctore
1097 1063 1283 1105 Tmmo
1317 1077 1386 1119 ap.
1421 1065 1674 1118 Dionysium
1702 1066 1739 1119 1,
1771 1069 1869 1118 67„
1901 1066 1973 1120 qui
2005 1068 2073 1106 ta-

361 1157 461 1186 men
494 1158 573 1187 suo
604 1150 799 1201 tempore
828 1146 922 1202 ipse
956 1147 1124 1188 Romae
1157 1160 1233 1188 eos
1266 1147 1386 1189 vidit.
1449 1148 1563 1190 Vide
1604 1149 1736 1190 etiam
1771 1149 1983 1190 vinnon.
2016 1146 2071 1189 de
2145 1136 2158 1183 Ϊ

361 1229 467 1283 ling.
498 1230 596 1273 Lat.
635 1231 687 1283 V,
719 1233 794 1275 32.
837 1245 876 1286 p.
911 1233 1010 1273 146.
1043 1231 1236 1286 Speng.:
1282 1228 1504 1286 Oppidum
1548 1230 1668 1288 quod
1694 1230 1890 1287 primum
1921 1227 2074 1270 condi·
2135 1238 2158 1260 ’-

360 1318 459 1352 tum
489 1310 536 1353 in
564 1312 704 1354 Latio
732 1313 890 1369 stirpis
916 1315 1145 1355 Romanae
1171 1314 1416 1356 Lavinium
1428 1330 1445 1362 ,·
1477 1327 1583 1356 nam
1612 1313 1674 1354 ibi
1699 1320 1889 1370 penates
1915 1314 2073 1356 nostri.
2146 1295 2158 1339 ἕ

357 1394 529 1436 Aeneas
570 1398 715 1438 autem
757 1400 930 1439 mortuo
976 1396 1134 1439 Latino
1179 1396 1443 1451 aliquamdiu
1488 1397 1606 1440 solus
1653 1409 1730 1452 per
1771 1399 1906 1438 totam
1948 1395 2073 1439 istam

356 1479 580 1533 regionem
617 1482 825 1536 regnavit.
888 1482 1060 1524 Bellum
1106 1481 1314 1525 adversus
1353 1482 1557 1524 Latinum
1600 1487 1798 1537 gestum,
1843 1480 1959 1536 quod
2000 1479 2072 1523 alii
2146 1511 2151 1516 .

358 1566 532 1603 narrant
561 1562 615 1606 cf.
651 1562 910 1606 Nummum
943 1564 1055 1607 Hist.
1087 1563 1218 1607 Rom.
1246 1564 1285 1623 I,
1327 1579 1368 1620 p.
1399 1566 1506 1609 214.
1538 1564 1607 1608 ed.
1639 1565 1744 1618 ult.,
1787 1577 1872 1607 non
1903 1564 2074 1613 videtur

358 1645 594 1689 credidisse
623 1646 840 1689 Tibullus.
872 1670 930 1679 —
973 1647 1028 1690 V.
1061 1649 1120 1691 43
1154 1660 1249 1707 sqq.
1280 1653 1517 1691 sanctus
1554 1647 1596 1692 h.
1627 1661 1666 1692 e.
1699 1647 1848 1701 divus,
1880 1652 1928 1690 ut
1959 1647 2070 1701 legi-

357 1730 464 1771 timo
490 1742 571 1771 usu
599 1730 859 1772 sanctisunt
887 1730 963 1783 dii,
993 1729 1093 1773 vide
1118 1730 1229 1784 quos
1255 1731 1377 1773 iocos
1401 1731 1663 1787 scriptorum
1695 1735 1740 1774 et
1769 1729 2071 1786 inscriptiones
2147 1729 2153 1733 “

356 1814 505 1857 laudat
542 1815 892 1859 Foncsstmmns
935 1828 969 1857 s.
1003 1828 1043 1859 v.
1105 1817 1168 1857 Ac
1199 1813 1420 1858 heroicum
1453 1816 1646 1869 cultum,
1689 1815 1862 1871 qualem
1895 1815 2068 1868 Graeci,

355 1899 622 1942 domesticae
662 1900 896 1954 religiones
941 1898 1151 1942 Italorum
1187 1912 1273 1942 non
1306 1904 1546 1954 noverunt,
1593 1912 1727 1956 quare
1757 1897 1872 1955 apud
1905 1897 2069 1952 hos,ex

356 1980 599 2025 hominibus
639 1983 696 2025 dii
728 1985 860 2036 fiunt,
907 1995 1128 2037 nunquam
1160 1982 1340 2037 heroeS,
1389 1989 1438 2026 ut
1470 1985 1602 2028 etiam
1632 1984 1948 2039 ImperatoreS,
1995 1981 2068 2035 qui

356 2066 731 2119 consecrabantur,
762 2079 846 2108 non
874 2063 1028 2108 heroes
1057 2066 1134 2108 sed
1161 2066 1221 2108 dii
1250 2067 1352 2110 facti
1374 2072 1487 2110 sunt.
1549 2067 1703 2111 Monui
1730 2066 1783 2109 ad
1810 2066 2067 2110 Pmnmrm

355 2162 456 2205 pag.
489 2153 592 2192 653.
616 2173 675 2182 —-
715 2149 1068 2204 veneranda,
1109 2164 1249 2193 sacra.
1315 2149 1552 2194 Numici.
1612 2150 1797 2193 Flumen
1830 2147 2067 2191 Numicius

356 2233 515 2276 dicitur
558 2235 713 2288 vulgo,
757 2234 872 2288 quod
906 2235 1037 2278 etiam
1070 2234 1139 2278 hic
1170 2239 1366 2288 teneam3
1410 2236 1569 2277 Srmus
1611 2233 1766 2276 deiude
1805 2233 1935 2276 etiam
1973 2231 2066 2274 for-

353 2332 467 2362 mam
501 2318 718 2360 Numicus
758 2317 909 2372 habet,
957 2324 1002 2362 et
1045 2318 1229 2375 prosaici
1269 2319 1535 2361 recentiores
1565 2317 1740 2374 quidam
1770 2321 1820 2360 ut
1849 2318 2064 2372 Sssnvrus,

354 2403 533 2455 VIBIUS,
565 2404 782 2457 Somnum,
814 2403 869 2446 cf.
901 2403 1145 2458 interprett.
1179 2402 1234 2444 ad
1266 2402 1364 2445 Lrv.
1397 2403 1432 2456 Ι,
1463 2405 1505 2445 2.
1548 2401 1767 2444 Drakenb.
1829 2400 2064 2445 Videamus

353 2486 514 2528 cetera.
576 2485 688 2527 Rem
731 2484 799 2527 hic
839 2485 1126 2539 significatam
1169 2483 1363 2526 referunt
1405 2483 1508 2526 Lrv.
1540 2483 1576 2537 Ι,
1607 2487 1651 2528 2.
1697 2484 1890 2528 Dmnrs,
1922 2483 1958 2538 1,
1990 2486 2063 2527 64.
2144 2488 2158 2541 j

354 2568 492 2612 Ovm.
525 2568 635 2611 Met.
667 2568 789 2622 XIV,
813 2572 916 2613 600.
977 2569 1134 2624 Pugna
1165 2569 1220 2611 ad
1252 2568 1498 2612 Numicium
1529 2569 1644 2611 tacta
1675 2573 1828 2612 contra
1854 2567 2064 2612 Etruscos
2139 2548 2158 2565 ’Ἄ

352 2654 398 2691 et
432 2650 646 2704 Rutulos,
688 2664 772 2705 qua
802 2651 1057 2693 interemtus
1089 2650 1290 2702 Turnus,
1336 2653 1506 2693 Aeneas
1536 2664 1585 2694 se
1616 2651 1802 2693 coniecit
1831 2651 1873 2694 in
1903 2651 2062 2695 flumen
2136 2711 2137 2714 Ἰ

350 2745 433 2776 nec
474 2735 591 2776 visus
634 2741 700 2777 est
741 2740 922 2790 postea,
972 2735 1049 2778 sed
1092 2735 1286 2777 faecibus
1329 2734 1584 2776 mortaiibus
1617 2740 1828 2790 purgatus
1869 2734 1923 2776 ad
1955 2733 2063 2777 deos

350 2818 601 2872 adscendit,
649 2818 763 2861 unde
803 2817 871 2862 hic
902 2819 1017 2862 unda
1062 2819 1242 2862 abluens
1273 2831 1371 2861 eum
1401 2817 1457 2860 ad
1489 2818 1657 2860 caelum
1690 2819 1858 2860 misisse
1889 2816 2058 2861 dicitur.
2133 2830 2136 2835 ·

347 2899 532 2942 Factum
563 2899 615 2942 ad
650 2901 808 2943 flumen
840 2902 1046 2944 sacellum
1078 2914 1176 2943 cum
1210 2901 1322 2953 luco,
1357 2900 1526 2942 Aeneas
1557 2906 1703 2943 autem
1726 2900 1843 2944 Iovis
1869 2906 1944 2944 aut
1970 2901 2058 2945 Pa·-
2139 2893 2141 2897 ¹

348 2983 426 3024 tris
452 2983 663 3038 Indigetis
694 2984 864 3026 nomine
895 2984 1038 3026 cultus
1069 2986 1137 3030 est
1167 2982 1222 3024 cf.
1246 2982 1349 3026 L1v.
1382 2982 1418 3036 I,
1451 2986 1496 3026 2.
1529 2983 1670 3026 Vme.
1697 2985 1800 3026 Aen.
1825 2982 1928 3037 XII,
1951 2986 2055 3027 794.
2130 2985 2158 3039 *¹32

349 3066 485 3108 Ovm.
517 3067 627 3110 Met.
658 3067 778 3119 XIV,
805 3070 920 3120 6083
958 3071 1090 3121 atque
1131 3068 1262 3109 etiam
1307 3067 1507 3109 consules
1538 3067 1723 3108 Romani
1764 3071 1916 3122 postea
1946 3050 2056 3120 quo-
2132 3066 2147 3077 “

348 3150 489 3190 tannis
520 3163 615 3192 cum
649 3149 924 3204 pontificibus
953 3163 1075 3192 sacra
1108 3149 1304 3192 fecerunt
1343 3148 1397 3190 ad
1441 3150 1605 3204 ripam,
1653 3148 1707 3191 cf.
1747 3147 2054 3191 Nrfflmmutm

347 3230 389 3271 in
434 3229 598 3273 Histor.
640 3233 768 3275 Rom.
808 3232 935 3276 Tom.
967 3233 1003 3276 Ι.
1049 3249 1090 3289 p.
1122 3236 1227 3276 207.
1271 3233 1519 3275 laudantem
1563 3234 1734 3275 Sciron.
1778 3232 1956 3276 Vssaou.
1995 3234 2056 3276 ad*

347 3314 470 3367 Virg.
505 3315 609 3357 Aen.
643 3315 677 3368 1,
709 3318 813 3359 260.
850 3340 902 3348 —
959 3317 1111 3362 Ecce
1155 3331 1331 3374 super
1375 3318 1560 3360 fessas
1603 3320 1686 3358 etc.
1748 3315 1862 3357 Sunt
1884 3315 2053 3383 ¹>femiae·

347 3396 541 3449 legitimo
573 3409 652 3439 usu
683 3398 797 3454 apud
830 3404 981 3455 poetas
1014 3414 1067 3444 ex
1102 3402 1232 3458 longo
1268 3401 1420 3444 itinere
1453 3413 1607 3452 naves,
1650 3398 1727 3441 nisi
1764 3398 1837 3440 ubi
1871 3399 2051 3440 iactatae
