2158 3750
336 251 441 300 430
729 225 1202 300 COMMENTAR.
1236 245 1313 297 ΙΝ
1350 246 1640 298 TIBULLI

340 392 394 435 de
436 391 581 436 Marte
618 389 782 430 domito
823 385 1013 430 citharae
1045 392 1174 429 cantu
1213 401 1370 433 sermo.
1401 412 1461 422 -—
1506 404 1659 434 arma
1699 392 1914 439 cadunt.
1944 396 2037 441 sive

337 474 563 526 excidant,
601 470 717 526 quod
751 470 842 513 fere
873 469 1170 524 srequentius3
1213 470 1411 514 accidere
1443 472 1554 516 enim
1585 475 1723 526 solet,
1761 474 1878 529 quod
1908 488 2036 523 nemo

341 558 500 610 nescit,
541 555 750 612 perculsus
779 554 925 608 aliquo
965 550 1200 609 adspectu,
1238 560 1286 597 ut
1317 555 1525 610 quidquid
1558 569 1687 601 mauu
1718 557 1831 601 forte
1861 563 2036 606 teneant

341 646 416 683 aut
445 641 568 693 sinu,
616 638 768 681 effluat
808 642 853 679 et
890 637 1075 679 decidat.
1138 637 1277 680 Multa
1311 639 1512 694 exempla
1554 640 1756 683 Vnumne
1797 640 1946 695 affert,
1990 646 2039 693 ut

342 724 583 766 Puopnm.
615 721 692 774 IV,
725 723 774 774 4,
799 723 874 762 21.
907 719 962 761 de
993 719 1204 774 Tarpeia:
1253 717 1500 775 Obstupuit
1531 720 1648 778 regis
1669 719 1801 779 facie
1829 729 1875 762 et
1909 737 2043 780 rega-

338 804 455 848 libus
480 804 630 852 armis,
662 806 877 862 Interque
903 801 1067 844 oblitas
1092 801 1258 844 excidit
1290 817 1409 846 urna
1436 817 1610 853 manus,
1641 810 1687 849 et
1706 805 1839 849 Ovu).
1860 805 2040 853 Heroid.

338 892 461 946 XVI,
489 895 595 935 251.
627 890 738 933 Met.
769 889 890 943 XIV,
922 891 1026 932 349.
2034 936 2037 940 .
2140 930 2152 956 ἦ,

459 977 690 1021 V.5-20.
737 973 988 1018 Medium
1027 986 1268 1018 carmen.
1329 973 1627 1017 Laudatur
1665 972 2040 1032 pulchritudo

340 1060 659 1117 Sulpiciae.
1581 1064 1584 1067 ·

458 1146 513 1188 V.
543 1149 571 1188 5
602 1158 696 1199 sqq.
728 1155 970 1186 exurere
1001 1141 1194 1185 defendit
1229 1141 1628 1184 thnuumcmus
1658 1147 1809 1186 contra
1839 1143 2041 1187 Vossum

303 1253 307 1258 1
340 1245 396 1276 ex
415 1232 629 1275 PETRoN.
655 1243 694 1273 c.
721 1231 834 1270 121:
867 1242 1007 1286 neque
1037 1227 1151 1269 enim
1184 1227 1324 1268 minor
1354 1226 1424 1268 ira
1448 1224 1634 1268 rebellat
1657 1229 1850 1268 Pectore·
1872 1227 1918 1269 in
1950 1227 2046 1272 hoc,

338 1314 530 1355 leviorve
585 1310 737 1352 exurit
780 1310 972 1366 flamma
1028 1308 1247 1350 medullas
1266 1336 1276 1355 ,
1344 1309 1611 1351 Huscnxms
1665 1305 1808 1352 autem
1858 1310 2044 1352 afferens

339 1402 516 1443 Pmnw.
549 1396 756 1440 Bacchid.
788 1396 865 1448 IV,
896 1398 947 1447 9,
978 1397 1060 1436 15:
1109 1392 1379 1433 Bacchidem
1421 1391 1581 1434 habuit
1615 1407 1790 1435 secum.-
1833 1393 1908 1435 ille
1940 1393 2043 1435 olim

337 1481 498 1522 habuit
529 1481 698 1538 ignem,
737 1477 816 1536 qui
844 1477 1019 1534 signum
1053 1474 1206 1525 daret,
1242 1477 1370 1516 Ilaec
1397 1474 1542 1531 ipsum
1573 1475 1748 1530 exurit,
1790 1482 1835 1520 et
1865 1479 2044 1520 Soano-

340 1579 438 1608 cms
483 1566 625 1607 locum
670 1577 738 1617 ap.
784 1560 938 1603 Athen.
979 1560 1114 1612 XIII,
1158 1575 1199 1616 p.
1224 1562 1335 1612 564,
1368 1561 1419 1603 Α.
1470 1559 1690 1614 (Brunck.
1738 1575 1779 1616 p.
1810 1560 1939 1615 641.)
1989 1561 2043 1603 de

336 1648 506 1702 Pelope
538 1646 592 1688 ab
624 1642 916 1700 Hippodamia
951 1642 1149 1684 laudato:
1203 1636 1377 1683 Touivd’
1407 1643 1448 1682 ἓν
1481 1638 1575 1691 ὄψει
1606 1644 1735 1696 ἴϋγγα
1763 1646 2044 1700 θηρατηρίαν

326 1724 519 1786 ’Ἑρωτος
537 1757 548 1778 ,
594 1721 822 1783 α’στραπήν
867 1720 949 1765 τιν’
991 1719 1222 1774 ὄμμάτων,
1267 1722 1374 1776 ἔχει·
1435 1719 1725 1766 Ἐνθάλπεται
1776 1726 1853 1775 μὲν
1900 1720 2046 1775 tethdo,

338 1812 495 1867 ἐξοπτᾷ
537 1811 586 1853 δέ
627 1827 694 1860 με.
742 1802 885 1853 ¹Idem
922 1809 988 1851 vir
1026 1809 1155 1851 etiam
1190 1808 1297 1851 alias
1337 1807 1499 1851 similes
1537 1809 1778 1852 locutiones
1808 1813 2044 1865 comparat.

338 1895 465 1939 Adde
505 1894 714 1937 Pmmm
756 1892 951 1935 Scolium
993 1892 1037 1934 in
1078 1889 1366 1934 Philoxenum
1414 1896 1461 1934 et
1500 1904 1613 1946 quae
1653 1892 1714 1935 ibi
1751 1892 2048 1936 annotavimus
2123 1878 2127 1884 ¹

340 1993 439 2036 pag.
462 1981 570 2023 643.
607 1982 653 2020 et
682 1975 780 2019 vide
814 1972 965 2018 oculos
995 1989 1092 2018 cum
1131 1975 1298 2018 facibus
1329 1981 1374 2017 et
1406 1976 1590 2018 flammis
1617 1981 1891 2032 comparatos
1922 1977 2046 2021 Pto*

340 2077 479 2107 Penzr.
511 2062 602 2115 111,
632 2064 688 2114 3,
721 2062 789 2102 14.
829 2060 934 2114 ibiq.
971 2061 1173 2103 Rumor..
1246 2058 1374 2101 Nunc
1415 2064 1595 2102 venusta
1632 2060 1878 2102 inventione
1914 2060 2048 2102 Amor

340 2157 442 2190 suns
487 2144 606 2187 faces
650 2142 751 2185 inde
794 2141 1004 2185 accendit.
1038 2163 1098 2172 -
1173 2140 1321 2182 Acer
1364 2139 1558 2194 Amor,
1610 2141 1724 2184 acris
1765 2141 1962 2185 flammae
2002 2141 2044 2182 in

340 2233 519 2284 pectore
559 2230 735 2278 auctor,
778 2225 834 2269 cf.
864 2225 934 2278 II,
965 2229 1018 2278 6,
1052 2227 1119 2267 15.
1153 2245 1212 2256 -
1271 2223 1384 2267 Mox
1421 2225 1535 2267 mate
1565 2224 1746 2268 offendit
1783 2236 1882 2268 eum
1913 2225 2045 2268 Heu·
2116 2279 2119 2281 ‚

340 2323 503 2353 nmmo
533 2309 752 2351 Hmnms
789 2306 843 2349 ad
877 2308 1068 2349 Gronov.
1100 2305 1282 2350 DIatrib.
1315 2321 1357 2362 p.
1383 2309 1480 2349 196.
1513 2305 1568 2349 ad
1597 2306 1877 2350 vasi-tionem
1903 2306 2049 2363 pest·

339 2407 433 2436 cam
477 2392 685 2448 temporis
729 2392 855 2446 agit
886 2414 941 2423 —-
978 2391 1180 2445 movit,
1226 2389 1341 2434 unde
1381 2391 1796 2436 Wunnssnmoumoe
1826 2393 2048 2446 oon-parnt

339 2479 480 2522 Vme.
514 2477 620 2519 Aen.
652 2475 720 2530 11,
754 2479 825 2518 12.
867 2481 912 2517 et
951 2475 1217 2518 Huscmuus
1249 2475 1406 2518 Catuli.
1439 2474 1601 2528 LXIV,
1634 2477 1762 2518 1482
1794 2474 1915 2520 Ram
1948 2475 2047 2529 ‘qui-

339 2559 438 2602 dem
478 2572 547 2602 res
586 2558 702 2615 apud
734 2559 955 2601 Tibullum
997 2559 1041 2601 in
1077 2557 1230 2600 eodem
1267 2555 1472 2610 disticho,
1515 2556 1593 2599 sed
1630 2556 1746 2612 quod
1781 2557 2048 2600 substituunt
2114 2559 2116 2563 '

337 2641 532 2699 vestigia
576 2649 751 2695 mutat,
800 2642 895 2698 quis
927 2653 1009 2682 non
1047 2639 1167 2682 videt
1203 2651 1448 2694 repugnare
1482 2639 1746 2695 simplicitati
1773 2638 2045 2682 Tibulliauae

338 2726 575 2770 dictionis?
635 2726 841 2768 Ceterum
882 2722 1076 2781 vestigia
1112 2737 1280 2764 movere
1321 2724 1564 2777 elegantius
1605 2722 1767 2766 dictum
1809 2736 1873 2779 pr.
1907 2723 2041 2779 pedes

339 2824 539 2864 movere,
588 2789 642 2852 ut
678 2810 812 2854 videS.
896 2809 1037 2851 Porro
1079 2807 1256 2850 decor
1299 2807 1474 2862 proprie
1514 2806 1672 2850 dicitur
1712 2807 1768 2850 de
1809 2811 1955 2860 motu,
2001 2812 2046 2850 et

338 2906 490 2936 sensus
531 2893 615 2935 loci
658 2897 750 2934 est:
796 2896 984 2945 regnarev
1017 2902 1095 2945 per
1126 2902 1274 2932 omnes
1307 2891 1475 2945 puellae
1506 2894 1671 2943 motus,
1712 2891 1802 2934 sive
1833 2897 1939 2945 agat
1963 2891 2046 2934 ali-

340 2979 440 3034 quid
484 2979 572 3020 sive
613 2977 805 3029 incedat,
849 2975 1065 3018 decorem.
1127 2975 1433 3030 Componit
1473 2974 1732 3029 exquisitum
1771 2973 1948 3017 verbum
1980 2986 2044 3029 pr.

339 3065 486 3114 ornat,
519 3061 724 3104 decenter
750 3060 957 3115 disponit,
989 3060 1195 3112 instituit3
1226 3059 1416 3102 laudavit
1447 3059 1530 3101 iam
1561 3059 1778 3101 HssYmus
1810 3057 2043 3100 Burmann.
2123 3094 2125 3099 ⁴

337 3143 392 3185 ad
434 3144 612 3188 Petron.
657 3157 693 3186 c.
722 3147 794 3186 67.
835 3148 880 3185 et
922 3143 976 3186 ad
1017 3145 1143 3188 Ovid.
1186 3146 1278 3186 Art.
1312 3145 1407 3186 Am.
1437 3143 1473 3197 I,
1506 3146 1626 3186 16⁰(
1677 3143 1744 3184 Ad
1787 3142 2043 3184 sententiam

339 3223 487 3266 confer
528 3225 673 3267 PAtm.
717 3225 911 3267 SILENT.
955 3225 1178 3281 Epigram.
1209 3225 1417 3270 XXXIV.
1472 3223 1644 3268 Anthol.
1688 3225 1768 3268 Gr.
1814 3223 1941 3266 Tom.
1966 3224 2043 3268 IV.

340 3320 382 3362 p.
401 3308 488 3349 52:
521 3304 712 3364 Μορφήν
745 3310 1015 3366 τριχθαδίην
1045 3312 1252 3367 Χαρίτων
1281 3304 1406 3366 τριάς
1436 3303 1723 3359 (ἷμφιπολεύει.
1743 3330 1804 3339 --·
1835 3308 2042 3352 furtim.

341 3389 496 3445 Neque
542 3391 653 3436 enim
701 3397 795 3437 arte
845 3396 1063 3450 quaesitus
1111 3395 1278 3439 videtur
1325 3394 1480 3447 decor,
1541 3380 1616 3436 §ed
1663 3395 1813 3444 natus,
1863 3395 1910 3433 ut
1958 3398 2041 3433 non
2126 3385 2130 3390 ⁴
