2158 3750
297 265 396 309 136
686 253 1042 307 COMMENT
1050 252 1154 305 AR.
1188 254 1264 305 IN
1302 254 1588 306 TIBULLI

296 409 496 445 matrem.
573 400 684 444 Vide
726 400 1120 453 BRoucKnusmm,
1176 398 1416 452 vamum,
1476 398 1721 443 Hermum.
1783 399 1995 446 'Omnino

296 483 525 539 suspirare
557 481 611 524 de
643 481 883 523 amantibus
915 481 1197 534 notissimum,
1230 480 1286 523 cf.
1317 481 1613 524 Mrrscnmu„
1645 482 1699 524 ad
1730 483 1884 528 Horat.
1914 484 1995 538 111,

296 573 339 620 7,
374 571 443 608 10.
476 589 536 598 -—
591 566 828 608 simulat
860 570 942 608 etc.
1003 564 1064 607 Et
1094 565 1364 619 repentinum
1398 563 1594 606 dolorem
1624 566 1777 620 capitis
1809 566 1996 620 simulat,

298 654 344 691 ut
373 649 560 702 gemitus
590 653 771 691 excuset
797 647 873 690 tibi
906 648 1199 703 percunctanti
1225 645 1326 701 quid
1352 651 1513 700 gemat.
1573 647 1641 689 Ad
1665 647 1844 690 verbum
1869 660 1999 690 con-

298 730 562 771 doluisse
598 714 653 773 οἷ.
683 730 860 772 anm.
891 729 1068 772 Trucul.
1102 729 1160 782 Il,
1189 732 1231 782 8,
1263 731 1318 770 2:
1365 727 1500 768 Nunc
1532 727 1641 769 mila·
1671 728 1724 769 de
1753 736 1884 771 vento
1914 729 1996 771 mi-

297 826 421 853 serae
452 811 678 853 condoluit
709 818 936 867 caput.—
965 812 1019 855 V.
1049 814 1109 853 37
1133 824 1196 864 sq.
1249 811 1314 852 At
1345 808 1479 852 mihi
1509 810 1848 854 servandam
1880 824 2001 865 cre-

300 896 408 938 das.
470 896 605 938 Redit
646 895 700 938 ad
742 909 780 938 v.
812 898 886 938 23.
947 894 1252 950 Repetitiones
1283 893 1393 934 tales
1434 892 1510 934 ubi
1542 893 1810 948 pergendum
1846 897 1914 936 est
1942 893 1999 935 ad

300 985 472 1033 cetera,
513 979 700 1021 maxime
731 980 987 1021 conveniunt
1019 978 1212 1032 elegiae,
1255 990 1340 1019 non
1371 977 1632 1019 conveniunt
1661 975 1788 1019 odae.
1861 977 2002 1019 Porro

303 1062 602 1104 coniunctivus
634 1046 842 1102 hortantis
874 1064 965 1112 est,
1005 1072 1086 1101 nec
1122 1058 1410 1114 supplendum
1440 1058 1493 1099 si.
1557 1060 1623 1101 De
1655 1060 1886 1102 omissione
1922 1058 2010 1102 hue

300 1145 368 1185 ius
398 1144 635 1199 particulae
666 1141 775 1183 infra
807 1140 1046 1183 videbimus
1079 1139 1133 1181 ad
1165 1152 1204 1181 v.
1236 1143 1340 1192 53„
1385 1152 1498 1182 nunc
1527 1141 1612 1182 alia
1646 1154 1718 1183 res
1748 1146 1829 1184 est.
1890 1140 2002 1183 Nam

302 1231 351 1269 ut
380 1228 513 1269 semel
546 1225 627 1267 hoc
656 1236 865 1275 moneam,
907 1222 980 1263 ubi
1011 1234 1064 1263 ea
1093 1225 1160 1262 est
1189 1221 1299 1262 ratio
1331 1221 1429 1273 loci,
1479 1226 1528 1262 ut
1556 1219 1742 1263 hortatio
1779 1226 1825 1264 et
1854 1235 2007 1277 preca-

302 1310 363 1350 tio
393 1309 516 1361 insit,
561 1320 665 1350 cave
697 1306 1030 1348 conditionalem
1073 1305 1314 1347 sententiae
1346 1303 1524 1346 formam
1555 1304 1715 1347 inferas
1744 1304 1786 1346 in
1818 1309 2006 1360 poetam,

303 1390 419 1444 quod
451 1391 828 1433 Wunnnnmcmo
864 1387 1023 1430 accidit
1053 1387 1106 1429 ad
1141 1386 1176 1439 I,
1209 1390 1281 1441 10,
1310 1390 1405 1440 ll.,
1449 1399 1548 1429 cum
1588 1386 1658 1430 hic
1699 1400 1847 1430 verum
1886 1387 2008 1430 vide-

304 1474 374 1516 rit.
406 1495 464 1503 —
510 1484 615 1514 non
643 1484 812 1513 saeva
842 1483 1048 1513 recuso
1077 1469 1352 1522 verbera,
1395 1468 1436 1512 h.
1470 1483 1508 1512 e.
1541 1470 1678 1513 offero
1707 1470 1822 1513 servi
1851 1470 2009 1513 ianito-

306 1557 365 1599 ris
397 1557 562 1610 osficia,
614 1561 658 1598 et
699 1555 734 1597 si
764 1555 815 1596 iis
846 1568 932 1596 non
970 1554 1223 1597 satisfecero
1255 1555 1486 1608 religiose,
1531 1556 1601 1598 vel
1638 1533 1802 1611 poenas
1831 1556 2010 1598 serviles

306 1653 390 1682 non
433 1652 602 1682 recuso.
675 1638 944 1692 Supplicium
987 1637 1142 1679 servile
1184 1637 1413 1680 verberum
1456 1642 1501 1679 et
1543 1638 1811 1681 vinculorum
1853 1638 2009 1682 iterum

307 1726 517 1764 memorat
547 1721 603 1770 Π,
635 1723 678 1772 3,
709 1723 783 1762 80.
816 1741 875 1751 -
922 1718 1218 1771 detracto,
1262 1718 1401 1760 forma
1443 1732 1572 1774 quam
1616 1721 1776 1776 passim
1820 1720 2011 1764 offerunt

309 1806 509 1858 codices,
558 1808 608 1845 ut
646 1804 785 1845 Ovm.
831 1802 938 1844 Met.
984 1803 1038 1855 V,
1086 1804 1188 1844 246.
1250 1802 1486 1844 Pnormvr.
1530 1803 1586 1856 ΙΙ,
1629 1806 1674 1856 3,
1715 1806 1788 1848 47.
1839 1803 1914 1846 ubi
1957 1803 2013 1847 cf.

310 1889 692 1930 Bnoncxnnsmm.
755 1883 880 1926 Adde
914 1884 1158 1926 DRAKENB.
1190 1883 1245 1925 ad
1277 1884 1372 1927 Liv.
1406 1885 1612 1938 XXXIV,
1648 1889 1718 1939 15,
1749 1889 1792 1929 9.
1819 1909 1876 1918 -
1907 1900 2014 1930 non

312 1983 431 2024 ego.
512 1969 578 2010 De
624 1967 878 2023 pronomine
925 1968 1051 2010 alteri
1098 1969 1291 2011 membro
1336 1968 1455 2011 illato
1497 1970 1904 2014 thnnnmcmus
1946 1971 2015 2015 hic

311 2058 483 2105 monet,
528 2065 607 2094 nos
648 2051 834 2093 diximus
877 2050 931 2092 ad
963 2050 996 2104 Ι,
1030 2054 1070 2104 1,
1102 2055 1174 2093 37.
1207 2075 1268 2083 —
1314 2051 1365 2094 V.
1397 2055 1469 2094 39.
1501 2055 1572 2094 40.
1633 2053 1769 2096 Tum
1811 2056 2014 2109 procul

313 2135 551 2188 absitis,
579 2139 671 2176 tum
703 2138 803 2177 ante
835 2147 983 2177 omnes
1011 2135 1169 2177 iubebo
1203 2148 1278 2178 vos
1312 2134 1566 2178 delicatulus
1593 2135 1760 2191 abesse,
1790 2137 1863 2192 qui
1895 2138 2014 2181 cultu

315 2231 533 2260 comarum
568 2223 612 2260 et
641 2219 821 2260 vestitus
854 2219 1072 2271 elegantia
1103 2219 1260 2274 puellis
1293 2232 1396 2274 prae
1428 2220 1520 2261 aliis
1552 2221 1745 2275 placetis·
1775 2242 1831 2254 —
1865 2223 2016 2276 quis·

315 2304 441 2357 quis
485 2303 642 2344 colit.
706 2302 770 2344 Ad
814 2303 985 2344 tertiam
1018 2315 1245 2358 personam
1290 2304 1469 2357 transit,
1511 2305 1595 2347 vid.
1626 2305 1680 2347 ad
1709 2305 1745 2356 1,
1775 2309 1821 2359 2,
1851 2309 1924 2349 35.
1956 2331 2017 2340 —

316 2387 385 2429 Et
428 2387 577 2429 fluit.
648 2386 732 2428 Ubi
770 2387 993 2428 relativum
1036 2387 1293 2443 praecessit,
1329 2392 1403 2430 aut
1432 2391 1586 2446 copula
1615 2391 1708 2434 sine
1738 2393 1920 2435 relativo
1948 2404 2020 2435 se-

318 2470 485 2524 quitur,
516 2475 564 2511 ut
595 2470 630 2522 I,
662 2473 704 2522 3,
739 2475 790 2511 7:
842 2485 927 2511 non
958 2485 1083 2512 Soror
1118 2471 1330 2529 Assyrios
1364 2472 1500 2515 cineri
1541 2488 1656 2532 quae
1687 2473 1823 2515 dedat
1853 2475 2020 2520 odores,

317 2559 361 2591 et
385 2552 502 2607 fleat
532 2550 691 2607 eff'asis
723 2561 830 2593 ante
861 2554 1068 2610 sepulcra
1103 2554 1258 2600 comis,
1305 2563 1378 2599 aut
1421 2559 1645 2601 relativum
1675 2560 1887 2614 repetitur
1915 2561 2016 2604 abs-

318 2647 403 2689 que
433 2637 603 2691 copula,
634 2640 682 2677 ut
708 2636 743 2689 I,
778 2639 818 2689 l,
851 2640 907 2678 3:
942 2651 1070 2694 quem
1102 2634 1229 2678 labor
1260 2638 1474 2680 assiduus
1502 2638 1646 2682 vicino
1678 2647 1848 2684 terreat
1882 2642 2021 2685 hoste·

319 2719 498 2759 Martia
530 2718 603 2759 cai
628 2734 801 2760 somnos
833 2718 1023 2761 classica
1051 2719 1190 2775 pulsa
1214 2719 1400 2778 fugent,
1433 2726 1506 2764 aut
1536 2722 1722 2777 denique
1744 2725 1900 2780 copula
1924 2737 2020 2767 cum

319 2801 499 2843 relativo
532 2802 717 2856 ponitur,
748 2801 862 2855 quod
897 2800 1007 2842 male
1037 2806 1171 2855 negat
1202 2802 1482 2845 Huscnxms.
1546 2805 1622 2846 Sic
1653 2803 1764 2846 infra
1786 2805 1866 2858 III,
1893 2808 1938 2859 2,
1967 2808 2021 2849 4:

320 2886 365 2919 et
402 2877 506 2936 qui,
556 2880 692 2922 Ovn).
735 2880 840 2921 Met.
871 2879 950 2932 XI,
982 2882 1095 2922 729:
1137 2887 1182 2919 et
1214 2894 1354 2937 qaae,
1397 2886 1441 2923 et
1474 2882 1690 2936 obliquum
1723 2896 1867 2925 casum
1900 2884 2021 2938 leges

322 2959 430 3001 infra
460 2960 538 3013 IV,
581 2964 621 3013 1,
655 2962 741 3002 184
770 2973 890 3014 sqq.:
950 2959 1033 3000 Oai
1067 2961 1265 3018 fuerant
1298 2961 1421 3018 flavi
1464 2962 1663 3005 ditantes
1711 2963 1862 3006 ordine
1906 2965 2022 3007 sulci

323 3042 504 3082 Horrea
546 3041 778 3099 fecundas
827 3042 891 3082 od
938 3043 1191 3098 deficientia
1241 3059 1430 3098 messes,
1490 3046 1658 3105 Cuique
1706 3062 1845 3103 pecus
1892 3047 2024 3090 denso

319 3123 566 3179 pascebant
612 3124 787 3182 agmine
829 3124 978 3167 colles.
1055 3126 1198 3181 Atque
1241 3129 1322 3173 hoc
1371 3132 1467 3174 loco
1511 3133 1654 3187 aptior
1695 3133 1851 3188 copula
1897 3145 2024 3187 quam

325 3207 576 3260 Asyndeton
612 3207 911 3263 emphaticam,
945 3209 1244 3255 disiunctivum
1277 3215 1320 3256 in
1353 3213 1660 3271 descriptione,
1702 3215 1776 3258 ubi
1809 3219 2024 3269 ponuntur

326 3303 437 3344 quae
468 3291 592 3333 simul
623 3297 722 3333 sunt
754 3297 798 3334 et
839 3294 1092 3337 coniunctae
1125 3302 1270 3351 partes
1316 3304 1493 3341 ornatus
1524 3300 1678 3341 mollis.
1743 3300 1891 3344 Quare
1909 3298 2027 3355 fluit

327 3373 479 3428 probo,
511 3386 593 3415 non
626 3372 786 3428 effluit,
819 3380 865 3416 ut
897 3377 1073 3420 STA'rlo
1106 3384 1282 3422 notante
1314 3381 1561 3424 CATunmss
1581 3384 1653 3435 64,
1683 3385 1765 3425 68:
1786 3380 2027 3438 fluitantis
