2158 3750
713 262 895 315 LlBR.
933 263 999 314 Π.
1073 261 1274 314 ELEG.
1305 262 1352 313 Ἰ.
1770 268 1870 316 217

171 406 401 452 admodum
429 409 473 452 in
503 405 830 452 introductione
860 406 1130 461 monuimus,
1158 404 1213 450 ad
1244 417 1376 450 unum
1405 412 1617 449 summum
1647 402 1871 448 consilium

171 491 349 549 pulchre
377 491 736 550 conspirantibus.
798 489 1076 551 Agrestibus
1110 488 1198 533 diis
1236 486 1442 532 cultioris
1483 486 1613 533 vim«
1636 485 1767 529 ratio
1798 486 1874 527 de-

173 573 315 619 betur.
376 578 442 619 Ac
469 575 657 632 primum
685 571 861 629 quidem
907 570 960 613 de
1001 570 1128 614 victu
1171 577 1423 614 monstrato
1467 567 1790 613 meliore=0dicit
1831 581 1876 612 v·

170 661 231 702 37
243 662 349 702 -50.
380 659 566 715 primum
594 655 837 712 generatim
863 659 1110 711 proponens
1138 651 1282 698 thema
1302 654 1472 698 verbis=
1505 651 1594 698 his
1621 652 1876 698 vitamu-

173 740 383 795 gistris
412 744 514 794 etc.,
550 743 643 782 tum
674 750 753 794 per
774 740 922 795 partos
952 747 1210 792 exsequens.
1231 759 1291 770 -·
1321 738 1468 792 vita,
1497 735 1707 790 homines,
1740 744 1878 791 genus

174 821 428 877 humanum,
475 822 533 866 cf.
574 821 730 864 Btmu.
770 820 830 864 ad
867 818 1058 864 Phaedr.
1097 819 1135 875 1,
1177 821 1359 875 Prolog.
1389 823 1433 864 4.
1503 819 1720 877 Imprimis
1759 819 1878 877 apud

173 907 399 951 Sssnscnr
424 910 470 950 et
493 906 705 949 Pul-unm
728 903 899 949 itadici
921 904 1198 949 observatum
1222 909 1302 959 est,
1327 903 1689 960 quemadmodum
1708 904 1882 947 Graece

174 993 293 1042 βίος,
334 988 391 1033 cf.
421 988 678 1032 Cissuuon.
709 987 765 1032 ad
795 986 954 1033 Athen.
983 989 1087 1044 XV,
1115 992 1162 1032 5.
1233 987 1303 1031 Ad
1331 991 1525 1031 nostrum
1556 988 1699 1031 locum
1730 999 1881 1031 exem-

172 1072 245 1127 pla
276 1072 479 1115 Vumus
507 1072 668 1115 attulit.
700 1093 760 1105 —
787 1071 844 1116 V.
870 1074 931 1114 39
958 1071 1446 1128 sqq-:compositis
1473 1070 1710 1126 tigillis.
1768 1071 1882 1114 Sunt

173 1155 294 1211 tigna
328 1168 461 1212 parva
489 1169 527 1199 s.
557 1155 777 1212 perticae,
821 1155 981 1212 quibus
1009 1156 1262 1214 pectinatim
1293 1155 1448 1212 positis
1478 1156 1730 1199 intexuntur
1758 1154 1880 1198 fron·

174 1238 278 1292 des,
324 1239 430 1281 alias
469 1239 701 1289 arundines
742 1242 820 1282 ant
858 1238 1091 1291 stramina,
1123 1243 1267 1294 atque
1305 1239 1368 1282 ita
1407 1239 1460 1283 fit
1498 1242 1661 1282 tectum
1706 1236 1881 1292 tugurii.

176 1323 393 1366 Describit
413 1336 535 1367 casas
558 1329 759 1380 ngrestes
784 1336 821 1368 s.
842 1323 1020 1380 tuguria
1044 1322 1309 1379 (tonellis-he:
1324 1322 1578 1380 Schoppen)
1605 1323 1799 1368 Vossms
1828 1319 1882 1363 ad

177 1406 301 1460 virg.
318 1405 476 1461 Eclog.
489 1406 526 1460 1,
551 1421 594 1463 p.
611 1409 686 1450 41.
717 1406 832 1450 Nam
852 1406 909 1449 ab
929 1404 996 1449 his
1015 1405 1148 1450 initiis
1164 1406 1363 1463 profecta
1382 1405 1608 1449 domorum
1631 1403 1885 1456 exstructio,

175 1503 276 1534 cnm
317 1489 503 1547 primum
540 1491 588 1534 in
623 1492 759 1534 antris
788 1489 1054 1535 habitassent
1083 1489 1292 1534 homines.
1355 1489 1573 1532 domum
1613 1499 1718 1530 vero
1748 1490 1880 1541 poeta

177 1587 291 1617 nunc
328 1586 472 1617 cesam
511 1573 644 1617 talem
684 1575 876 1631 appellat
916 1572 1164 1618 honestiore
1202 1573 1414 1617 vocabulo
1445 1585 1574 1626 usus,
1619 1575 1670 1614 ut
1698 1570 1886 1615 Houszr.

175 1655 255 1709 Ill,
288 1659 331 1711 1,
356 1659 443 1700 22:
485 1671 666 1698 somnus
705 1655 956 1715 agrestium
1001 1654 1115 1699 lenis
1154 1654 1355 1699 virorum
1396 1670 1484 1697 non
1512 1651 1705 1695 humiles
1736 1651 1884 1695 domos

174 1740 388 1799 fastidit.
415 1764 476 1774 ·-
506 1741 616 1784 Mox
646 1741 691 1784 in
714 1741 886 1785 verbis:
916 1741 1014 1784 Illi
1045 1746 1246 1785 tauros
1276 1740 1548 1784 docuisse
1576 1738 1885 1782 servitium

178 1828 233 1866 et
264 1824 531 1880 plaustro
562 1828 745 1868 rotam
774 1825 1167 1882 supposuisse
1196 1824 1502 1879 feruntur,
1537 1835 1671 1878 aegre
1701 1826 1887 1878 exputes

177 1906 282 1961 quid
323 1907 615 1962 ambiguitatis
656 1907 783 1962 insit,
834 1906 1201 1963 quemadmodum
1236 1905 1426 1951 Vossms
1468 1910 1514 1949 et
1551 1905 1759 1948 Bmmus
1790 1905 1888 1961 opi-

178 1995 359 2044 nantur,
401 1990 475 2046 qni
505 1989 725 2032 domuisse
754 2010 815 2024 —
841 1988 1028 2032 servitio
1059 1994 1323 2046 posuerunt,
1366 1987 1484 2043 quod
1515 1987 1891 2031 commendaverat

178 2073 485 2116 Gssmunntm.
557 2073 855 2127 Quisquamne
893 2075 982 2114 tam
1023 2072 1198 2127 ineptus
1229 2072 1286 2114 sit
1315 2075 1365 2114 ut
1394 2075 1642 2115 construat:
1688 2069 1889 2112 docuisse

178 2154 499 2215 supposuisse?
559 2158 851 2201 Gmuunnus
875 2157 1150 2214 praeferebat
1183 2155 1404 2199 domuisse
1429 2169 1455 2199 e
1485 2154 1758 2211 quibusdam,
1789 2153 1888 2209 quia

179 2239 310 2283 modo
348 2241 655 2296 praecessisset
685 2239 900 2288 docuere,
945 2245 992 2284 et
1022 2240 1218 2283 mutabat
1248 2240 1313 2283 sic
1351 2238 1588 2282 servitium
1617 2239 1662 2281 in
1692 2235 1893 2280 servitio.

181 2325 272 2369 Sed
313 2326 512 2368 consulto
552 2324 695 2381 potuit
732 2325 935 2367 Tibullus
974 2330 1179 2381 repetere
1219 2338 1264 2368 v.
1301 2323 1467 2368 docere.
1497 2347 1558 2355 —
1608 2324 1893 2380 plaustro,

181 2422 269 2465 quo
299 2409 473 2452 domum
503 2406 716 2452 vehuntur
745 2408 902 2463 copiae
932 2406 1062 2450 ruris.
1094 2429 1155 2439 —
1203 2406 1403 2460 Denique
1445 2418 1525 2448 cur
1559 2405 1734 2448 omnino
1766 2415 1891 2446 orsus

183 2493 241 2536 sit
284 2492 488 2535 Tibullus
538 2492 871 2549 descriptionem
927 2492 984 2535 ab
1031 2489 1098 2534 bis
1146 2490 1318 2534 duobus
1366 2487 1562 2532 distichis
1610 2488 1707 2544 ipse
1755 2486 1894 2531 vides.

184 2574 411 2618 Habitatio
442 2576 604 2618 rustica
642 2579 690 2618 et
728 2574 977 2618 animalium
1018 2573 1211 2617 domatio
1251 2578 1351 2616 sunt
1381 2573 1522 2629 prima
1548 2571 1672 2614 initia
1701 2570 1896 2614 cultioris

185 2661 322 2713 vitae,
367 2659 642 2703 emendatum
680 2659 842 2703 victum
872 2671 985 2714 quae
1022 2663 1370 2716 praecesserunt.
1431 2659 1516 2701 His
1547 2657 1682 2713 igitur
1707 2657 1894 2713 primum

186 2742 410 2797 indicatis,
450 2743 537 2785 iam
576 2740 633 2785 ad
673 2755 716 2785 v.
747 2745 822 2785 38.
862 2743 1023 2786 redibit
1063 2747 1110 2786 et
1140 2742 1241 2785 data
1272 2755 1407 2798 opera
1437 2741 1493 2785 de
1524 2742 1643 2784 victu
1674 2741 1806 2785 dicet.
1838 2762 1893 2772 -·

187 2825 243 2869 V.
273 2827 332 2867 43
361 2837 457 2879 sqq.
505 2828 642 2867 tunc
671 2825 903 2868 consita
932 2837 1144 2881 pomus.
1207 2825 1318 2867 Cum
1348 2828 1450 2868 ante
1480 2825 1648 2868 nonnisi
1678 2824 1900 2867 silvestres

189 2910 235 2949 et
265 2906 384 2950 serae
414 2906 592 2950 arbores
621 2906 804 2950 fuissent
832 2912 990 2964 sponte
1020 2913 1173 2962 natae,
1220 2920 1334 2951 nunc
1366 2909 1561 2964 plantata
1591 2911 1693 2950 sunt
1731 2905 1788 2948 ab
1819 2904 1902 2949 ho·-

190 2991 376 3035 minibus
415 2991 460 3034 in
501 2991 623 3034 culto
663 2992 759 3035 solo
801 3005 930 3048 poma
975 2997 1022 3035 et
1062 2997 1213 3036 curata
1259 2993 1506 3048 diligenter.
1577 2991 1654 3034 Sic
1695 2989 1901 3033 defendas

193 3076 422 3120 lectionem
453 3074 652 3121 consita,
696 3087 778 3132 pro
821 3087 908 3131 qus
949 3075 1132 3119 ersws
1175 3073 1319 3118 insita
1361 3074 1630 3129 emendavit,
1673 3074 1902 3131 probatum

192 3156 555 3213 Bnoucxntss10‚'
582 3159 784 3213 meo,
815 3160 995 3204 Vossro.
1056 3160 1298 3216 Vulgatnm
1327 3159 1548 3203 Harmas
1578 3162 1752 3213 tuetur,
1782 3163 1903 3202 recte

193 3253 373 3284 monens
401 3240 580 3285 arbores
609 3241 833 3285 silvestres
862 3241 1047 3298 primum
1077 3243 1269 3298 satione,
1312 3243 1622 3297 translatione,
1666 3254 1771 3285 cura
1801 3240 1903 3283 feri-

198 3328 332 3368 tatem
362 3325 553 3369 exuisse.
617 3323 797 3370 Accedit
826 3323 1113 3370 Hnsemuus.
1147 3351 1204 3360 —
1248 3327 1408 3371 Tunc
1450 3326 1601 3370 bibit
1644 3326 1905 3380 irriguas

198 3406 396 3451 hortus
426 3421 616 3464 aquas.
683 3406 896 3453 Amabant
917 3408 1155 3465 paullulum
1184 3408 1372 3454 declives
1399 3407 1546 3452 hortos
1570 3409 1612 3452 in
1635 3407 1782 3464 aprico
1812 3406 1905 3449 solo
