2158 3750
741 222 925 275 LIBR.
963 224 1030 275 11.
1103 222 1305 274 ELEG.
1343 222 1438 274 vl.
1811 228 1913 275 309

215 369 261 407 et
290 363 373 408 hae
402 365 576 421 quidem
608 367 738 421 lacte,
768 367 910 421 melie,
942 380 1072 423 aqua,
1103 367 1218 421 vino,
1248 367 1348 410 oleo
1380 352 1636 410 constabant
1666 370 1714 407 ut
1746 370 1912 417 notum,

215 450 300 492 vid.
333 464 375 494 v.
401 464 440 493 c.
471 450 641 494 Aescu.
671 452 796 495 Pers.
827 466 867 495 v.
899 455 1003 495 610.
1044 453 1191 507 ibique
1231 452 1478 507 interprett.
1517 455 1563 493 et
1600 449 1907 491 chnuAuN.

212 534 269 577 de
296 535 498 578 Funerib.
523 536 652 579 Rom.
675 536 754 590 lv,
780 540 825 579 2.
886 537 1056 580 Odores
1085 542 1231 580 autem
1258 536 1439 580 vidimus
1469 535 1507 590 1,
1537 537 1582 589 3,
1610 538 1653 577 7.
1685 545 1830 589 supra.
1852 554 1909 563 -—

212 622 368 658 serta
408 617 463 660 cf.
495 630 625 672 supra
660 617 718 670 11,
749 620 793 670 4,
827 620 903 661 48.
963 619 1094 663 Quod
1137 617 1244 662 haec
1283 618 1524 662 madefacta
1565 620 1692 660 erunt
1719 614 1909 658 lacrimis

213 704 392 754 poetae,
437 700 594 742 iterum
624 700 804 743 mirifice
843 699 900 742 ad
931 700 1137 743 affectum
1167 701 1471 744 concitandum
1499 700 1626 744 valet.
1688 698 1909 740 Bnoucx-

211 792 371 821 uusws
402 779 572 823 confert
600 782 737 824 Ovm.
768 781 900 827 Trist.
933 781 1012 834 111,
1041 784 1085 835 3,
1116 785 1200 824 81:
1249 785 1316 823 Τιι
1350 791 1499 825 tamen
1526 780 1749 823 exstincto
1770 777 1907 836 sero-

206 861 273 903 lia
302 878 485 905 munera
499 863 645 921 ferto,
675 866 832 922 Deque
856 862 951 906 tuis
978 863 1174 906 lacrimis
1204 864 1391 906 humida
1420 873 1545 908 serta
1577 865 1698 906 dato.
1761 863 1904 917 Atque

209 944 290 988 hoc
329 946 461 988 modo
501 947 711 1002 propitios
754 948 839 990 sibi
884 948 1040 991 reddet
1083 949 1240 992 Manes
1284 949 1473 1002 sororis,
1521 961 1703 1003 quorum
1745 945 1902 990 deinde

203 1041 332 1084 opem
362 1029 713 1085 implorabit.—-
762 1032 936 1075 Illius
977 1033 1044 1076 ad
1087 1034 1366 1076 tumulum
1413 1033 1653 1087 fugiam,
1701 1036 1903 1085 tanquam

202 1110 256 1152 ad
287 1110 482 1165 asylum,
524 1117 575 1155 ut
605 1114 720 1156 servi
763 1127 790 1156 a
831 1114 1016 1158 dominis
1044 1117 1158 1158 male
1188 1114 1322 1158 habiti
1356 1115 1573 1170 fugientes
1603 1114 1658 1157 ad
1689 1113 1903 1168 sepulcra,

200 1193 255 1235 ad
286 1193 399 1247 fana,
427 1194 483 1237 ad
515 1208 613 1239 aras
641 1196 836 1243 deorum.
900 1199 1011 1243 Mox
1041 1199 1283 1253 sedebo,
1323 1212 1381 1242 ex
1412 1211 1532 1241 more
1561 1198 1820 1253 supplicum,
1852 1199 1902 1237 ut

198 1276 452 1330 lugentium.
512 1279 628 1324 Vide
657 1279 1026 1323 Bnoucxmssum
1057 1285 1102 1324 et
1142 1282 1386 1335 Vum’rtm,
1430 1286 1562 1334 atque
1592 1283 1642 1322 ut
1683 1291 1814 1320 unum
1857 1280 1903 1320 et

198 1362 381 1405 alterum
413 1363 555 1407 locum
585 1363 808 1419 addamus,
839 1365 965 1408 Hom.
998 1365 1160 1419 Odyss.
1192 1366 1293 1419 VII,
1325 1369 1427 1409 153.
1459 1368 1562 1407 160.
1593 1364 1902 1406 Dnuoswlmu.

200 1444 256 1487 de
288 1445 461 1488 Corona
491 1461 534 1503 p.
558 1450 663 1491 262.
686 1469 747 1482 —
777 1461 894 1491 mea
925 1448 1048 1491 fata
1079 1462 1285 1503 querar
1315 1461 1434 1491 cum
1464 1448 1682 1498 cinere,
1714 1443 1899 1486 narrabo

197 1527 333 1569 cineri
365 1527 453 1570 fata
482 1541 592 1582 mea,
623 1542 782 1584 querar
811 1530 867 1572 ei.
926 1529 977 1572 ln
1008 1543 1095 1585 quo
1128 1529 1240 1571 cinis
1271 1544 1337 1586 pr.
1369 1529 1586 1582 Manibus,
1619 1531 1667 1569 ut
1691 1526 1899 1568 cierunt..

197 1611 270 1663 CI,
302 1613 354 1653 4:
399 1618 446 1651 et
487 1619 660 1653 mutam
701 1612 996 1670 nequicquam
1041 1611 1295 1670 alloquerer
1336 1610 1536 1653 cinerem.
1596 1611 1735 1653 Porro
1766 1607 1900 1661 vulgo

195 1693 323 1750 queri
370 1709 469 1735 cum
516 1693 671 1752 aliquo
719 1700 787 1738 est
830 1697 1110 1752 expostulare
1157 1709 1257 1740 cum
1304 1696 1478 1751 aliquo,
1539 1698 1719 1738 notante
1766 1692 1897 1735 etiam

191 1774 451 1830 Huscnmo,
482 1777 599 1832 quod
630 1778 792 1822 docent
821 1780 991 1834 lexica3
1022 1780 1142 1823 aliud
1173 1793 1280 1824 vero
1309 1793 1424 1823 nunc
1459 1783 1527 1821 est
1558 1775 1687 1835 queri
1717 1773 1900 1834 aliquid

191 1871 293 1898 cum
329 1856 499 1916 aliquo.
559 1864 624 1903 Ac
654 1860 926 1904 Huscnxms
958 1863 1128 1906 confert
1154 1864 1296 1906 sopri.
1327 1861 1495 1904 Electr.
1530 1863 1669 1903 1119:
1713 1844 1747 1900 ὦ
1780 1858 1897 1908 ξεῖνε,

190 1934 269 1984 δός
297 1939 374 1980 νῦν
402 1935 511 1996 πρδς
550 1941 689 1992 θεῶν,
731 1942 846 1999 εἴπερ
889 1939 991 1985 τόδε
1020 1945 1242 1985 Κέκευθεν
1284 1939 1418 1985 αὐτόν
1458 1944 1635 1996 τεῦχος,
1679 1942 1720 1987 ἐς
1747 1948 1898 1997 χεῖρας·

190 2022 362 2074 λαβεῖν,
394 2015 551 2070 ‘'Omoc
591 2019 783 2082 ἓμαυτήν
826 2028 901 2067 καὶ
942 2027 1061 2080 γένος
1101 2023 1153 2068 ‘cd
1202 2027 1287 2068 πᾶν
1329 2022 1437 2076 ὅμοῦ
1469 2022 1556 2069 Ξῦν
1586 2025 1694 2084 τῇδε
1727 2019 1899 2066 κλαύσω

187 2099 504 2161 »ια’ποδύρωμαι
544 2106 720 2162 σποδῷ,
766 2107 1001 2163 repetitum
1044 2108 1175 2151 etiam
1215 2122 1242 2150 a
1273 2109 1558 2161 Gommaro,
1602 2106 1719 2162 quod
1752 2110 1897 2149 tamen

185 2183 374 2228 alienum
403 2189 472 2228 est
509 2189 557 2228 et
586 2186 696 2228 alius
725 2187 1069 2242 significationis.
1132 2187 1418 2244 comparabis
1450 2187 1598 2244 potius
1630 2186 1896 2229 locutionem

186 2279 316 2307 orare
344 2273 489 2308 tecum
518 2280 589 2322 ap.
618 2268 796 2311 Pnur'r.
831 2269 956 2314 Pers.
988 2269 1023 2322 I,
1053 2272 1098 2322 3,
1128 2274 1201 2312 37.
1247 2271 1428 2313 Curcul.
1460 2270 1540 2322 ΙΙΙ,
1573 2273 1617 2322 3,
1650 2271 1724 2311 62.
1772 2267 1894 2311 *Rud.

186 2347 265 2400 111,
296 2350 340 2401 4,
371 2352 444 2391 68.
486 2353 532 2391 et
571 2349 790 2393 Teanum.
833 2349 999 2405 Hecyr.
1044 2352 1121 2405 lV,
1165 2355 1208 2403 4,
1253 2355 1326 2394 64.
1389 2353 1503 2394 Tum
1548 2352 1604 2394 de
1651 2351 1895 2394 sententiae

185 2431 397 2473 suavitate
430 2430 664 2475 Hermon
693 2431 781 2484 adi,
816 2434 891 2487 qui
923 2447 1017 2476 eam
1049 2434 1093 2476 in
1124 2435 1230 2488 ipsis
1264 2434 1530 2490 praecordiis
1560 2432 1739 2476 haerere
1771 2433 1892 2477 dicit.

186 2515 250 2557 Ac
290 2527 345 2558 ne
387 2515 528 2569 fugiat
568 2520 615 2558 te
655 2515 919 2560 adiectivum
963 2523 1179 2569 mutus,
1225 2523 1483 2574 perpetuum
1527 2518 1700 2573 quidem
1734 2519 1894 2562 cineris

186 2598 434 2655 epitheton,
465 2605 511 2642 at
542 2601 700 2643 eximie
727 2614 894 2656 augens
925 2599 1074 2650 πάθος
1104 2603 1202 2647 loci.
1265 2603 1499 2659 Tragicam
1530 2602 1599 2647 hic
1629 2605 1773 2647 omnia
1803 2604 1890 2648 vim

185 2681 344 2724 habent
373 2681 516 2725 iudice
547 2683 679 2726 etiam
709 2682 972 2737 Huscmuo,
1003 2689 1136 2739 atque
1170 2687 1301 2728 etiam
1331 2683 1400 2729 hic
1431 2699 1524 2728 mos
1555 2685 1610 2728 ad
1640 2687 1887 2742 sepulcrum

187 2763 448 2819 impiorandi
477 2764 688 2807 auxilium
720 2765 916 2808 Manium
948 2779 973 2809 e
1005 2767 1183 2822 tragicis
1215 2773 1343 2811 notus
1375 2773 1457 2822 est,
1487 2769 1720 2824 laudatque
1751 2783 1892 2826 appo-

180 2847 266 2889 site
304 2846 709 2889 Wuunssnmcmus
755 2847 910 2891 Aesch.
959 2850 1084 2892 Pers.
1132 2853 1236 2892 218.
1285 2852 1424 2893 Sopn.
1476 2849 1641 2894 Electr.
1684 2854 1786 2894 453.
1841 2857 1887 2893 et

184 2931 351 2972 Aescu.
395 2927 590 2985 Choeph.
626 2933 711 2972 331
747 2943 842 2985 sqq.
884 2931 958 2973 ubi
999 2931 1182 2987 legitur=
1240 2930 1401 2978 Δίπαις
1445 2939 1514 2973 τοί
1557 2930 1595 2973 o‘
1636 2930 1888 2984 ἐπιτύμβιος

183 3013 352 3069 Θρῆνος
371 3008 655 3060 ἀναστενάζει.
700 3010 846 3063 Τάφος
869 3011 912 3056 δ’
929 3015 1071 3063 ἱκέτας
1101 3017 1314 3066 δέδεκται,
1342 3013 1541 3069 φυγάδας
1570 3014 1617 3058 θ’
1638 3012 1886 3066 ὅμοίως.-

183 3097 236 3139 V.
266 3099 325 3138 35
356 3109 450 3150 sqq.
482 3097 779 3149 clientem,
804 3099 1060 3154 suppiicem.
1122 3099 1232 3141 Mox
1265 3100 1438 3142 Illius
1468 3104 1529 3142 ut
1561 3100 1759 3143 verbis
1792 3105 1886 3144 est=

182 3178 304 3232 quasi
331 3177 448 3219 illius
478 3177 645 3231 verbis,
673 3177 790 3232 quod
822 3179 1026 3222 Sumus
1056 3180 1178 3225 vidit.
1240 3182 1418 3236 Optime
1450 3181 1586 3235 igitur
1616 3182 1885 3237 interpunxit

182 3257 522 3311 Licinnianus,
551 3264 699 3302 cetera
730 3272 816 3302 uno
842 3266 1057 3303 commate
1084 3263 1282 3316 iungens.
1343 3263 1446 3305 Noli
1470 3264 1583 3307 enim
1607 3269 1885 3308 construere:

183 3340 295 3384 Veto
325 3341 441 3384 illiue
473 3342 615 3385 verbis
656 3346 703 3384 ut
742 3342 802 3384 sia
850 3341 954 3386 mibi
985 3343 1116 3386 lenta.
1179 3343 1311 3390 Quod
1344 3345 1476 3388 etiam
1506 3345 1699 3390 'Vossius
1739 3345 1893 3387 reiecit
