2158 3750
749 260 932 314 [ΑΒΕ.
968 262 1059 313 111.
1131 259 1331 316 ELEG.
1368 263 1435 312 11.
1471 332 1477 336 ι
1826 267 1928 314 325

226 407 362 450 riendi
394 408 619 452 consilium
653 409 852 452 excusari
885 411 1071 465 poterat.
1135 405 1231 450 Nec
1263 404 1434 449 Neaera
1468 403 1549 448 hoc
1571 404 1770 448 -carmine
1802 416 1922 448 com-

225 498 342 536 mota
375 498 467 548 est,
503 506 630 550 quam
665 506 941 539 commovere
973 493 1165 549 graviter
1196 505 1309 536 novo
1342 494 1588 549 commento
1623 491 1832 534 voluerat.

837 942 1290 999 EXPLICATIO.

326 1165 379 1207 V.
415 1165 529 1206 1-8.
601 1161 921 1209 Exordium.
994 1165 1219 1211 Neaera
1262 1168 1377 1210 sibi
1423 1181 1447 1210 a
1492 1169 1664 1211 rivali
1709 1174 1910 1225 erepta

209 1253 403 1303 poeta,
447 1261 566 1292 cum
607 1253 825 1294 tantum
857 1249 1112 1294 dolorem
1145 1251 1303 1294 ferre
1347 1264 1453 1294 non
1497 1254 1706 1308 possit,
1753 1255 1908 1298 vitae

206 1332 324 1375 leto
364 1332 665 1376 finiundae
706 1335 1018 1378 consilium
1059 1349 1118 1378 se
1161 1335 1398 1392 cepisse
1438 1335 1684 1379 fatetur.

321 1415 377 1459 V.
409 1418 430 1457 1
464 1429 558 1470 sqq.
618 1429 917 1473 carumque
958 1424 1077 1462 tene.
1138 1419 1190 1462 Si
1231 1432 1441 1460 carumve
1483 1419 1648 1461 scribas
1680 1431 1779 1461 cum
1810 1417 1906 1461 aliis

202 1505 248 1541 et
278 1498 440 1554 duplex
470 1498 696 1542 discidium
725 1504 904 1553 statuas,
935 1501 1104 1544 iuvenis
1136 1501 1218 1544 suit
1247 1501 1322 1555 qui
1353 1513 1497 1543 caram
1528 1500 1672 1542 iuveni
1701 1499 1906 1555 eriperet,

201 1580 346 1635 puella
383 1593 496 1634 quae
532 1580 731 1623 iuvenem
770 1582 969 1638 puella03
1009 1581 1087 1625 sed
1118 1595 1205 1625 uon
1236 1586 1304 1624 est
1335 1581 1558 1638 probabile
1592 1580 1673 1624 hoc
1715 1581 1903 1624 voluisse

199 1667 398 1716 poetam,
444 1676 543 1706 cum
573 1662 714 1707 dicata
757 1661 837 1722 qui
865 1686 923 1695 —
955 1661 1135 1718 ferreus
1159 1662 1283 1721 fuit.
1342 1663 1480 1706 Immo
1516 1663 1571 1706 de
1602 1677 1686 1706 uno
1718 1662 1901 1706 discidio

197 1746 412 1800 loquitur3
442 1747 515 1802 qui
545 1747 731 1803 primus,
761 1747 848 1801 ait,
881 1747 1109 1791 discidium
1142 1747 1291 1791 effecit
1319 1748 1433 1790 inter
1466 1747 1575 1790 duos
1607 1750 1812 1788 amantes.
1842 1768 1898 1777 --

197 1826 425 1870 ferreus
456 1829 559 1871 iile
590 1829 716 1873 suit.
778 1831 943 1874 Verum
975 1831 1085 1884 hoc,
1116 1831 1155 1873 si
1185 1832 1362 1874 omnino
1393 1830 1596 1872 distraxit
1626 1834 1821 1872 amantes
1853 1833 1899 1871 et

193 1908 400 1953 ambobus
428 1909 621 1954 dolorem
650 1912 822 1966 attulit3
869 1913 935 1954 sin
964 1912 1109 1954 rivalis
1144 1916 1239 1955 erat
1269 1913 1439 1966 iuveni,
1480 1910 1578 1954 huic
1609 1910 1782 1966 quidem
1816 1924 1894 1952 no-

192 1993 305 2046 cuit,
346 1994 426 2037 sed
459 2007 544 2038 non
586 1996 769 2051 puellae.
832 1997 983 2042 Quare
1027 1997 1159 2040 etiam
1202 1997 1266 2039 sic
1308 2010 1393 2039 non
1438 1996 1550 2039 bene
1596 2001 1726 2052 poeta
1770 1995 1892 2037 dixit.

190 2073 476 2119 Nihilominus
506 2076 618 2120 hunc
646 2090 793 2120 casum
823 2090 1003 2120 necesse
1036 2082 1104 2120 est
1137 2078 1183 2120 in
1216 2078 1358 2121 animo
1390 2076 1617 2130 habuerit,
1660 2077 1760 2132 quia
1793 2089 1891 2119 eum

187 2161 421 2216 experitur.
493 2161 628 2204 Vides
669 2162 813 2205 statim
857 2162 1039 2219 primam
1083 2162 1342 2206 sententiam
1387 2161 1493 2204 vitio
1537 2160 1765 2214 laborare3
1813 2158 1891 2202 sed

184 2240 324 2285 forma
364 2243 562 2299 speciosa
593 2243 699 2286 facit
727 2249 778 2287 ut
807 2246 948 2288 minus
980 2246 1360 2289 animadvertatur.
1393 2269 1451 2277 —
1499 2244 1761 2300 Eripuit,
1805 2257 1891 2287 vox

185 2325 341 2367 usitata
381 2323 437 2367 de
476 2325 695 2368 rivaiibus.
755 2326 1058 2369 Pnopnnms
1102 2327 1303 2369 laudatus
1344 2327 1399 2369 ab
1434 2326 1629 2368 Hermo
1659 2325 1719 2378 ll,
1757 2329 1801 2378 8,
1834 2328 1887 2367 1:

184 2406 393 2463 Eripitur
430 2405 555 2449 nobis
593 2407 683 2449 iam
719 2407 893 2465 pridem
935 2423 1047 2450 cara
1084 2408 1258 2465 puella.
1290 2431 1349 2440 —
1393 2409 1623 2450 Postremo
1654 2407 1708 2448 ad
1749 2411 1888 2450 totum

188 2493 331 2535 locum
361 2491 511 2535 confer
541 2492 701 2536 Tibull.
734 2492 770 2547 1,
796 2495 869 2547 10,
898 2496 943 2538 2.
973 2497 1018 2546 2,
1050 2498 1122 2536 67.
1156 2494 1213 2558 li,
1241 2496 1286 2546 3,
1316 2496 1360 2536 2.
1394 2493 1467 2534 ubi
1496 2492 1703 2534 maiorem
1729 2490 1887 2534 Tibul-

185 2577 325 2620 lianae
361 2576 563 2620 dictionis
604 2578 690 2620 vim
734 2577 891 2621 disces.
966 2578 1084 2621 Albii
1115 2578 1301 2620 affectus
1335 2577 1559 2632 praeponit
1594 2576 1744 2618 colon:
1778 2574 1885 2632 fer-

179 2675 282 2703 reus
323 2669 414 2708 est,
462 2660 595 2720 fuit,
642 2662 758 2717 quod
805 2661 874 2706 hic
917 2664 1158 2719 postponit.
1202 2686 1260 2693 —
1319 2662 1373 2705 V.
1404 2663 1432 2704 4
1476 2674 1573 2717 sqq·
1636 2661 1884 2704 coniunx

180 2747 379 2799 erepta
410 2747 478 2787 est
509 2743 700 2788 nondum
727 2744 902 2800 quidem
930 2744 973 2786 in
1005 2745 1327 2787 matrimonium
1359 2743 1502 2798 ducta,
1534 2749 1581 2786 at
1611 2757 1770 2800 sponsa
1801 2744 1883 2787 sibi

178 2831 224 2868 et
267 2831 455 2883 sperata.
527 2827 708 2872 Confert
755 2828 1166 2872 Wunnssamcmus
1212 2828 1338 2883 Virg.
1388 2831 1493 2871 Aen.
1531 2827 1611 2881 111,
1655 2829 1760 2870 330.
1807 2826 1882 2868 ubi

176 2914 327 2964 erepta
352 2910 538 2953 coniunx
565 2910 803 2955 Hermione
825 2920 893 2955 est
916 2892 1064 2956 oresti
1088 2913 1313 2968 promissa.
1374 2911 1486 2955 Vide
1510 2911 1639 2953 etiam
1662 2910 1882 2953 Buoucx·

177 3003 379 3045 nummu,
421 2992 496 3047 qui
538 2992 686 3036 laudat
724 2994 936 3037 Sssuvmn
978 2995 1034 3038 ad
1075 2995 1199 3050 Virg.
1234 2994 1391 3049 Eclog.
1424 2994 1544 3047 VIII,
1579 2997 1648 3035 18.
1694 2998 1739 3036 et
1780 2995 1878 3036 alia.

173 3075 356 3119 Constat
392 3090 545 3121 vocem
575 3077 705 3121 etiam
736 3078 779 3122 in
811 3078 949 3122 miuus
985 3078 1163 3123 honesta
1196 3093 1243 3123 re
1277 3080 1391 3136 poni.
1432 3102 1482 3109 —-
1534 3084 1590 3120 et
1619 3079 1740 3133 qui,
1778 3091 1875 3121 cum

173 3157 214 3199 vi
258 3159 445 3214 repetito
487 3159 769 3215 pronomine,
814 3158 890 3202 sed
939 3159 996 3204 de
1038 3160 1188 3204 eadem
1238 3175 1451 3217 persona,
1503 3161 1558 3203 cf.
1601 3174 1711 3215 quae
1756 3166 1876 3204 notat

171 3242 604 3298 Wunnssnnrcnivs,
649 3244 776 3287 ovid.
811 3244 920 3287 Met.
956 3244 1036 3297 XI,
1066 3248 1169 3288 729.
1204 3250 1305 3288 730.
1358 3245 1536 3288 Homw.
1572 3245 1712 3301 Epist.
1743 3246 1801 3299 11,
1832 3250 1875 3297 3,

170 3326 259 3366 180
310 3325 528 3371 luvssmi..
558 3326 655 3381 vn,
682 3331 754 3369 54.
791 3325 993 3369 ΟΛτυιι.
1023 3327 1181 3380 LXIV,
1213 3331 1287 3370 96.
1351 3326 1461 3371 vide
1494 3329 1624 3370 etiam
1657 3328 1763 3370 infra
1795 3328 1873 3378 111,

171 3412 214 3461 3,
249 3411 319 3452 36.
386 3411 553 3453 Ponunt
587 3411 795 3466 imprimis
820 3410 961 3454 'ctiam
995 3412 1066 3455 ubi
1098 3411 1276 3464 fortius,
1322 3412 1524 3465 gravius,
1565 3410 1875 3465 significantius
