2158 3750
487 723 1103 791 COMMENTARIUS
1145 725 1223 785 IN
1267 723 1577 784 TIBULLI

672 886 893 939 LIBR.
941 885 984 936 1.
1063 881 1304 934 ELEG.
1355 883 1396 933 Ι.

777 1199 1290 1256 INTRODUCTIO.

181 1359 429 1442 Tibullus,
460 1389 535 1444 qui
566 1386 695 1430 modo
725 1385 939 1443 stipendia
969 1385 1188 1439 equestria
1218 1385 1397 1440 fecerat,
1423 1398 1449 1428 a
1475 1384 1538 1430 Μ.
1566 1386 1740 1431 Valerio
1765 1387 1885 1431 Mes-

187 1473 278 1515 sala
311 1471 498 1514 Corvino
529 1471 734 1513 invitatus
770 1473 863 1511 erat
892 1473 942 1510 ut
971 1481 1069 1511 cum
1099 1481 1153 1511 eo
1181 1468 1226 1510 in
1259 1480 1415 1511 novum
1448 1468 1607 1512 bellum
1637 1470 1888 1525 proficisce-

186 1561 329 1608 retur,
359 1568 456 1597 cum
487 1558 631 1597 autem
663 1553 826 1606 nollet,
857 1557 1038 1595 excusat
1066 1565 1114 1595 se
1142 1555 1326 1607 patrono
1354 1549 1435 1593 hoc
1466 1552 1666 1594 carmine.
1739 1553 1888 1597 Quae-

185 1651 254 1680 ras
285 1649 493 1692 quaenam
525 1636 658 1679 fuerit
688 1634 794 1680 haec
825 1636 1064 1694 expeditio.
1135 1636 1203 1678 De
1236 1635 1492 1690 Aquitanico
1521 1635 1636 1678 bello
1667 1640 1710 1678 et
1742 1637 1886 1678 statim

184 1726 285 1776 post
312 1723 514 1775 suscepta
535 1732 562 1761 a
590 1718 777 1762 Messala
807 1719 1082 1772 navigatione
1112 1718 1157 1759 in
1189 1717 1335 1759 Asiam
1365 1716 1423 1759 ad‘
1453 1729 1522 1760 res
1550 1717 1741 1760 Orientis
1768 1730 1888 1760 com-

186 1802 405 1860 ponendas
435 1803 619 1858 cogitari
647 1805 822 1857 nequit3
868 1801 934 1846 his
977 1803 1090 1845 enim
1132 1800 1356 1844 itineribus
1397 1800 1640 1843 interfuisse
1669 1800 1887 1843 Tibullum

184 1885 239 1928 ad
267 1886 452 1940 elegiam
480 1885 653 1928 tertiam
683 1888 729 1928 et
758 1885 986 1940 septimam
1014 1883 1267 1927 videbimus.
1331 1881 1487 1936 Neque
1516 1887 1615 1937 post
1643 1882 1747 1924 illud
1777 1886 1889 1924 tem—

184 1979 266 2023 pus
299 1971 469 2010 constat
497 1967 731 2010 Messalam
776 1966 965 2009 bellandi
1008 1979 1140 2009 causa
1177 1966 1322 2008 Roma
1352 1963 1553 2006 abfuisse.
1614 1963 1772 2006 Restat
1803 1965 1890 2017 igin

184 2054 255 2092 tur
283 2053 335 2091 ut
363 2048 479 2104 quod
509 2054 612 2092 ante
642 2048 947 2103 Aquitanicum
983 2052 1154 2102 gestum
1187 2051 1255 2089 est
1286 2050 1437 2089 contra
1468 2045 1699 2087 Antonium
1729 2045 1890 2088 bellum

182 2132 499 2187 intelligamus,
543 2132 839 2188 scriptumque
880 2134 1120 2174 statuamus
1159 2141 1330 2172 carmen
1376 2131 1476 2170 ante
1517 2140 1594 2170 ver
1632 2127 1731 2169 anni
1771 2130 1890 2181 723„

186 2226 285 2257 cum
314 2214 467 2270 copiae
497 2214 730 2257 Antonium
763 2217 1044 2270 superaturae
1078 2213 1121 2254 in
1154 2211 1384 2254 Graeciam
1423 2210 1701 2253 traiiciendae
1731 2215 1889 2253 essent.

185 2296 253 2338 Ac
291 2296 551 2338 conveniunt
594 2296 759 2351 optime
799 2307 899 2337 cum
944 2292 1024 2336 hac
1064 2293 1279 2336 sententia
1319 2305 1468 2334 versus
1498 2294 1557 2334 49
1587 2304 1680 2346 sqq.
1720 2291 1795 2333 ubi
1834 2291 1890 2334 de

185 2377 400 2420 maritimo
430 2377 587 2419 itinere
622 2377 816 2431 loquitur
845 2378 975 2432 poeta
1006 2379 1052 2417 et
1085 2387 1237 2416 aurum
1266 2373 1606 2428 smaragdusque
1644 2373 1893 2426 contemnit,

189 2461 339 2515 quales
370 2473 396 2504 e
427 2459 588 2516 praeda
619 2459 888 2503 orientalium
920 2458 1178 2514 populorum
1212 2468 1388 2512 sperare
1416 2455 1590 2498 licebat.
1656 2454 1788 2500 Quod
1826 2454 1891 2498 vi-

187 2545 251 2587 dit
281 2545 487 2600 imprimis
522 2546 741 2598 Vossms,
783 2542 987 2599 probavit
1017 2543 1278 2585 Passovms.
1341 2538 1609 2582 Accedamus
1645 2549 1760 2580 nunc
1789 2549 1892 2593 pro-

185 2628 284 2683 pius
327 2626 383 2668 ad
427 2639 597 2670 carmen
631 2626 795 2681 ipsum.
868 2603 1007 2667 Poeta
1046 2625 1186 2665 lassus
1215 2622 1411 2665 militaris
1451 2621 1564 2662 vitae
1605 2619 1777 2662 tandem
1818 2631 1892 2662 rus

186 2707 328 2750 redire
357 2708 556 2761 volebat,
605 2708 734 2750 simu}
762 2707 921 2748 amoris
953 2706 1134 2748 vinculis
1164 2718 1242 2761 per
1270 2703 1352 2747 hoc
1383 2709 1552 2759 tempus
1586 2707 1738 2758 captus
1771 2707 1890 2745 erat:
1974 2700 1988 2708 ⁸

186 2801 320 2843 quare
349 2802 465 2832 nunc
494 2789 671 2831 militiae
701 2788 873 2831 divitias
905 2791 950 2830 et
980 2787 1164 2841 gloriam
1195 2787 1488 2842 promittenti,
1530 2785 1609 2829 sed
1637 2783 1894 2840 irrequietae

188 2876 234 2913 et
273 2875 439 2914 terrore
479 2876 692 2928 perpetuo
737 2870 924 2915 hostium
964 2872 1202 2916 vicinorum
1249 2871 1439 2926 agitatae
1479 2870 1660 2926 opponit
1700 2882 1894 2913 securam

191 2954 543 3007 tranquillitatem
575 2959 620 2997 et
649 2956 957 2999 iucunditatem
989 2958 1103 3001 vitae
1140 2956 1313 3000 modico
1345 2959 1594 3008 contentae,
1637 2966 1748 3008 quae
1778 2953 1894 2997 domi

190 3038 231 3079 in
267 3038 357 3079 otio
388 3038 551 3080 rustico
583 3042 629 3080 et
663 3052 812 3083 amore
841 3046 1009 3095 agatur.
1073 3042 1138 3085 Ac
1168 3041 1353 3098 primum
1383 3039 1570 3082 rustIcae
1600 3037 1712 3080 vitae
1741 3037 1894 3079 iucun-

187 3120 344 3163 ditates
375 3125 547 3175 tractat,
583 3134 679 3166 cum
711 3124 935 3179 praedium
967 3123 1146 3169 baberet
1178 3125 1385 3179 exiguum
1420 3121 1592 3178 quidem
1624 3133 1680 3164 ex
1711 3120 1895 3176 amplio-

187 3203 306 3245 ribus
340 3204 483 3258 agris,
525 3203 603 3247 sed
642 3206 933 3259 gratissimum
974 3206 1084 3259 sibi,
1128 3207 1314 3250 maxime
1349 3205 1423 3260 qui
1464 3203 1754 3246 delectaretur
1782 3214 1895 3254 rure,

191 3287 401 3330 ruralibus
443 3288 657 3343 negotiis,
699 3288 848 3343 festis,
891 3290 1206 3347 voluptatibus,
1249 3303 1330 3333 nec
1368 3288 1508 3331 factus
1548 3289 1664 3329 esset
1704 3284 1760 3327 ad
1795 3284 1894 3325 belli

197 3370 426 3415 molestias.
489 3372 590 3428 lpse
624 3371 711 3415 illic
748 3370 955 3427 plantabit
983 3384 1110 3428 poma
1141 3374 1335 3428 vitesque
1366 3376 1412 3416 et
1442 3382 1539 3414 cum
1571 3369 1641 3424 pie
1670 3368 1899 3410 veneretur
