2086 3756
851 188 1158 242 TIBULLI.
1699 202 1853 237 chxl

155 333 345 385 tarium
391 314 612 400 adieriS,
663 351 821 404 quam
865 334 931 386 sit
965 333 1099 386 nihil
1134 351 1242 386 non
1291 333 1467 401 aptum
1503 333 1560 383 in
1599 329 1858 398 epithetis.

153 428 342 498 Neque
393 430 617 482 otiosum
666 427 796 479 illud
843 446 1005 494 genus
1062 446 1172 481 esse
1223 429 1408 479 monui
1455 425 1517 476 ad
1566 427 1592 476 Ι
1605 462 1620 489 ,
1659 430 1716 489 1,
1754 429 1858 488 62.,

155 523 251 574 ubi
289 522 471 574 eadem
498 523 644 574 notio
680 524 962 588 repetitur,
998 533 1057 574 ut
1091 533 1215 574 sunt
1246 527 1397 573 tristes
1431 523 1660 572 lacrimae
1669 544 1690 583 ‚-
1725 536 1859 568 mae-

154 628 260 669 stae
318 619 568 686 querelae3
646 633 770 665 nam
827 615 1091 668 intensiva
1147 618 1228 668 vis
1290 617 1566 667 notionum
1627 623 1862 679 augetur.

155 710 406 776 Denique
447 707 562 760 aliis
597 707 655 758 in
697 708 827 759 locis
864 707 921 759 id
961 710 1132 774 agitur
1168 711 1409 776 epithetis
1454 709 1724 777 perpetuis
1769 705 1862 757 ad-

154 803 301 853 iectis
317 838 333 866 ‚
405 812 466 853 ut
526 803 858 869 oppos-itione
916 805 1278 853 membrorum
1335 804 1617 869 apertiore
1656 801 1863 865 clarior,

158 897 530 963 significantior
567 907 658 948 aut
693 898 972 950 nervosior
1003 908 1055 948 et
1085 897 1311 950 alacrior
1343 897 1434 948 fiat
1471 898 1659 948 oratio·
1731 897 1865 948 Sua-

155 991 236 1044 vis
276 992 424 1042 locus
457 991 513 1054 Ι,
551 998 611 1055 7,
651 995 734 1042 1-2.
780 994 982 1043 Cat-nuti
1011 1002 1056 1044 σι
1073 994 1206 1062 flavi
1243 994 1441 1042 caerula
1486 994 1676 1060 lympha
1709 993 1865 1055 Liger,

159 1095 250 1136 aut
301 1103 420 1138 cum
469 1086 550 1151 ΙΙ,
592 1090 787 1150 1,·88.
847 1096 968 1154 post
1014 1088 1177 1140 Noctis
1239 1104 1433 1138 nomen
1500 1085 1672 1137 sidera
1724 1085 1867 1152 ficloa

158 1190 565 1232 memorantur.-
622 1182 791 1232 Porro
837 1191 898 1232 ut
931 1181 981 1231 ΙΙ
995 1219 1011 1246 ,
1050 1186 1076 1232 1
1093 1218 1109 1245 ,
1147 1186 1233 1231 68.
1295 1183 1404 1249 Ipse
1450 1185 1657 1250 interque
1702 1199 1870 1244 greges

157 1282 368 1346 interque
425 1287 644 1329 amenta
693 1277 876 1345 Cupido
929 1277 1089 1331 Natus
1140 1286 1185 1330 et
1232 1278 1481 1328 indomitas
1533 1277 1705 1327 dicitur
1751 1281 1870 1326 inter

160 1388 311 1439 equas
356 1371 547 1422 fortius
588 1371 718 1437 erigi
758 1388 920 1438 supra
969 1370 1266 1423 notavimus
1314 1371 1422 1422 vim
1475 1371 1729 1421 orationis
1778 1369 1870 1420 ad-

162 1465 300 1515 iecto
348 1465 408 1515 in
456 1465 643 1516 ultimo
689 1465 928 1516 membro
980 1465 1242 1531 epithet0‚
1307 1465 1546 1514 similiter
1590 1465 1643 1527 Ι,
1681 1469 1743 1528 2,
1785 1467 1870 1513 19.

164 1577 284 1610 cum
317 1560 534 1626 legitur:
581 1559 764 1611 limina
797 1567 1030 1622 tentare,
1068 1559 1211 1610 fores
1245 1576 1510 1624 reserare,
1555 1558 1702 1610 molli
1734 1539 1869 1609 lecto

165 1652 445 1719 decedere,
506 1653 708 1706 adiecto
756 1654 987 1721 epitheto
1037 1653 1329 1705 intenditur
1378 1655 1641 1721 oppositio
1690 1670 1870 1704 rerum

166 1760 322 1817 atque
377 1750 453 1800 ita
508 1766 648 1836 nova
702 1748 784 1801 vis
840 1747 1036 1800 accedit
1080 1749 1216 1800 loco,
1306 1748 1375 1799 At
1425 1748 1480 1812 Ι,
1509 1747 1591 1813 >4,
1638 1749 1747 1798 45.’
1793 1749 1878 1797 Vel

162 1850 207 1895 si
250 1846 496 1895 caeruleas
540 1848 693 1913 puppi
735 1846 850 1895 volet
885 1848 954 1895 ire
990 1862 1079 1912 per
1124 1844 1281 1894 undas
1326 1853 1609 1911 postquam
1656 1840 1720 1893 de
1766 1852 1874 1892 ter-

164 1940 320 1990 restri
370 1939 556 1990 itinere
607 1955 780 1990 sermo
833 1939 966 2003 fuit,
1037 1938 1156 2007 quis
1208 1955 1318 1988 non
1370 1938 1526 1988 sentit
1580 1938 1874 1987 necessario

167 2035 412 2084 caeruleas
460 2033 692 2100 positum
741 2033 800 2084 in
856 2033 1009 2084 initio
1066 2050 1252 2084 versus
1312 2042 1371 2083 ut
1426 2034 1599 2083 statim
1654 2031 1878 2099 prodeat

170 2124 473 2194 oppositio?
542 2127 681 2179 Nam
730 2145 849 2178 cum
895 2147 949 2178 v.
985 2128 1142 2178 undas
1187 2127 1248 2177 in
1289 2126 1393 2176 fine
1443 2125 1653 2176 demum
1693 2143 1876 2178 versus

83 2259 87 2262 -
172 2222 549 2289 subsequatur,
603 2222 872 2288 epitheton
915 2231 1231 2288 perpetuu-m
1274 2232 1450 2287 partes
1491 2222 1602 2270 eius
1644 2220 1879 2284 sustinet,
1953 2223 1956 2227 ’

176 2332 313 2382 quae
348 2332 433 2367 res
479 2316 536 2366 in
581 2315 760 2366 multis
787 2315 925 2365 locis
962 2313 1211 2366 notanda.
1298 2313 1401 2364 Sed
1442 2314 1565 2365 nolo
1601 2315 1760 2380 plura
1791 2313 1877 2364 hic

173 2409 388 2472 afferre,
449 2426 568 2459 cum
613 2409 672 2459 in
724 2406 1115 2460 Commentario
1163 2409 1364 2477 ubique
1415 2407 1478 2458 de
1528 2409 1882 2475 epithetorum

172 2504 378 2554 ratione
432 2502 624 2553 dictum
678 2504 760 2554 sit.
869 2501 976 2564 Qui
1028 2502 1297 2568 negligunt
1348 2504 1485 2553 tales.
1531 2503 1882 2571 quaestiones,

174 2613 284 2648 non
319 2605 600 2664 penetrant
633 2597 755 2647 satis
787 2597 847 2646 in
881 2596 1189 2647 interiorem
1215 2598 1474 2648 rationem
1508 2599 1748 2653 locorum
1785 2614 1881 2648 nec

173 2692 406 2743 sentiunt
442 2691 651 2758 penitus
681 2692 789 2743 vim
817 2690 1088 2742 mirificam
1116 2691 1354 2742 omnium
1389 2709 1584 2742 rerum.
1654 2690 1882 2743 Abunde

172 2805 301 2840 vero
341 2788 511 2856 liquet
551 2803 650 2854 per
687 2794 771 2851 se,
824 2803 980 2855 quam
1019 2786 1085 2837 sit
1108 2787 1286 2836 *etiam
1324 2785 1382 2835 in
1424 2787 1663 2853 epithetis
1708 2788 1883 2853 largus

175 2883 452 2934 thesaurus
488 2898 740 2934 nervosae
778 2882 1050 2933 orationis.
1136 2881 1210 2934 Ae
1247 2900 1481 2950 nusquam
1517 2884 1743 2950 epitheton
1775 2901 1886 2951 per-

169 2989 362 3047 petuum
396 2988 567 3030 temere
599 2980 715 3046 poni
740 2986 889 3045 potest
919 2986 963 3028 et
987 2978 1076 3027 tali
1099 2978 1379 3027 substantivo
1414 2978 1557 3041 addi,
1595 2982 1727 3028 euius
1755 2980 1886 3028 nulla

178 3084 264 3124 aut
307 3077 499 3124 minima
545 3076 609 3123 01⁰8
654 3081 724 3122 est
764 3075 812 3121 in
856 3075 1178 3123 enuntiatione.
1264 3073 1348 3122 De
1395 3070 1667 3138 Lygdamo
1717 3091 1884 3123 unum

180 3178 407 3231 annom,
471 3185 591 3218 eum
647 3165 921 3234 aliquoties
972 3165 1078 3217 duo
1134 3165 1364 3233 epitheta
1414 3165 1506 3215 uni
1561 3166 1884 3217 substantivo

181 3261 440 3325 iunxisse,
502 3261 566 3312 cf.
611 3259 674 3311 ad
728 3260 827 3323 ln,
866 3265 927 3324 5,
967 3268 1082 3323 22.‚
1138 3260 1283 3328 quod
1335 3277 1591 3327 nusquam
1644 3260 1713 3310 sic
1766 3260 1883 3310 fecit
