2086 3756
276 259 352 292 ‚xx
973 239 1067 289 DE
1109 238 1277 289 VITA

277 387 409 438 bulli
449 401 595 436 amor
639 385 806 435 maior
850 391 960 433 erat
1004 394 1163 450 quam
1206 391 1263 432 ut
1307 379 1629 448 desperaret,
1685 389 1779 433 uec
1823 382 1976 432 Delia

278 485 432 551 plane
462 480 693 544 ‘desierat
733 480 909 531 favere
958 489 1161 545 poetae.
1242 475 1374 529 Cum
1417 478 1573 544 igitur
1616 479 1713 528 sub
1753 477 1978 527 hiemem

279 577 474 629 rediret
507 577 728 627 Romam
765 576 1004 626 Tibullus
1038 574 1195 639 ⁸rure,
1249 573 1492 626 credibile
1539 585 1615 626 est
1654 572 1975 626 continuatas

278 690 484 741 prece33
519 689 639 723 nam
667 669 786 721 tulit
816 669 1007 720 iterum
1042 670 1298 736 promissa
1333 669 1545 723 favoris·
1615 671 1690 720 Ac
1724 685 1838 720 cum
1872 666 1979 733 pri-

278 785 422 818 mum
459 782 597 817 nova
634 765 814 815 limina
850 774 1137 816 tentaturus
1173 774 1328 829 esset,
1382 765 1536 817 Delia
1575 781 1702 816 vero
1743 760 1981 814 nondum

279 878 404 912 ausa
440 860 619 910 fallere
656 856 893 910 custodes
926 859 1122 910 frustra
1158 868 1560 926 exspectaretur,
1595 860 1786 926 scripta
1820 858 1980 923 elegia

280 958 319 1021 Ι,
356 962 422 1020 2.,
459 953 607 1024 quod
642 954 834 1016 factum
869 955 1105 1022 suspicor
1139 955 1310 1005 hieme
1345 957 1606 1006 725-726.
1662 952 1743 1003 ‘cf.
1781 949 1980 1003 Introd.

279 1051 345 1105 ad
378 1054 520 1106 illam
557 1052 786 1120 elegiam.
860 1045 1155 1104 Gerebat'ur
1197 1053 1278 1105 his
1318 1052 1642 1120 temporibus
1687 1051 1885 1102 bellum
1923 1050 1981 1100 in

278 1147 457 1200 Cilicia
493 1148 557 1198 cf.
595 1165 644 1199 v.
682 1153 766 1198 69.
814 1148 912 1197 sub
959 1128 1197 1215 auspiciis
1240 1147 1523 1214 Messalae,
1579 1149 1671 1217 qui
1715 1144 1982 1199 Orientem

278 1244 638 1309 componebat.
727 1240 968 1291 Tibullus
1016 1254 1143 1291 vero
1194 1241 1293 1291 ista
1343 1251 1495 1291 nocte
1546 1241 1826 1292 frustratus
1876 1259 1981 1307 spe,

275 1354 403 1388 mox
439 1338 550 1387 aliis
585 1333 826 1386 noctibus
855 1333 1107 1386 admissus
1139 1345 1216 1386 est
1250 1345 1300 1386 et
1329 1334 1526 1386 labitur
1561 1349 1683 1402 pars
1715 1333 1841 1385 anni
1863 1339 1982 1388 726.

275 1432 406 1483 felix
440 1430 648 1495 amanti,
685 1429 850 1481 donec
884 1430 1075 1496 puella,
1112 1447 1217 1497 qua
1259 1439 1370 1480 erat
1402 1428 1629 1495 levitate,
1664 1445 1805 1482 novo
1840 1443 1982 1480 ama-

275 1528 380 1581 tori
416 1528 617 1596 copiam
654 1527 736 1578 sui
771 1525 933 1577 daret.
1004 1503 1142 1578 Tum
1176 1527 1368 1594 scripta
1405 1526 1566 1593 elegia
1600 1527 1640 1591 Ι,
1679 1531 1728 1576 6.
1773 1542 1855 1577 me
1898 1524 1981 1575 iu-

279 1622 414 1687 dice,
471 1625 651 1675 ultima
696 1621 754 1673 in
795 1625 897 1675 hoc
941 1640 1140 1688 amore,
1190 1633 1348 1690 poeta
1383 1632 1692 1690 congerente
1724 1620 1982 1691 quidquid

279 1737 487 1772 severae
517 1718 832 1772 hortationis
866 1730 1064 1771 restare
1099 1719 1368 1773 videretur
1397 1718 1738 1771 'ad-extrema
1771 1717 1980 1769 red-acto

278 1815 486 1864 amanti.
557 1813 662 1865 Sed
702 1831 810 1866 non
854 1817 1076 1866 multum
1117 1815 1346 1866 effecisse
1387 1811 1610 1869 videtur.
1683 1813 1838 1864 Certe
1872 1815 1981 1864 De·
2070 1882 2077 1888 .,

276 1910 348 1961 lia
387 1921 505 1978 post
549 1911 677 1962 haec
723 1911 904 1962 relicta
954 1922 1045 1964 est.
1117 1914 1288 1981 Atque
1336 1915 1466 1964 haec
1511 1929 1627 1963 mea
1667 1921 1749 1961 est
1790 1908 1854 1961 de
1891 1925 1982 1960 ‘or-

279 2005 400 2056 dine
434 2007 623 2056 barum
658 2007 941 2072 elegiarum
984 2007 1266 2072 sententia,
1318 2025 1476 2077 quam
1507 2003 1748 2075 pluribus
1781 2005 1984 2066 firmavi

277 2101 334 2149 in
370 2098 849 2152 Introductionibus
887 2101 953 2151 ad
989 2102 1190 2166 singula
1226 2102 1471 2153 carmina.
1544 2099 1813 2163 Quaedam
1845 2109 1983 2150 recte

278 2194 410 2247 vidit
449 2196 755 2259 Passovius,
809 2196 898 2247 sed
941 2197 1125 2262 elegias
1168 2199 1208 2262 Ι,
1245 2203 1295 2247 2.
1338 2201 1388 2248 5.
1430 2201 1479 2248 6.
1527 2198 1662 2247 male
1707 2194 1984 2247 ordinavit.

277 2290 433 2342 Nunc
468 2308 629 2356 pergo
671 2288 735 2340 ad
771 2292 1056 2359 sequentia.
1127 2292 1265 2342 Ann.
1303 2297 1424 2343 727.
1468 2291 1696 2341 Messala
1728 2288 1883 2341 rediit
1918 2305 1985 2340 ex

282 2387 496 2441 Oriente
529 2398 579 2438 et
610 2386 659 2438 d.
684 2388 888 2439 XXIV.
913 2387 1055 2456 Sept.
1085 2387 1148 2439 de
1175 2388 1452 2457 Aquitanis
1474 2387 1837 2455 triumphavit3
1874 2403 1984 2438 non

282 2485 371 2538 diu
408 2496 528 2553 post
563 2485 671 2536 dies
705 2484 891 2536 natalis
926 2486 1037 2536 eius
1072 2483 1314 2535 incidisse
1346 2485 1576 2549 videtur,
1607 2501 1766 2554 quem
1800 2484 1983 2535 Tibul-‘-

280 2583 363 2633 lus
394 2582 554 2648 elegia
579 2581 795 2647 septima
823 2578 1118 2632 celebravit.
1193 2579 1345 2630 Circa
1370 2582 1498 2631 haec
1526 2591 1760 2647 tempora
1793 2580 1984 2647 scripta

283 2677 437 2729 etiam
472 2676 714 2731 videntur
749 2676 977 2729 carmina
1013 2677 1070 2726 in
1103 2677 1422 2727 Marathum.
1493 2676 1770 2729 Passovius
1807 2693 1869 2726 ea
1900 2691 1993 2734 ce-1

280 2773 404 2823 teris
458 2774 637 2841 priora
687 2773 877 2836 stat-uit,
932 2770 1076 2840 quod
1131 2789 1237 2822 non
1295 2771 1449 2823 credo
1502 2790 1708 2824 verum.
1796 2771 1983 2841 Neque

285 2869 422 2920 enim
483 2885 616 2935 puer
665 2869 915 2920 amaverit
964 2883 1187 2934 puerum
1241 2879 1329 2919 aut
1375 2868 1632 2935 ‘fingendis
1688 2869 1987 2922 huiusmodi

286 2963 550 3014 amoribus
589 2972 736 3030 aptus
777 2963 960 3025 fuerit,
1013 2962 1104 3013 sed
1142 2964 1319 3031 potius
1363 2975 1483 3032 post
1524 2966 1709 3016 Deliae
1751 2983 1986 3018 amorem

289 3062 405 3108 cum
453 3067 658 3109 vacaret
705 3058 1008 3109 melioribus
1053 3059 1288 3110 sensibus
1337 3077 1434 3110 nec
1479 3056 1708 3127 puellam
1753 3063 1984 3126 haberet,

290 3136 356 3203 ad
389 3155 486 3204 hos
520 3153 736 3203 frivolos
773 3154 919 3204 lusus
956 3151 1155 3203 delatus
1193 3163 1292 3219 est,
1325 3164 1377 3205 et
1404 3167 1679 3222 praecepta
1702 3157 1824 3207 artis
1853 3155 1985 3207 didi-

289 3249 382 3311 cit,
430 3266 461 3297 a
511 3264 616 3315 qua
659 3247 784 3298 olim
833 3247 1032 3298 alienus
1085 3260 1209 3300 erat.
1283 3247 1542 3303 Convenit
1589 3251 1730 3302 nitor
1771 3251 1986 3318 insignis

287 3346 479 3395 horum
503 3341 821 3393 carminum.
905 3343 1043 3392 Ann.
1090 3349 1208 3394 728.
1258 3342 1342 3396 edi
1384 3345 1556 3412 potuit
1596 3345 1729 3396 liber
1772 3348 1986 3413 primus.
2053 3352 2068 3414 ,ξ

291 3437 459 3505 Atque
494 3439 621 3489 haec
663 3437 871 3511 quidem
909 3437 972 3489 de
1010 3440 1106 3490 his.

2071 1969 2086 2036 ἑ

2074 2165 2086 2190 ,1

2057 2679 2086 2730 ”3

2056 3051 2076 3139 ξ

2056 3203 2074 3331 ³

2073 2238 2086 2354 Ξ

2070 2506 2086 2688 1

2063 3066 2076 3200 ³2

2065 3285 2072 3339 3
