2158 3750
692 265 875 319 LIBR.
913 267 978 318 11.
1047 266 1250 320 ELEG.
1289 267 1379 319 ΙΙΙ.
1782 278 1884 323 237

179 409 422 465 praesentia
455 407 678 462 Nemesis„
717 408 795 452 sed
825 409 1038 462 virentes,
1070 409 1220 463 quales
1251 414 1351 452 sunt
1381 422 1513 454 verno
1545 414 1753 468 tempore.
1817 414 1881 457 Ac

177 490 365 534 virentes
403 492 531 535 etiam
574 492 842 535 Huscuxms
888 494 1221 549 interpretatur,
1274 507 1530 549 quamquam
1561 508 1646 539 non
1687 498 1886 550 cogitans

179 574 234 617 de
265 580 412 618 nostra
441 577 575 619 totius
606 576 689 618 loci
721 576 1089 630 interpretatione.
1167 576 1332 619 Notum
1362 590 1466 619 vero
1498 577 1624 619 latus
1655 582 1700 620 et
1731 576 1884 620 laetus

177 659 427 700 solemniter
464 658 666 701 confundi
698 658 740 699 in
772 657 915 708 libris,
963 656 1047 698 vid.
1081 657 1231 699 Banu.
1264 657 1320 700 ad
1350 658 1477 701 ovid.
1507 657 1647 714 Epist.
1678 658 1779 712 ΧΠ,
1812 662 1885 704 46.

178 743 322 793 Atque
356 739 459 782 haec
490 739 662 794 quidem
693 738 748 780 de
780 736 990 793 epitheto.
1028 737 1119 784 ,Ad
1151 752 1190 780 v.
1222 742 1262 781 4.
1295 739 1350 781 ab
1383 741 1576 784 ΗΕΥΝιο
1609 749 1887 798 comparatur

176 826 311 867 Amor
349 838 475 866 arans
515 823 630 879 apud
672 822 903 864 Moscnmu
945 827 1078 875 atque
1123 823 1252 865 etiam
1297 825 1339 866 in
1381 828 1562 878 gemmis
1607 829 1792 883 passim3
1841 835 1887 872 at

176 922 262 951 non
302 908 371 950 hic
409 920 560 949 sensus
600 907 659 948 ibi
702 905 879 958 subest,
922 905 1000 948 sed
1034 907 1177 961 potius
1209 907 1262 949 ad
1295 916 1531 952 amatorem
1563 912 1767 956 alluditur
1797 915 1885 969 qui,

176 998 225 1033 ut
255 1004 356 1033 mox
386 990 586 1031 Tibullus
615 988 771 1041 faciet,
813 988 1000 1030 rusticos
1030 987 1202 1030 labores
1233 1002 1317 1031 non
1351 996 1522 1034 recusat
1553 1000 1729 1050 propter
1759 999 1885 1053 puel-

174 1074 273 1115 lam.
344 1073 575 1114 Postremo
622 1070 677 1112 ad
723 1074 864 1113 totum
907 1069 1052 1113 locum
1101 1084 1201 1113 cum
1244 1073 1339 1114 aliis
1385 1074 1537 1117 confer
1583 1077 1882 1135 imitationem,

175 1169 303 1212 quam
348 1156 525 1209 elegans
577 1158 707 1209 poeta
754 1153 1009 1196 Hssucumss
1049 1153 1268 1196 S'rnozm
1321 1153 1452 1198 habet
1500 1157 1594 1202 libr.
1627 1159 1662 1202 Ι.
1711 1162 1883 1206 Amorr-

176 1239 290 1294 eleg.
325 1241 366 1281 1.
426 1237 579 1291 „Rura
610 1240 714 1292 peto
744 1236 973 1290 valeatque
1005 1235 1143 1279 forum
1175 1238 1432 1292 valeantque
1463 1242 1661 1297 sodales3
1703 1245 1764 1287 Et
1793 1247 1885 1290 Ve-

174 1337 255 1366 nus
285 1327 332 1366 et
358 1322 546 1383 Veneris
576 1321 707 1364 cessit
737 1322 779 1363 in
809 1334 910 1364 arva
942 1334 1062 1377 puer.
1122 1312 1271 1367 Pascit
1303 1324 1435 1366 Amor
1466 1339 1624 1381 pecus,
1655 1333 1701 1370 at
1730 1342 1882 1372 nume-

172 1420 268 1450 rum
302 1378 518 1461 Cytherea
553 1408 779 1457 recenset;
820 1403 1009 1448 Vomere
1050 1403 1158 1447 dura
1196 1407 1318 1459 gravi
1359 1406 1510 1460 iugera
1540 1409 1663 1451 findit
1694 1410 1880 1464 Hymen.

172 1488 234 1532 Et
261 1489 475 1532 dominam
505 1489 712 1531 mirantur
739 1499 873 1542 oves,
902 1487 1207 1543 dominumque
1238 1490 1480 1544 volucrem,
1513 1493 1774 1548 vicinasque
1805 1508 1882 1538 ru-

172 1570 239 1614 dis
268 1570 477 1614 combibit
504 1583 618 1625 agna
647 1569 779 1613 faces.
839 1571 947 1614 Plus
986 1570 1117 1614 solito
1149 1571 1349 1627 petulans
1390 1573 1503 1616 aries
1534 1575 1657 1629 salit,
1704 1577 1878 1633 ictaque

172 1657 302 1699 tellus
340 1655 488 1700 Sentit
524 1655 684 1699 aratori
725 1667 882 1699 numen
913 1656 1057 1699 inesse
1093 1656 1221 1699 su0.“
1249 1678 1306 1689 —
1355 1657 1407 1701 V.
1440 1663 1469 1701 5
1501 1672 1566 1714 sq.
1629 1674 1746 1704 cum
1791 1663 1882 1707 ad-

171 1738 473 1793 spicerem.
531 1736 718 1780 Temere
748 1737 940 1782 Vossms
972 1745 1024 1779 ut
1057 1738 1253 1794 scripsit,
1306 1753 1386 1784 nec
1417 1742 1580 1785 arridet
1612 1743 1714 1785 dam
1749 1747 1880 1790 etiam

174 1821 229 1864 ab
261 1821 504 1864 liuscmuo
540 1820 722 1876 aliisque
750 1821 1015 1877 repositum,
1062 1821 1192 1864 immo
1228 1823 1367 1865 rarior
1395 1823 1592 1867 iunctura
1623 1824 1748 1870 huius
1777 1843 1881 1885 par-

171 1905 330 1947 ticulae
370 1917 467 1948 cum
510 1903 755 1960 imperfecti
796 1903 1096 1955 coniunctivo,
1144 1904 1427 1959 scriptoribus
1475 1907 1550 1949 ubi
1593 1908 1687 1950 fieri
1734 1914 1880 1965 potest

171 1986 264 2030 sere
305 2001 403 2028 cum
445 1983 810 2042 praeferentibus¹
863 1985 1007 2040 Igitur
1044 1989 1270 2028 teneamus
1306 2001 1419 2028 cum.
1479 1988 1649 2045 Nempe
1691 2004 1776 2032 non
1817 1993 1880 2034 sic

170 2069 226 2112 ad
274 2069 655 2130 unumvidemque
705 2048 969 2111 momentum
1020 2068 1228 2123 temporis
1274 2069 1491 2124 pertinere
1540 2072 1632 2113 vult
1679 2072 1878 2115 Tibullus

168 2153 311 2195 verbe*
334 2149 604 2209 adspicerem
645 2155 688 2194 et
729 2154 972 2198 versarem,
1018 2150 1138 2204 quasi
1181 2152 1348 2194 nonnisi
1379 2151 1492 2195 inter
1528 2153 1722 2207 labores,
1763 2155 1878 2197 iuter

168 2231 336 2279 calores
363 2234 469 2278 solis
498 2234 723 2290 adspicere
747 2234 843 2281 ‚ruri
883 2234 1030 2289 cupiat
1062 2233 1304 2287 dominam,
1355 2236 1470 2289 quod
1503 2242 1620 2279 esset
1653 2236 1756 2278 dam
1790 2237 1877 2278 ad—

167 2317 399 2375 spicerem,
445 2318 500 2361 cf.
532 2319 724 2362 Vnam.
755 2318 924 2372 Georg.
959 2317 1037 2370 lv,
1068 2320 1198 2371 45⁷»,
1242 2317 1320 2360 sed
1365 2318 1492 2360 latior
1535 2324 1601 2361 est
1632 2321 1878 2362 necessario

170 2413 334 2444 sensus.
397 2400 507 2443 Cum
535 2401 629 2462 ruri
650 2411 840 2452 versans,
872 2399 950 2454 eit,
979 2399 1246 2455 adspicerem
1275 2400 1458 2442 subinde
1487 2401 1716 2455 dominam,
1748 2416 1876 2457 quam

171 2487 344 2530 fortiter
374 2498 452 2542 pro
481 2484 561 2528 hac
591 2476 800 2529 felicitate
830 2484 1085 2529 durissimos
1116 2485 1287 2528 labores
1314 2486 1500 2528 subirem
1536 2486 1778 2541 (miilzrend
1804 2488 1879 2530 ich

170 2585 227 2610 zu
259 2568 416 2612 Zeiten
446 2567 636 2609 schaute
677 2565 746 2608 die
778 2565 973 2614 Her-rin,
1022 2566 1102 2608 wie
1142 2567 1323 2625 tiiclztig
1366 2567 1512 2609 wollte
1556 2567 1628 2608 ich
1672 2567 1880 2628 iibrigens

169 2650 407 2706 arbeiten).
471 2652 617 2706 Atque
652 2649 736 2695 hoc
780 2654 971 2706 praestat
1016 2650 1226 2706 particula
1267 2664 1389 2695 cum,
1436 2650 1640 2694 differens
1671 2649 1752 2695 hoc
1780 2653 1878 2709 ipso

166 2734 338 2777 nomine
371 2746 395 2775 a
429 2710 546 2775 dum.
606 2732 684 2775 Sic
714 2731 814 2777 Tib.
845 2732 879 2785 I,
915 2735 986 2784 10,
1022 2735 1102 2774 15:
1153 2730 1338 2773 aluistis
1370 2740 1414 2772 et
1457 2733 1597 2786 idem,
1643 2723 1878 2777 Cu⁴rsarem

166 2822 340 2857 vestros
373 2829 472 2855 cum
504 2821 774 2866 tener-ante
812 2813 970 2871 pedes,
1021 2827 1105 2856 non
1145 2819 1318 2870 poterat
1350 2815 1459 2858 bene
1491 2817 1600 2860 dici:
1652 2832 1877 2861 curs-arem

166 2905 339 2939 vestros
370 2896 475 2937 dum
506 2903 631 2939 tenet
658 2903 766 2937 ante
792 2896 950 2952 pedes,
995 2898 1115 2951 quasi
1148 2910 1327 2952 puerum
1362 2900 1528 2941 nonnisi
1560 2901 1672 2943 inter
1702 2913 1875 2945 cursum

166 2981 363 3024 aluerint.
435 2979 529 3022 Nec
559 2992 600 3023 V.
632 2983 675 3022 7.
707 2978 809 3035 ibid.
843 2978 979 3022 dixin
1020 2993 1098 3019 nec
1131 2977 1247 3020 bella
1283 2979 1515 3037 suerunt,
1556 2982 1762 3041 Faginus
1793 2983 1880 3024 ad-

168 3062 324 3104 stabat
358 3062 462 3103 <lum
493 3060 692 3118 scyphus
717 3069 829 3103 ‘ante
865 3062 1026 3118 dapes,
1070 3064 1186 3118 quod
1218 3065 1411 3121 ineptum
1442 3065 1594 3108 fuisset
1613 3097 1624 3118 ‚
1655 3066 1731 3110 sed
1765 3083 1879 3110 cum.

167 3146 309 3188 Recte
332 3157 435 3188 vero
463 3144 566 3184 clam
598 3142 666 3186 hic
689 3145 832 3187 statim
859 3145 1003 3200 paullo
1035 3150 1135 3201 post
1166 3159 1208 3189 v.
1232 3150 1302 3190 19.
1337 3149 1508 3201 legitur.
1570 3149 1694 3192 Haec
1727 3148 1879 3194 hacte-

167 3240 262 3272 nus,
292 3250 352 3259 —
402 3229 708 3271 Versat-em
741 3228 923 3271 solnm
953 3227 1008 3270 ad
1039 3229 1184 3272 vineas
1216 3231 1378 3274 traham
1414 3246 1511 3275 cum
1544 3234 1732 3287 Vossm,
1766 3248 1879 3288 quae

168 3313 341 3368 saepius
374 3313 649 3356 vertebantur
681 3311 880 3365 bidente,
911 3326 936 3355 a
967 3314 1111 3356 multis
1143 3319 1236 3369 ter,
1267 3316 1321 3358 ab
1352 3318 1628 3372 aequinoctio
1661 3332 1816 3372 veruo,
1851 3335 1877 3361 a

167 3395 456 3451 Vergiliarum
497 3402 652 3440 exortu
695 3396 775 3439 sub
813 3396 980 3441 initium
1020 3398 1155 3452 Iunii,
1202 3405 1245 3444 et
1290 3400 1419 3444 Canis
1462 3407 1560 3445 ortu
1603 3403 1876 3457 nigrescente
