2158 3750
698 251 1004 311 TIBULLl
1064 251 1205 310 LIB.
1241 249 1281 307 I.
1313 260 1361 309 5.
1788 251 1865 309 19

244 410 323 467 Εἰ·
351 422 567 467 tantum
606 421 867 467 venerata
906 407 1124 478 virum,
1181 405 1333 465 hunc
1360 403 1574 464 *sedula
1616 421 1804 476 curet,

326 517 471 576 Huic
516 530 679 598 paret
722 528 889 595 atque
935 513 1130 596 epulas
1173 515 1314 597 ipsa·
1341 513 1597 574 ministra
1643 529 1816 594 gerat.

171 641 230 684 35
244 627 398 685 Haec
419 624 560 684 mihi
576 621 887 702 fingebam,
914 644 1058 703 quae
1081 646 1236 682 nuuc
1258 622 1558 706 Eurusque
1580 624 1875 706 Notusque

323 734 496 792 Iactat
540 729 808 789 odoratos
853 742 979 786 vota
1018 751 1122 810 per
1160 730 1478 790 Armenios,

240 839 422 921 Saepe
461 859 567 917 ego
613 835 820 896 tentavi
865 859 1030 894 curas
1074 835 1354 918 depellere
1398 837 1560 896 vino:

327 948 404 1005 At
447 944 614 1005 dolor
647 945 709 1005 in
751 942 1014 1005 lacrimas
1059 959 1299 1005 verterat
1344 969 1510 1005 omne
1556 969 1789 1006 merum.

243 1055 424 1136 Saepe
469 1052 637 1114 aliam
674 1053 859 1114 tenui:
913 1053 1016 1113 scd
1058 1053 1172 1114 iam
1217 1077 1346 1114 cum
1392 1053 1603 1135 gaudia
1647 1054 1880 1130 adirem,

171 1179 233 1226 40
330 1162 648 1223 Admonuit
692 1162 958 1222 dominae
1004 1161 1365 1245 deseruitque
1410 1165 1620 1227 Venus.

239 1275 404 1333 Tunc
447 1295 538 1332 me
582 1271 884 1332 discedens
927 1271 1190 1332 devotum
1233 1271 1447 1332 femina
1489 1270 1662 1346 dixit,

325 1382 399 1441 Et
440 1380 618 1464 pudet
656 1395 709 1442 et
747 1394 946 1440 narrat
989 1380 1132 1440 scire
1172 1379 1423 1440 nefanda
1458 1403 1599 1440 mea.

241 1492 372 1550 Non
421 1489 560 1550 facit
601 1488 711 1549 hoc
754 1487 972 1560 verbiS‚
1029 1487 1175 1546 facie
1219 1489 1541 1570 tenerisque
1585 1487 1807 1548 lacertis

333 1600 584 1658 Devovet
629 1611 682 1656 et
714 1595 874 1656 flavis
921 1609 1116 1655 nostra
1160 1594 1351 1678 puella
1393 1595 1588 1681 comis,

176 1724 235 1769 45
253 1705 408 1767 Talis
447 1705 523 1766 ad
564 1703 945 1765 Haemonium
989 1703 1186 1763 Nereis
1230 1702 1398 1763 Pelea
1436 1684 1735 1786 'quondam

332 1818 506 1875 Vecta
548 1827 632 1873 est
671 1812 930 1872 fraenato
976 1810 1201 1871 caerula
1239 1811 1395 1894 pisce
1440 1811 1654 1873 Thetis,

251 1924 405 1983 Haec
431 1944 678 1983 nocuere
716 1920 874 1994 mihi,
910 1920 1067 2004 quod
1099 1919 1260 1980 adest
1285 1919 1420 1979 huic
1452 1919 1607 1980 dives
1641 1933 1886 1981 amator:

331 2023 502 2091 Venit
536 2030 605 2090 vin
649 2029 877 2089 exitium
922 2027 1126 2089 callida
1171 2027 1299 2088 lena
1342 2051 1549 2089 meum.

252 2138 608 2220 Sanguineas
654 2137 785 2198 edat
826 2136 922 2197 illa
963 2136 1140 2220 dapes
1182 2151 1348 2220 atque
1394 2159 1492 2197 ore
1532 2150 1767 2197 cruento

182 2264 243 2307 50
342 2246 552 2307 Tristia
596 2268 724 2306 cum
765 2244 942 2304 multo
986 2243 1191 2327 pocula
1236 2244 1363 2304 felle
1401 2244 1592 2308 bibat:

256 2357 418 2414 Hanc
462 2352 694 2413 volitent
738 2353 959 2412 animae
1002 2352 1214 2412 circuni
1258 2375 1361 2411 sua
1407 2352 1521 2411 fata
1563 2365 1863 2433 querentes

335 2463 604 2544 Semper,
668 2476 722 2521 et
758 2484 788 2520 e
834 2460 990 2521 tectis
1036 2460 1172 2519 strix
1217 2458 1461 2519 violenta
1507 2473 1700 2519 canat:

259 2573 388 2652 Ipsa
432 2570 580 2629 fame
626 2568 948 2628 stimulante
1007 2567 1203 2627 furens
1250 2567 1571 2648 herbasque
1615 2564 1892 2649 sepulcris

338 2681 591 2761 Quaerat
635 2693 687 2739 et
732 2702 763 2737 a
804 2677 983 2738 saevis
1024 2700 1154 2737 ossa
1198 2675 1391 2735 relicta
1428 2673 1611 2757 lupiS,

184 2803 243 2847 55
258 2791 463 2850 Currat
505 2802 559 2848 et
600 2785 937 2868 inguinibus
980 2785 1151 2845 nudis
1190 2783 1480 2867 ululetque
1513 2804 1618 2866 per
1662 2781 1868 2854 urbes,

347 2897 484 2958 Post
526 2909 656 2977 agat
699 2918 728 2955 e
767 2893 943 2955 triviis
988 2917 1188 2977 aspera
1234 2893 1400 2954 turba
1449 2914 1671 2953 canum.

308 3094 362 3137 V.
380 3095 452 3135 41.
498 3091 803 3135 discedens
839 3091 1104 3135 devotum
1146 3092 1313 3149 optimi.
1377 3091 1586 3133 devotum
1629 3088 1895 3132 descendens

191 3186 236 3221 et
266 3177 527 3221 descendens
558 3176 764 3218 devotum
794 3177 879 3219 alii.
904 3200 960 3209 —-
1024 3178 1076 3221 V.
1097 3180 1170 3222 42.
1210 3183 1266 3220 et
1306 3182 1517 3227 narrat.
1580 3179 1654 3221 Pr.
1685 3183 1731 3217 et
1763 3176 1895 3230 vulgo

190 3264 350 3317 legitur
380 3261 493 3304 heu!
545 3260 600 3303 de
630 3259 878 3302 coniectura
909 3261 1180 3304 Scamemu.
1214 3284 1268 3292 —
1332 3270 1466 3305 mea.
1530 3261 1756 3304 Assentior
1795 3260 1897 3301 viris

192 3346 354 3394 doctis,
397 3345 468 3407 qui
505 3356 643 3383 meam
680 3340 950 3384 scribendum
983 3348 1254 3384 censuerunt.

1322 3424 1407 3475 2*
