2086 3756
848 221 891 270 T
894 219 1149 276 IBULLI.
1752 241 1840 274 xm

139 368 462 428 mortemque
498 374 910 430 praematuram,
944 364 1175 418 habendi
1219 365 1495 435 cupiditate
1533 369 1840 431 arcessitam,

140 463 190 502 et·
242 456 536 508 felicitatem
587 459 808 509 rusticae
857 460 994 511 vitae
1041 462 1100 512 in
1149 479 1276 529 pace
1328 463 1498 526 actae⁸‚
1553 463 1840 529 nititurque

138 556 245 597 tota
286 550 435 600 istius
474 552 665 616 elegiae
713 554 792 605 vis
834 555 931 605 hac
969 557 1316 624 oppositione.
1399 549 1601 608 Similia
1635 557 1692 606 in
1728 557 1841 607 aliis

137 643 467 708 sequentium
496 647 776 710 elegiarum
811 646 1005 700 videas.
1076 649 1215 700 Nam
1242 669 1398 703 carm.
1423 654 1464 716 Ι,
1496 657 1545 704 1.
1577 669 1694 702 cum
1724 652 1842 702 nol-

134 735 207 785 let
241 736 518 788 Messalam
551 739 610 789 in
644 742 840 791 bellum
873 742 1143 794 Actiacum
1181 747 1444 812 comitari,
1492 748 1564 800 sic
1609 746 1839 801 orditur:

278 832 502 884 Divitias
539 835 671 886 alius
704 837 851 889 fulvo
889 837 991 887 sibi
1030 851 1275 904 congerat
1309 859 1456 906 auro,

349 929 420 979 Et
453 940 628 982 teneat
662 933 790 982 culti
821 933 1003 1000 iugera
1037 937 1202 986 multa
1237 938 1351 1001 soli,

277 1021 449 1086 Quem
483 1028 636 1079 labor
670 1028 926 1095 assiduus·
943 1032 1117 1085 vicino
1154 1043 1347 1094 terreat
1381 1034 1548 1098 hoste,

347 1122 540 1174 Martia
574 1127 659 1176 cui
697 1143 922 1190 somnos,
947 1130 1158 1181 classica
1191 1132 1345 1198 pulsa
1384 1133 1595 1196 fugent:

275 1219 366 1269 Me
401 1236 518 1271 mea
551 1235 832 1290 paupertas
865 1227 1004 1279 vitae
1038 1227 1275 1278 traducat
1308 1230 1481 1292 inerti,

346 1317 495 1367 Dum
529 1335 675 1370 meus
711 1321 919 1373 assiduo
954 1323 1127 1374 luceat
1161 1323 1280 1388 igne
1316 1325 1483 1375 focus.

136 1410 210 1460 Ac
259 1422 499 1462 versatur
547 1413 702 1464 etiam
745 1415 845 1466 ista
893 1417 1054 1482 elegia
1100 1435 1268 1485 usque
1319 1416 1387 1468 ad
1432 1419 1589 1468 finem
1633 1417 1690 1467 in
1742 1416 1839 1466 hac

134 1505 463 1570 oppositione
496 1506 820 1560 illustranda.
892 1509 1100 1560 Deinde
1137 1528 1254 1561 cum
1294 1512 1351 1561 in
1388 1510 1620 1579 Corcyra
1660 1527 1840 1575 aegro-

133 1611 287 1664 taret,
338 1602 439 1652 alio
475 1603 634 1655 modo
669 1606 920 1672 significat
951 1605 1090 1659 idem
1125 1609 1164 1671 I,
1205 1613 1269 1671 3.,
1306 1625 1524 1659 aureum
1559 1607 1840 1671 saeculum,
1878 1658 1890 1664 ‚

132 1696 225 1746 ubi
272 1713 382 1748 non
431 1698 627 1750 bellum
675 1717 771 1751 nec
821 1700 1053 1757 habendi
1100 1701 1356 1768 cupiditas
1407 1712 1544 1764 erat,
1604 1699 1840 1762 laudans,

133 1789 259 1839 dum
298 1792 397 1842 sibi
436 1791 663 1845 reditum
709 1793 775 1845 ad
821 1796 1025 1863 patrios
1061 1796 1227 1847 Lares
1274 1808 1536 1864 precatur.
1617 1797 1684 1845 Et
1724 1797 1839 1846 iure

133 1885 343 1954 quidem
377 1889 506 1939 haec
543 1893 735 1942 omnia.
808 1890 978 1954 Quam
1015 1894 1166 1944 iuvat
1201 1893 1345 1944 domi
1385 1894 1444 1945 in
1478 1894 1752 1944 securitate
1791 1902 1842 1942 et

133 1985 239 2034 otio
274 1985 450 2038 vivere
482 1989 776 2056 compositor
806 1991 1004 2041 laetum
1037 2009 1242 2055 acerve,
1278 1992 1372 2042 ubi
1394 1992 1508 2041 Pax
1538 2007 1662 2044 arva
1691 1984 1839 2041 colit!

845 2087 959 2136 Pax
998 2084 1218 2137 candida
1251 2086 1481 2153 primum

343 2179 516 2234 Duxit
550 2189 788 2232 araturos
825 2160 925 2233 sub
965 2182 1086 2249 iuga
1119 2182 1295 2252 panda
1335 2186 1513 2248 bove3‚

273 2271 388 2322 Pax
424 2275 552 2324 aluit
587 2276 719 2327 vites
757 2286 808 2326 et
841 2294 1023 2334 succos
1065 2278 1296 2330 condidit
1333 2295 1483 2341 uvae,
1566 2319 1569 2323 ,

343 2369 610 2422 Funderet
649 2382 709 2422 ut
742 2383 866 2426 nato
904 2384 1035 2425 testa
1072 2385 1292 2441 paterna
1327 2392 1559 2426 merum:

272 2467 404 2518 Pace
438 2466 623 2519 bidens
658 2486 944 2539 vomerque
978 2472 1176 2538 vigent,
1213 2484 1264 2526 at
1299 2474 1468 2524 tristia
1505 2472 1624 2530 duri

342 2561 525 2613 Militis
558 2565 616 2614 in
654 2568 882 2617 tenebris
924 2579 1145 2635 occupat
1185 2586 1330 2619 arma
1366 2570 1510 2632 sitm,

269 2639 514 2709 Rusticus
552 2676 580 2709 e
617 2660 856 2729 lucoque
871 2663 1038 2726 vehit,
1071 2664 1208 2713 male
1243 2665 1451 2715 sobrius
1489 2665 1618 2730 ipse,

341 2753 582 2804 Uxorem
614 2755 851 2822 plaustro
883 2760 1295 2826 progeniemque
1334 2757 1567 2809 domum.

63 2911 71 2920 Ι
134 2849 378 2918 Denique
434 2850 558 2902 hinc
617 2861 696 2924 est
752 2852 899 2922 quod
943 2855 1101 2905 Musa
1150 2855 1348 2905 Tibulli
1407 2854 1562 2905 etiam
1614 2851 1670 2902 in
1728 2855 1838 2904 bel-

67 2922 72 2930 ,
130 2946 232 2997 lico
269 2957 323 2998 et
359 2948 575 3014 politico
621 2962 926 3015 argumento
975 2951 1040 3003 ad
1081 2953 1276 3003 ruralia
1323 2962 1374 3003 et
1413 2962 1717 3018 pacatarum
1753 2968 1838 3000 re-

131 3058 252 3092 rum
289 3041 659 3112 descriptiones
695 3047 880 3097 transit
893 3057 1003 3109 ,lut
1040 3048 1164 3111 eleg.
1198 3048 1237 3110 Ι,
1278 3054 1325 3098 7.
1367 3056 1418 3097 et
1454 3048 1518 3111 II,
1557 3051 1606 3097 5.
1644 3046 1839 3095 factum

132 3138 449 3190 suavissime.
532 3139 668 3193 Satis
713 3139 777 3195 de
824 3142 924 3195 his.
1000 3143 1067 3194 Et
1115 3161 1254 3195 nunc
1305 3141 1532 3193 diximus
1581 3151 1838 3210 quantum

134 3248 266 3297 opus
311 3231 375 3283 de
416 3234 608 3286 rustica
643 3254 822 3288 rerum
858 3249 1006 3305 parte
1056 3238 1196 3305 apud
1238 3239 1526 3309 Tibullum.
1612 3238 1697 3287 Est.
1729 3240 1839 3285 sim-

131 3328 312 3391 plicitas
337 3346 489 3380 aurea
518 3308 561 3380 εἰ
589 3333 749 3384 hilaris
776 3335 1088 3400 tranquillitas
1116 3339 1235 3385 vitae
1264 3339 1482 3397 rusticae,
1524 3351 1612 3399 quo
1648 3332 1839 3381 redeunt
