2158 3750
298 293 363 336 72
690 279 1159 334 COMMENTAR.
1195 279 1269 331 ΙΝ
1308 278 1597 330 TIBULLI

298 439 506 470 aureae
549 423 944 479 simplicitate
987 422 1275 467 deflexam
1308 428 1364 466 et
1397 422 1649 466 habendi
1679 422 2000 480 cupiditati

298 523 356 552 uc
386 507 564 550 bellis
595 506 873 558 deditam,
903 503 1051 548 unde
1082 505 1246 548 mille
1277 505 1480 548 mortis
1512 504 1636 547 viae
1667 507 1845 548 ortae.
1907 505 2002 548 Sic

299 591 472 634 etiam
504 593 675 645 poeta
705 589 759 631 in
792 587 933 631 haec
968 589 1237 645 pericula
1268 589 1423 631 vitae
1456 588 1698 642 incidit,
1739 601 1766 631 e
1794 589 2001 643 quibus

298 685 439 714 nunc
482 671 673 714 Iovem
714 677 841 715 orat
871 676 930 715 ut
964 678 1260 728 servetur,
1304 674 1391 716 uti
1419 678 1592 716 antea
1622 671 1846 716 Isidem.
1903 672 2001 715 Ha-

297 756 372 798 bet
402 755 535 810 igitur
552 753 632 810 ¹‚hic
666 756 786 799 locus
828 755 1014 800 eundem
1050 756 1213 799 fontem
1256 769 1383 811 quem
1427 755 1762 809 antecedentes,
1806 754 2001 799 doiorem

297 838 395 882 dico
427 839 483 881 ob
516 839 754 898 periculum
788 841 902 883 vitae
933 854 1095 895 grave,
1126 843 1168 884 in
1202 854 1288 895 quo
1318 845 1448 896 poeta
1480 844 1689 883 versatur.

414 924 467 966 V.
499 927 590 977 35,v
634 925 887 967 Saturno
931 938 1083 980 rege.
1145 925 1471 980 Descriptiones
1515 935 1676 966 aureae
1718 921 1874 964 aetatis
1905 921 2005 977 plu-

295 1006 425 1047 rimas
458 1006 683 1062 poetarum
713 1005 915 1049 indicavit
950 1006 1311 1048 Bnoucxnusms
1344 1018 1612 1060 cognoscere
1645 1003 1865 1060 cupienti,
1895 1015 2004 1057 qna-

297 1103 391 1132 rum
422 1094 470 1132 ut
499 1091 583 1132 alia
614 1091 684 1132 alii
722 1091 819 1132 loco
852 1090 1080 1142 convenit,
1125 1090 1186 1131 ita
1219 1087 1325 1132 haec
1358 1103 1414 1131 ex
1448 1089 1699 1144 propositae
1732 1087 1901 1140 elegiae
1931 1099 2004 1128 ra-

297 1174 416 1214 tione
446 1173 618 1228 pendet.
682 1172 837 1226 Neque
879 1171 992 1213 enim
1021 1172 1114 1213 sine
1146 1172 1314 1212 ratione
1344 1172 1483 1212 varias
1514 1170 1638 1212 istius
1667 1170 1822 1221 aetatis
1853 1167 2003 1210 laudes

299 1257 517 1309 congessit
556 1261 713 1311 poeta,
758 1254 836 1297 sed
878 1267 931 1297 ea
974 1255 1119 1311 posuit
1159 1267 1275 1309 quae
1317 1254 1413 1296 finis
1455 1252 1581 1295 huius
1625 1251 1709 1294 loci
1747 1251 2006 1306 requIreret,

299 1354 423 1383 orsus
462 1340 518 1382 ab
562 1354 641 1394 eo,
684 1352 770 1395 quo
811 1344 967 1396 sponte
1014 1338 1181 1382 ferebat
1215 1339 1426 1394 cogitatio
1467 1341 1678 1382 remotum
1709 1349 1735 1379 a
1765 1335 1916 1403 patria.
1947 1358 2005 1367 —

298 1422 352 1465 in
382 1423 584 1478 longas
617 1424 750 1466 vias.
811 1423 1005 1466 Primum
1034 1425 1274 1478 generatim
1305 1423 1508 1477 loquitur,
1540 1427 1590 1465 ut
1620 1411 2004 1486 mr.m'fflmre

298 1507 404 1551 haec
443 1509 573 1551 verba
613 1508 668 1551 ad
699 1513 926 1551 terrestres
956 1513 1001 1551 et
1031 1509 1267 1551 maritimas
1299 1506 1674 1563 peregrinationes
1705 1494 1871 1561 pariter
1901 1516 2005 1560 per-

298 1589 436 1632 tinere
468 1595 584 1645 puta,
617 1596 769 1645 estque
799 1591 979 1633 tellus
1011 1591 1183 1634 omnino
1219 1589 1349 1632 orbis.
1411 1591 1648 1632 Pnorssn'r.
1666 1579 1813 1642 11‚2'2‚
1833 1591 1885 1632 52
1916 1590 2004 1630 Seu

292 1673 481 1730 pedibus
510 1675 712 1718 Parthos
741 1675 972 1734 sequimur
1002 1691 1080 1718 seu
1123 1674 1264 1717 classe
1297 1674 1545 1716 Britannos
1583 1680 1629 1714 et
1661 1673 1798 1716 maris
1832 1680 1878 1715 et
1910 1680 2004 1716 rer-

298 1772 376 1799 rae
407 1773 539 1799 caeca
563 1758 737 1815 pericla
766 1758 882 1805 viae.
943 1761 1008 1802 Ac
1039 1759 1225 1802 vidimus
1255 1759 1339 1801 iam
1370 1758 1426 1800 ad
1455 1759 1492 1811 I,
1525 1760 1567 1811 1,
1597 1759 1671 1799 26.
1704 1754 1804 1799 vias
1829 1755 2003 1810 omniuo

298 1841 353 1885 de
378 1842 607 1885 itineribus
639 1843 737 1886 dici.
801 1843 910 1886 Cum
952 1856 1056 1885 vero
1102 1842 1314 1904 Tibullus·
1348 1855 1462 1884 nunc
1501 1841 1546 1883 in
1589 1841 1806 1891 maritimo
1846 1839 2005 1887 itinere

298 1924 518 1978 morbum,
554 1938 640 1979 quo
670 1925 863 1978 laborat,
893 1924 1188 1975 contraxerit,
1216 1923 1260 1966 in
1291 1923 1570 1978 sequentibus
1597 1921 1679 1967 hoc
1710 1937 1882 1979 genere·
1900 1936 2004 1979 spe-

299 2007 466 2050 cialiter
507 2013 770 2063 occupatur,
809 2009 994 2051 alterum
1035 2021 1140 2050 vero
1183 2008 1342 2060 mittit;
1371 2007 1651 2070 ‘contrarium
1694 2006 1861 2050 faceret
1889 2006 1927 2050 si
1957 2006 2002 2048 iu

297 2091 580 2134 antecedente
611 2092 864 2145 Aquitanico
896 2091 1012 2134 bello
1043 2089 1150 2134 haec
1179 2091 1450 2146 scripsisset,
1487 2091 1621 2133 veluti
1653 2090 1792 2132 Ovn).
1830 2090 2001 2132 Amorr.

297 2174 357 2228 11,
389 2170 474 2227 16‚*
497 2178 564 2217 15.
608 2174 722 2230 apud
752 2175 962 2229 Pelignus
992 2174 1143 2216 Italiae
1177 2187 1376 2216 versans:
1422 2171 1616 2214 Solliciti
1644 2171 1824 2214 iaceant
1854 2178 2003 2213 terra-

302 2271 384 2313 que
409 2264 678 2312 premantur
708 2256 866 2315 iniqua
899 2256 946 2298 in
973 2256 1132 2316 longas
1161 2255 1304 2299 orbem
1335 2256 1413 2314 qui
1439 2269 1616 2298 secuere
1643 2254 1758 2300 vias.
1776 2280 1834 2288 —
1863 2256 2004 2299 Porro

301 2343 368 2381 est
397 2339 720 2395 patefacta,
768 2346 816 2383 ut
848 2341 977 2384 etiam
1010 2340 1183 2398 aperire
1213 2345 1404 2397 ponunt,
1435 2339 1492 2384 ef.
1523 2340 1821 2382 Huscmcmm.
1884 2338 2003 2381 Con-

299 2423 432 2466 trario
464 2423 592 2466 modo
625 2423 808 2466 clausae
841 2424 1044 2468 dicuntur
1076 2426 1295 2480 regioneS‚
1329 2423 1385 2467 ad
1416 2437 1523 2479 quas
1553 2423 1695 2466 aditus
1727 2435 1810 2465 non
1843 2427 1923 2465 est.
1945 2444 2003 2453 —-

298 2506 352 2549 V.
386 2509 457 2549 37.
499 2511 908 2554 contemserat.
970 2510 1189 2566 Usurpant
1222 2509 1400 2552 verbum
1433 2509 1487 2551 de
1518 2521 1597 2562 eo,
1643 2507 1715 2563 qui
1748 2520 1832 2548 non
1863 2506 2002 2550 timet.

300 2590 460 2634 IUVEN.
492 2591 550 2645 X,
583 2595 694 2634 123:
744 2592 924 2635 Antoni
949 2592 1128 2652 gladios
1155 2592 1309 2649 potuit
1345 2599 1642 2637 contemnere,
1687 2590 1728 2634 si
1759 2590 1824 2632 sic
1855 2590 2004 2631 omnia

299 2672 500 2715 dixisset.
564 2674 687 2716 Adde
734 2675 916 2718 Honm.
961 2674 1105 2730 Epod.
1150 2675 1228 2725 lv,
1274 2677 1342 2716 16.
1405 2675 1543 2717 VmG.
1591 2675 1756 2727 Georg.
1798 2671 1856 2725 ΙΙ,
1895 2675 2000 2714 360.

300 2755 492 2798 Hermo
535 2757 713 2798 verbum
744 2757 869 2798 nimis
902 2757 1176 2810 magnificum
1211 2769 1289 2812 pro
1321 2756 1597 2812 simplicitate
1629 2755 1792 2798 Tibulli
1823 2754 2003 2797 videba-

296 2842 392 2891 tur,
437 2838 552 2892 quod
596 2839 818 2882 crederem
860 2840 897 2882 si
940 2838 1043 2882 nihil
1086 2840 1168 2883 uisi
1208 2841 1392 2896 simplex
1432 2839 1659 2894 navigandi
1702 2840 1822 2883 notio
1853 2841 2002 2896 expri-

297 2920 451 2962 menda
482 2921 647 2964 fuisset.
721 2921 851 2969 Nunc¹
889 2927 1033 2966 autem
1076 2923 1159 2967 hoc
1203 2925 1331 2978 dicit,
1377 2925 1565 2968 nondum
1596 2929 1761 2968 tantum
1794 2923 2000 2967 audaciae

298 2999 498 3044 habuisse
524 3002 731 3055 homines,
762 3008 810 3045 ut
842 3005 1035 3059 pericula
1066 3007 1197 3048 maris
1229 3007 1347 3063 parvi
1379 3008 1618 3063 penderent
1650 3021 1754 3063 prae
1785 3007 1920 3051 lucro.
1939 3031 1998 3038 --

298 3086 617 3127 caeruleas.
680 3087 879 3129 Otiosum
923 3088 1002 3129 tibi
1043 3089 1258 3132 videbitur
1299 3089 1381 3133 lioc
1413 3091 1583 3146 epicum
1627 3089 1875 3146 epitheton,
1920 3088 1998 3132 sed

297 3182 380 3211 nou
413 3171 639 3223 assentior,
670 3171 743 3225 qui
774 3172 912 3213 otiosa
943 3171 1133 3228 epitheta
1162 3174 1218 3216 ab
1251 3171 1315 3216 his
1347 3175 1498 3229 elegiis
1526 3175 1665 3216 aliena
1691 3186 1787 3216 esse
1815 3171 1996 3214 videam.

296 3253 495 3296 Tibullus
526 3255 718 3309 dixerat,
762 3261 808 3298 ut
840 3258 1010 3311 monui,
1052 3258 1235 3315 primum
1269 3260 1504 3313 generatim
1543 3258 1598 3302 de
1629 3258 1709 3300 viis
1740 3258 1999 3312 longinquis,

297 3350 409 3379 nunc
443 3337 497 3379 de
529 3339 632 3380 mari
665 3339 912 3394 specialiter
943 3340 1061 3394 loqui
1099 3341 1203 3384 vult.
1266 3341 1381 3384 Hinc
1417 3342 1500 3384 iam
1537 3342 1682 3397 paullo
1725 3340 1862 3394 magis
1905 3353 1997 3381 am-

228 3417 237 3425 ”
298 3420 486 3475 plilicare
521 3426 563 3463 et
594 3421 805 3465 extollere
836 3421 966 3466 debet
999 3424 1214 3467 notionem
1249 3425 1390 3467 inarIs.
1426 3448 1490 3479 -,
1525 3423 1782 3467 Effusum
1814 3425 1994 3467 sinum
