2158 3750
583 277 765 329 LIBR.
801 276 895 328 IV.
968 274 1181 328 CARM.
1218 274 1366 326 XIV.
1710 277 1812 326 463

527 555 1120 616 CARMEN
1242 557 1414 616 XIV.

126 864 303 940 Miri
347 890 571 946 leporis
616 895 674 934 et
720 889 1077 933 urbanitatis
1118 888 1493 946 Epigramma.
1566 890 1820 946 Suspicatur

129 973 319 1016 Vossms
363 973 559 1030 praeludi
602 972 872 1028 gravioribus
914 974 1067 1028 elegiis
1112 973 1210 1016 libri
1254 975 1454 1027 secundi,
1503 974 1578 1018 ubi
1621 974 1821 1018 Nemesis

124 1057 346 1100 avaritiam
378 1061 423 1099 et
451 1057 696 1113 superbiam
735 1057 892 1101 acerbe
933 1058 1118 1112 castigat
1147 1058 1359 1103 Tibullus.
1423 1057 1521 1100 Non
1552 1057 1709 1111 credo;
1752 1057 1820 1099 ni-

123 1138 182 1182 hil
213 1140 351 1195 magis
380 1140 566 1183 alienum
605 1139 662 1183 ab
702 1141 787 1183 isto
817 1154 966 1184 amore
1009 1139 1073 1183 his
1113 1140 1320 1185 versibus.
1381 1140 1453 1184 Tu
1492 1153 1660 1183 mecum
1703 1139 1819 1192 Gly-

125 1235 270 1266 ceram
305 1223 513 1278 intellige.
585 1223 870 1278 Quidquid
916 1228 1032 1276 est,
1078 1227 1256 1279 poeta
1297 1227 1539 1279 peccata
1582 1220 1822 1264 nondum

123 1307 291 1361 plane
318 1312 477 1351 certa
506 1305 608 1350 hac
638 1307 903 1362 eleganti
934 1307 1193 1363 epistola
1223 1307 1440 1350 leniter
1470 1306 1685 1362 carpit,
1715 1317 1820 1347 non

123 1389 379 1444 puellae,
409 1387 507 1431 sed
536 1389 750 1431 rumori
780 1399 893 1431 rem
922 1387 1209 1431 tribuens.

243 1473 299 1517 V.
330 1476 373 1515 3.
413 1472 666 1515 Crimina
694 1471 871 1515 facta.
927 1471 1052 1514 Haec
1083 1476 1151 1513 est
1181 1471 1327 1523 lectio,
1361 1469 1440 1512 sed
1463 1469 1705 1513 emendatio
1731 1482 1818 1512 non

125 1557 252 1613 plane
278 1562 423 1610 certa3
457 1568 555 1598 nam
585 1555 839 1598 Pon'nnus
869 1552 996 1594 iacta
1026 1553 1236 1606 coniecit,
1265 1553 1338 1594 alii
1358 1551 1495 1607 ficta.
1557 1551 1684 1594 Mens
1716 1563 1820 1593 vero

124 1642 282 1693 poetae
322 1639 450 1681 clara.
523 1638 728 1680 Ceterum
769 1636 885 1680 conf.
924 1636 981 1679 de
1015 1637 1236 1679 locutione
1276 1634 1461 1677 crimina
1493 1633 1656 1691 facere
1699 1635 1823 1677 Pno-

126 1733 265 1766 rarvr.
296 1721 374 1776 lv,
403 1724 446 1777 4,
477 1723 549 1766 43.
582 1725 628 1764 et
657 1721 910 1764 Boanum.
939 1718 997 1764 ad
1030 1718 1158 1763 ovid.
1190 1718 1282 1762 Art.
1313 1717 1410 1762 Am.
1441 1716 1500 1769 ΙΙ,
1530 1719 1633 1760 633.
1663 1739 1723 1746 -

660 1958 705 2003 ·)(·
1221 1955 1267 2000 3(-

521 2286 895 2340 CARMEN
960 2286 1433 2341 PRIAPEUM

660 2434 799 2486 inter
837 2435 1051 2502 Priapea
1084 2450 1168 2482 nr.
1206 2437 1290 2484 82.

125 2624 295 2701 Notat
334 2651 598 2694 Sumen:
644 2649 861 2704 „Quidam
893 2650 1065 2694 nomine
1094 2650 1419 2703 Pansmzcvrus,
1463 2649 1536 2704 qui
1567 2648 1720 2692 aerarii
1749 2648 1830 2692 do-

133 2735 279 2778 minici
312 2734 493 2791 primum
525 2737 686 2786 custos»,
717 2731 799 2776 hoc
830 2738 898 2776 est
927 2733 1212 2791 dispensator,
1243 2739 1394 2791 postea
1427 2734 1692 2777 rusticationi
1724 2747 1832 2791 ope-

128 2832 220 2862 ram
261 2819 414 2872 dabat,
460 2817 541 2862 hoc
575 2817 853 2874 Epigramma
892 2818 996 2862 fecit
1038 2819 1215 2875 Priapo.
1277 2818 1408 2865 Quod
1451 2819 1622 2862 nomine
1665 2818 1829 2862 Tibulli

128 2901 172 2943 in
203 2901 391 2956 antiquis
420 2900 583 2943 Tibulli
623 2899 842 2943 codicibus
873 2900 1051 2944 inveniri
1083 2906 1128 2944 et
1158 2902 1231 2944 alii
1263 2902 1306 2944 in
1338 2901 1599 2945 editionibus
1630 2902 1718 2945 suis
1748 2901 1829 2944 ad-

133 2987 390 3025 monuerunt
421 2986 467 3024 et
502 2994 580 3024 nos
623 2981 737 3024 inter
765 2994 900 3037 opera
929 2981 1172 3025 Tibulliana
1203 2983 1247 3025 in
1277 2984 1439 3039 optima
1471 2982 1630 3027 scheda
1662 2984 1830 3039 reperi-

128 3074 238 3106 mus.
298 3064 460 3107 Dicunt
499 3068 642 3107 tamen
684 3065 875 3108 nonnulli
922 3070 1140 3122 repertum
1185 3066 1228 3109 in
1272 3080 1379 3122 agro
1421 3069 1631 3111 Patavino
1678 3068 1831 3110 litteris

129 3152 344 3190 vetustate
385 3159 523 3202 paene
562 3149 841 3203 consumptis.
902 3148 1032 3195 Quod
1073 3154 1216 3194 tamen
1258 3164 1343 3193 non
1384 3150 1564 3206 impedit
1609 3149 1710 3204 quin
1750 3149 1831 3191 Ti-

132 3231 238 3274 bulli
267 3244 363 3275 esse
393 3232 576 3288 possit.“
634 3230 747 3275 Vide
777 3232 902 3288 plura
928 3230 1042 3288 apud
1068 3233 1320 3278 Boanum.
1351 3235 1559 3278 Sssctmn.
1590 3234 1634 3276 in
1659 3231 1832 3276 Antliol.

131 3315 233 3359 Lat.
273 3316 327 3360 T.
364 3317 420 3359 11.
466 3331 511 3372 p.
538 3318 641 3359 55⁷.
703 3316 846 3360 Recte
887 3329 991 3360 vero
1035 3317 1283 3364 abiudicare
1326 3319 1525 3364 videntur
1570 3316 1652 3362 hoc
1697 3329 1835 3374 genus

133 3409 316 3453 poeseos
347 3398 526 3443 Tibullo
561 3398 916 3445 Bnoucxstms
945 3401 1104 3456 aliique
1136 3403 1321 3459 plurimi.
