2158 3750
265 220 346 276 50
771 211 1079 271 TIBULLI
1142 212 1283 269 LIB.
1317 212 1384 269 Il.
1417 226 1459 272 4.

334 373 410 431 At
448 370 586 430 mihi
614 392 716 451 per
750 366 979 428 caedem
1017 381 1069 425 et
1093 366 1316 426 facinus
1347 380 1480 426 sunt
1507 366 1660 426 dona
1692 367 1969 450 paranda,

413 481 498 540 Ne
541 480 753 537 iaceam
801 475 1050 536 clausam
1091 474 1296 535 flebilis
1333 489 1460 534 ante
1499 474 1761 536 domum:

328 588 445 646 Aut
486 585 705 667 rapiam
751 607 1029 667 suspensa
1068 584 1245 644 sacris
1288 583 1537 664 insignia
1579 582 1760 642 fanis:

417 693 532 754 Sed
576 695 770 754 Venus
818 707 946 753 ante
985 692 1124 753 alios
1175 708 1257 753 est
1299 691 1565 752 violanda
1608 691 1764 752 mihi.

260 818 319 862 25
336 802 438 862 Illa
481 801 696 862 malum
735 803 959 863 facinus
996 802 1196 863 suadet
1239 802 1644 885 dominamque
1687 823 1952 884 rapacem

418 913 531 971 Dat
577 911 747 972 mihi:
807 911 1110 992 sacrilegas
1155 911 1357 971 sentiat
1400 910 1496 970 illa
1540 933 1760 970 manus.

339 1019 391 1079 Ο
431 1035 650 1102 pereat,
700 1020 1026 1102 quicunque
1070 1018 1206 1100 legit
1247 1019 1571 1101 viridesque
1615 1016 1951 1097 smaragdos

416 1127 490 1186 Et
532 1127 751 1185 niveam
796 1126 974 1211 Tyrio
1020 1126 1235 1185 murice
1271 1126 1440 1206 tingit
1477 1149 1652 1184 ovem.

332 1238 440 1297 I-Iic
489 1237 586 1296 dat
626 1236 889 1295 avaritiae
936 1259 1135 1296 causas
1181 1250 1236 1296 et
1279 1235 1396 1295 Coa
1438 1233 1644 1317 puellis

262 1360 323 1404 30
422 1345 608 1406 Vestis
654 1359 708 1403 et
747 1368 776 1404 e
815 1344 995 1403 rubro
1038 1341 1230 1403 lucida
1276 1342 1495 1403 concha
1533 1341 1695 1402 mari.

334 1456 489 1514 Haec
534 1453 718 1513 fecere
759 1452 970 1512 malas:
1031 1452 1166 1512 hinc
1214 1450 1412 1512 clavim
1457 1451 1630 1510 ianua
1673 1449 1850 1509 sensit

415 1561 488 1622 Et
531 1561 716 1644 coepit
758 1575 947 1621 custos
987 1560 1198 1620 liminis
1240 1583 1360 1620 esse
1401 1559 1574 1622 caniS.

334 1671 479 1743 Sed,
522 1671 767 1753 pretium
814 1671 862 1729 si
909 1669 1125 1749 grande
1170 1669 1345 1741 feras,
1390 1666 1649 1728 custodia
1692 1666 1837 1725 victa
1878 1679 1977 1738 est,

418 1780 535 1839 Nec
576 1778 885 1861 prohibent
929 1776 1140 1850 claves,
1201 1791 1255 1835 et
1299 1775 1454 1835 canis
1500 1775 1623 1856 ipse
1663 1787 1824 1837 tacet.

266 1889 467 1947 35Heu
511 1887 838 1969 quicunque
886 1885 1044 1944 dedit
1088 1884 1329 1944 formam
1377 1882 1630 1944 caelestis
1675 1905 1904 1956 avarae,

422 1993 608 2074 Quale
653 1995 871 2054 bonum
907 1991 1098 2053 multis
1144 1992 1327 2052 attulit
1370 1991 1462 2052 ille
1508 1991 1701 2052 malis!

329 2103 479 2163 Hinc
524 2102 687 2163 fletus
732 2102 999 2185 rixaeque
1044 2116 1275 2174 sonant,
1333 2100 1473 2160 haec
1520 2099 1768 2183 denique
1806 2121 1977 2160 causa

415 2211 574 2271 Fecit
617 2225 680 2270 ut
722 2210 952 2270 infamis
997 2209 1091 2269 hic
1138 2209 1278 2269 deus
1326 2224 1471 2268 esset
1513 2207 1708 2268 Amor.

336 2318 412 2377 At
454 2318 586 2391 tibi,
641 2341 785 2401 quae
830 2317 1014 2400 pretio
1059 2317 1234 2378 victos
1280 2315 1531 2376 excludis
1578 2330 1860 2389 amanteS‚

268 2441 329 2489 40
427 2426 690 2509 Eripiant
729 2441 920 2509 partas
965 2440 1164 2486 ventus
1211 2440 1265 2485 ct
1305 2425 1456 2506 ignis
1499 2447 1667 2507 opes:

337 2537 498 2617 Quin
543 2551 639 2596 tua
682 2551 803 2596 tum
844 2536 1074 2595 iuvenes
1119 2548 1374 2617 spectent
1417 2533 1685 2594 incendia
1728 2532 1890 2607 laeti,

422 2646 541 2706 Nec
587 2645 891 2729 quisquam
934 2643 1194 2703 flammae
1241 2641 1473 2702 sedulus
1519 2641 1695 2701 addat
1739 2664 1945 2725 aquam

391 2908 444 2950 V.
463 2910 536 2952 30.
573 2908 719 2962 Vulgo
750 2921 779 2947 a
809 2909 975 2949 incerto
1006 2912 1197 2950 auctore.
1261 2907 1424 2963 Optimi
1458 2920 1528 2963 ap.
1558 2906 1891 2951 Licnmmmu
1928 2921 1980 2965 e3

272 2989 384 3033 adde
420 2991 548 3032 etiam
585 2989 818 3031 Huscmffl
856 2990 1193 3033 annotationem.

395 3110 448 3154 V.
468 3112 540 3151 36.
574 3108 662 3151 Pro
696 3108 881 3150 lectione
925 3108 1130 3150 librorum
1171 3107 1380 3149 attulit
1420 3107 1551 3148 Imm
1587 3104 1764 3145 addidit
1798 3106 1865 3147 vel
1898 3104 1980 3146 ab·-

277 3192 406 3237 didit.
478 3192 592 3234 Tum
632 3190 728 3232 libri
772 3190 862 3232 fere
904 3188 1024 3245 ipse,
1067 3191 1265 3232 Pnccms
1309 3189 1427 3232 ille.
1492 3188 1616 3230 Conf.
1653 3187 1707 3230 ad
1746 3187 1790 3242 1,
1822 3190 1874 3242 2,
1907 3193 1978 3232 60.

392 3313 446 3357 V.
466 3314 538 3356 40.
573 3308 808 3367 Diripiunt
841 3310 1169 3353 Bnouxuusms
1217 3323 1271 3354 ex
1309 3309 1428 3353 librIs
1467 3309 1626 3353 nullius
1666 3309 1946 3353 auctoritatis,
