2158 3750
675 268 859 322 LIBR:
893 271 933 322 Ι.
1003 268 1206 322 ELEG.
1245 270 1335 322 111.
1790 273 1851 318 75

151 421 242 463 no,
289 415 515 466 postquam
559 414 729 456 evanuit
770 414 852 457 iste
894 413 998 457 felix
1042 414 1190 457 mundi
1233 418 1396 467 status,
1442 418 1668 470 postquam
1714 409 1846 464 igitur

150 492 277 534 mella
305 493 486 536 decussa
515 494 628 537 foliis
659 500 859 550 terraque
887 496 1073 538 cessavit
1100 496 1241 538 omniu
1272 500 1427 552 sponte
1457 495 1586 548 ferre,
1616 493 1669 536 cf.
1705 493 1845 534 Vme.

151 576 316 630 Georg.
335 577 370 630 Ι,
391 579 478 620 129
497 591 607 633 sqq„
641 584 687 622 et
717 578 868 622 divisio
890 592 1034 622 rerum
1067 581 1232 622 exstitit
1255 585 1300 622 et
1332 579 1512 623 habendi
1541 577 1767 636 cupiditas.
1784 599 1844 608 --

149 656 303 701 Nunc
347 672 510 703 mare.
582 661 903 705 monuimus
950 667 1097 705 noster
1143 664 1244 706 olim
1291 663 1348 706 ad
1392 664 1665 720 Propertium
1698 678 1741 718 p.
1771 664 1846 704 95.

149 741 428 785 coniiciebatz
475 749 680 798 apertum
723 757 842 784 nunc
883 756 1034 793 mare5
1086 742 1212 787 hodie
1243 743 1375 788 credo
1422 746 1608 788 retinere
1649 743 1770 788 malit
1805 755 1847 785 v.

147 838 387 883 semper,
434 839 520 882 quo
560 840 693 882 aegre
734 826 803 870 hic
845 840 1080 871 careamus.
1158 828 1230 871 Ex
1260 829 1398 872 altera
1428 835 1552 885 parte
1582 829 1845 872 lectionem:

147 905 230 948 leti
267 906 416 949 multa
455 915 634 964 reperta
680 906 758 951 via
799 907 1122 952 monuimus
1165 914 1211 952 et
1252 909 1327 952 alii
1370 915 1629 954 monuerunt
1672 923 1699 952 a
1747 921 1849 953 cor-

145 991 385 1034 rectoribus
413 990 534 1034 Italis
562 1004 660 1035 esse
690 992 998 1048 excogitatam.
1058 991 1159 1035 Non
1192 996 1404 1047 quaerunt
1432 990 1624 1036 homines
1654 996 1837 1035 mortem

145 1077 191 1116 et
223 1085 375 1129 parare
406 1073 490 1117 sibi
517 1073 724 1129 student,
763 1077 813 1118 ut
843 1086 958 1117 nunc
987 1073 1180 1131 reperire
1212 1075 1325 1118 viam
1358 1075 1507 1118 mortis
1542 1074 1627 1117 dici
1658 1074 1844 1130 possint,

144 1161 323 1201 notante
352 1157 748 1202 thnssnmcmo.
809 1159 935 1205 Quae
965 1171 1065 1202 cum
1097 1159 1156 1202 ita
1187 1158 1298 1213 sInt,
1338 1157 1441 1201 nihil
1473 1161 1607 1200 restat
1636 1168 1764 1211 quam
1796 1161 1845 1197 ut

145 1239 301 1283 verba:
362 1254 482 1282 nunc
520 1254 643 1283 mare
681 1240 938 1298 praegnanti
977 1253 1109 1285 sensu
1158 1241 1275 1285 dicta
1320 1242 1580 1298 accipiamus
1623 1252 1686 1297 pr.
1731 1252 1846 1283 nunc

143 1323 272 1366 maris
302 1328 348 1367 et
376 1323 661 1380 navigationis
691 1323 884 1380 pericula
918 1329 1032 1379 sunt,
1063 1330 1112 1368 ut
1137 1325 1355 1368 Harmas
1380 1325 1573 1381 explicat
1594 1325 1765 1379 aliique.
1787 1345 1846 1357 —

143 1404 431 1449 Locutionem
466 1406 574 1450 leti
605 1406 735 1450 viae
765 1406 977 1463 exemplis
1006 1406 1190 1449 illustrat
1212 1406 1533 1451 meurmus
1563 1406 1619 1450 ad
1641 1407 1846 1462 Propert-

157 1502 199 1544 p.
241 1490 315 1531 95.
390 1487 515 1532 Conf.
560 1488 692 1532 etiam
737 1467 988 1532 Boanum
1036 1487 1092 1531 ad
1136 1489 1280 1532 Valer.
1323 1489 1468 1532 Flacc.
1518 1488 1554 1542 Ι,
1594 1491 1702 1532 502.
1771 1487 1847 1530 Sic

142 1574 339 1616 Aenus..
370 1572 487 1615 ΤΑΤ.
518 1572 595 1616 IV.
627 1587 673 1629 p·
705 1576 821 1616 1602
861 1574 1076 1616 τοσαῦται
1106 1574 1192 1615 τῶν
1225 1567 1432 1614 θανάτων
1462 1572 1566 1615 εἰσὶν
1597 1566 1716 1623 ὅδοί,
1748 1571 1846 1614 lau-

142 1654 271 1699 dante
314 1655 721 1699 wascmsnmcmo
760 1655 821 1699 ad
858 1655 1016 1700 Horat.
1060 1656 1095 1710 Ι,
1137 1659 1181 1710 3,
1225 1659 1296 1701 17.
1336 1679 1395 1690 —-
1452 1661 1695 1713 repente
1737 1653 1847 1723 (mis

142 1737 278 1779 einem
312 1738 490 1796 Male),
554 1752 639 1783 non
683 1739 900 1785 adIectum
941 1742 1043 1797 quia
1082 1741 1284 1784 Tibullus
1326 1745 1507 1798 repente
1554 1741 1597 1783 in
1645 1739 1846 1785 morbum

144 1821 319 1876 incidit,
361 1826 411 1864 ut
442 1820 845 1867 wnunssnmcmus
877 1828 1053 1878 censet,
1085 1823 1162 1867 sed
1191 1824 1327 1881 ipsius
1361 1825 1602 1867 sententiae
1632 1828 1844 1866 terrorem

144 1918 223 1963 per
252 1919 301 1948 se
333 1904 489 1948 eximie
523 1905 568 1948 id
598 1911 747 1962 auget.
808 1906 903 1950 Nec
933 1905 1216 1950 Huscmumu
1248 1905 1414 1960 refuto,
1459 1904 1532 1960 qui
1566 1911 1743 1962 repente
1775 1917 1840 1961 pr.

141 1988 392 2046 repentinae
420 1990 579 2047 accipit
609 1996 656 2034 et
687 2003 786 2034 cum
815 1982 936 2035 m’l'iili
975 1991 1061 2034 sint
1103 1991 1198 2035 viae
1240 1991 1517 2047 repentinae,
1561 1988 1737 2033 morbos
1774 2002 1845 2032 re-

145 2073 343 2131 pentinos
373 2072 622 2128 substituit,
666 2078 715 2117 ut
757 2073 924 2117 scilicet
966 2078 1186 2130 postremo
1219 2071 1326 2117 haec
1357 2074 1539 2117 exsistat
1570 2073 1715 2116 ieiuna
1744 2085 1844 2115 sen-

142 2158 304 2202 tentia:
347 2157 478 2202 Nunc
506 2157 630 2202 multi
660 2157 873 2213 repentini
905 2157 1057 2201 morbi.
1120 2157 1238 2200 Satis
1269 2157 1324 2200 de
1356 2155 1433 2200 his.
1469 2179 1526 2188 —
1574 2156 1628 2202 V.
1663 2157 1736 2200 51.
1769 2157 1844 2198 52.

66 2233 70 2236 ⁴
138 2240 368 2284 Postremo
400 2240 574 2284 subiicit
603 2253 758 2298 preces
773 2254 787 2283 ε
832 2240 871 2282 Ρ
883 2254 909 2283 a
921 2252 942 2283 r
954 2253 1016 2284 ce
1029 2272 1043 2294 ,
1088 2254 1116 2296 p
1130 2253 1155 2282 a
1167 2245 1186 2282 t
1199 2253 1224 2283 e
1238 2253 1284 2292 r,
1331 2253 1456 2282 serva
1485 2253 1552 2282 me
1570 2272 1582 2293 ‚
1628 2239 1839 2296 Iuppiter.

141 2321 271 2366 Hunc
312 2322 427 2366 enim
469 2321 652 2377 intelligi
694 2334 767 2365 res
806 2321 901 2378 ipsa
940 2320 1095 2375 docet3
1144 2322 1342 2377 proxime
1384 2321 1622 2378 praecessit
1651 2319 1734 2365 hoc
1764 2333 1846 2364 no-

142 2418 267 2459 men,
298 2418 384 2449 non
411 2405 638 2461 Plutonis,
667 2406 741 2462 qui
765 2406 930 2450 alienus
960 2411 1041 2450 est.
1078 2429 1132 2438 —
1180 2406 1464 2463 periuria,
1496 2418 1630 2461 grave
1656 2405 1847 2459 crimen3

144 2489 257 2533 unde
279 2491 461 2533 Graecis
483 2486 655 2549 ευόρκια
686 2492 860 2535 omnino
876 2504 941 2548 pr.
972 2492 1133 2548 pictate
1159 2496 1204 2534 et
1231 2490 1448 2546 probitate
1478 2488 1648 2533 dicitur.
1711 2485 1843 2545 Apud

146 2571 366 2616 Romanos
408 2577 551 2616 autem
591 2586 795 2618 censores
837 2574 893 2617 de
930 2574 1044 2616 nulla
1074 2587 1121 2616 re
1156 2573 1407 2628 diligentius
1439 2586 1566 2628 quam
1598 2571 1653 2615 de
1682 2572 1844 2614 iureiu-

143 2655 277 2700 rando
306 2655 568 2711 iudicabant,
597 2655 653 2700 cf.
683 2656 781 2700 Cre.
815 2656 870 2700 de
888 2657 976 2700 Off.
994 2657 1075 2711 ΙΙΙ,
1093 2659 1165 2700 31.
1198 2659 1349 2699 Gssm..
1383 2656 1511 2699 Noct.
1539 2658 1625 2699 Att.
1648 2655 1746 2711 vn,
1773 2659 1840 2700 18.

142 2738 240 2782 Lrv.
272 2739 416 2793 XXII,
447 2742 520 2783 61.
571 2739 736 2794 XXIV,
770 2742 842 2784 18.
890 2740 988 2784 Cic.
1033 2754 1096 2796 pr.
1141 2740 1312 2783 Cluent.
1346 2742 1417 2783 48.
1481 2741 1683 2782 Ceterum
1730 2729 1844 2783 cofl.

141 2824 435 2867 Mr'rscnnnr..
478 2824 532 2867 ad
565 2824 719 2868 Horat.
749 2825 807 2880 ΙΙ,
837 2829 881 2881 8,
913 2829 955 2868 1.
987 2848 1046 2857 --
1086 2825 1256 2882 impia
1296 2824 1494 2877 verba,
1539 2821 1844 2880 blasphemiae,

142 2912 190 2948 ut
220 2906 330 2949 infra
358 2906 416 2960 11,
446 2910 491 2961 6,
528 2910 598 2950 18.
641 2907 720 2962 111,
751 2911 794 2962 5,
828 2911 898 2951 13.
960 2907 1140 2952 Confert
1171 2909 1574 2951 Wnunssnmcnms
1607 2905 1742 2962 Soph.
1777 2906 1843 2949 Αἰ.

140 2992 321 3033 128.-
352 2989 606 3033 timidum
635 3002 722 3034 uon
750 2995 819 3037 est
849 2991 1098 3047 religiosum
1131 2997 1179 3036 ut
1214 2993 1351 3036 Ovm.
1384 2992 1494 3036 Met.
1529 2992 1584 3045 V,
1621 2994 1724 3035 100.
1755 3004 1841 3047 quo

139 3083 269 3114 sensu
307 3071 521 3126 genitivus
562 3070 746 3115 deorum
785 3055 941 3118 abesse
980 3076 1153 3130 nequit3
1202 3089 1344 3130 neque
1391 3080 1457 3118 est
1500 3088 1577 3131 per
1621 3075 1841 3132 prolepsin

141 3156 301 3200 dictum
332 3170 397 3214 pr.
428 3162 477 3200 ut
505 3157 703 3211 timeam,
735 3158 850 3213 quod
883 3158 950 3203 hic
981 3161 1167 3204 ieiunum
1200 3166 1340 3212 esset,
1372 3160 1450 3203 sed
1483 3159 1565 3203 hoc
1595 3160 1701 3213 vult,
1734 3159 1843 3202 bene

141 3245 343 3283 monente
376 3240 776 3283 Wuunnnmcmo:
822 3242 958 3286 Serva
1004 3257 1097 3297 me,
1145 3244 1365 3300 luppiter,
1406 3257 1490 3286 nou
1523 3241 1625 3286 mihi
1657 3242 1843 3285 criminis

141 3335 234 3365 sum
267 3323 489 3375 conscius;
540 3338 636 3368 cum
674 3325 802 3367 saluti
844 3337 966 3368 meae
1005 3328 1161 3379 timeo,
1207 3339 1290 3369 non
1323 3331 1388 3368 est
1421 3326 1703 3381 periuriorum
1737 3338 1842 3367 con—

142 3409 322 3450 scientia
364 3415 406 3451 et
449 3413 588 3452 metus
632 3421 863 3465 poenarum
897 3411 1133 3455 suturarum
1167 3410 1289 3455 liuius
1322 3410 1487 3454 timoris
1519 3421 1659 3452 causa.
1723 3408 1843 3450 Alle-
