2158 3750
315 279 380 326 92
705 267 1172 325 COMMENTAR.
1208 267 1285 322 IN
1321 265 1608 320 TIBULLI

312 417 410 462 inde
442 417 561 462 addit
585 429 725 461 saxa
751 414 908 459 molliri
930 413 1135 472 paulatim
1162 425 1290 470 aqua,
1321 411 1517 456 slmiliter
1542 412 1584 455 in
1614 424 1774 467 amore,
1807 417 1855 456 ut
1881 411 2016 464 vides,

312 501 540 545 vincuntur
571 499 692 543 molli
723 503 904 555 pectora
936 497 1043 541 dura
1074 511 1232 555 prece,
1266 497 1347 551 ΙΙΙ,
1376 499 1421 551 4,
1451 499 1526 539 76.
1587 496 1655 539 De
1698 509 1740 541 v.
1781 495 2017 552 peredit

312 585 369 628 cf.
400 585 609 628 Lucius-r.
639 582 675 636 I,
706 585 810 626 327.
871 580 940 626 Ad
983 582 1242 625 sententiam
1282 579 1381 625 vide
1418 578 1690 632 Munna-um
1735 578 2017 622 Bnoucxnu-

312 680 408 711 sms
450 671 673 723 comparat
707 666 844 709 Ovm.
877 666 972 710 Art.
1003 667 1098 710 Am.
1130 666 1166 720 Ι,
1195 667 1309 709 4762
1357 661 1480 721 Quid
1509 660 1654 720 magis
1683 668 1754 703 est
1782 674 1894 703 saxo
1927 660 2011 702 du-

310 763 438 796 rum,
485 747 598 807 quid
632 746 812 791 mollius
851 744 1014 790 unda?
1082 748 1219 790 Dura
1262 753 1414 788 tamen
1459 742 1582 786 molli
1627 755 1745 785 saxa
1792 747 2017 784 cavantur

312 843 451 889 aqua.
509 829 748 874 Praeterea
791 841 819 873 e
859 828 1043 873 Graecis
1082 833 1233 873 notum
1274 832 1344 872 est
1382 827 1571 882 τέγγειν,
1617 837 1730 881 aqua
1769 825 1937 868 mollire
1969 827 2014 867 et

310 923 548 967 macerare,
577 911 823 957 Vsncxssn.
845 910 900 955 ad
923 910 1031 955 Eur.
1055 910 1236 967 Hippoi.
1266 923 1308 954 v.
1330 913 1435 953 303.
1465 910 1658 954 Rmmx.
1689 906 1745 952 ad
1768 907 1884 951 Tim.
1902 905 2016 951 Lex.

307 1010 351 1052 p.
383 997 487 1041 248.
548 994 677 1040 Unde
707 990 914 1050 ἄτεγκτος
945 1008 1011 1053 pr.
1043 991 1257 1054 σκληρός,
1287 992 1532 1046 ἀμείλικτος
1563 993 1648 1037 dici
1678 995 1875 1046 constat,
1903 1004 1944 1035 V.
1975 1004 2016 1036 c.

308 1080 450 1124 Somr.
483 1080 595 1124 Oed.
627 1081 688 1125 R.
718 1083 822 1124 336.
884 1079 985 1123 Hae
1027 1080 1163 1134 igitur
1204 1078 1506 1122 similitudines
1536 1083 1717 1135 apertae
1745 1081 1859 1122 sunt.
1919 1072 2015 1120 sed

309 1165 447 1208 minus
478 1169 657 1222 apertae
686 1163 827 1221 primo
857 1161 1067 1218 adspectu
1098 1165 1345 1216 sequentes.
1417 1161 1476 1204 At
1507 1160 1621 1204 enim
1651 1173 1790 1203 uvas
1820 1165 2015 1204 matura-

308 1250 376 1289 tas
405 1250 536 1303 poeta
566 1243 714 1288 laudat
743 1244 913 1301 opinor,
942 1255 1040 1286 cum
1071 1242 1203 1286 etiam
1234 1241 1393 1285 amoris
1423 1240 1612 1286 fructum
1641 1240 1811 1286 dulcem
1841 1246 2014 1299 tempus

307 1331 529 1372 maturare
559 1327 733 1382 debeat,
761 1331 992 1381 antequam
1022 1325 1198 1383 decerpi
1229 1327 1382 1384 possit,
1414 1330 1459 1369 et
1490 1323 1850 1382 quemadmodum
1880 1339 2017 1371 annus

308 1410 353 1453 in
396 1410 519 1455 caelo
560 1410 686 1466 agit
723 1423 760 1454 s.
791 1408 969 1453 adducit
1009 1407 1205 1452 lucida
1245 1407 1438 1452 sidera
1481 1413 1602 1452 certa
1632 1409 1754 1462 vice,
1795 1409 1860 1454 sic
1890 1411 2021 1454 etiam

308 1495 470 1538 amoris
497 1494 609 1538 verti
639 1497 821 1551 possunt
848 1498 1060 1551 tempora.
1122 1493 1320 1537 Observa
1360 1504 1491 1550 porro
1530 1492 1864 1538 concinnitatem
1894 1507 2018 1538 com-

308 1576 548 1633 positIonis.
610 1575 725 1620 Nam
754 1580 804 1620 ut
833 1577 877 1620 in
908 1576 1048 1633 primo
1079 1574 1264 1619 disticho
1294 1575 1413 1619 feros
1443 1575 1592 1619 leones
1635 1580 1681 1620 et
1719 1589 1777 1620 ex
1806 1576 2017 1621 inanima-

307 1658 365 1702 tis
396 1657 516 1713 quod
547 1656 848 1712 durissimum,
893 1671 1000 1701 saxa
1041 1658 1310 1714 composuit,
1355 1657 1419 1701 sic
1449 1657 1505 1701 de
1536 1659 1676 1702 altero
1706 1659 2019 1715 recordaberis,

308 1739 504 1794 legitIme
545 1739 662 1798 apud
703 1745 875 1784 veteres
916 1739 1091 1795 frugum
1122 1740 1388 1783 incrementa
1417 1753 1470 1783 nc
1500 1742 1796 1786 maturitatem
1828 1751 1873 1786 et
1902 1743 2021 1788 side-

310 1835 404 1866 rum
438 1827 559 1866 ortus
590 1823 808 1880 coniungi.
869 1824 1036 1871 Quodsi
1078 1825 1266 1881 denique
1308 1825 1440 1869 etiam
1471 1825 1670 1869 ordinem
1699 1837 1845 1871 rerum
1874 1830 2018 1870 atten-

308 1903 464 1959 dimus,
494 1910 616 1950 recte
645 1911 776 1963 poeta
806 1907 998 1951 secundo
1030 1908 1128 1952 loco
1159 1907 1304 1964 posuit
1335 1921 1403 1963 ea,
1433 1921 1617 1964 quorum
1646 1909 1834 1954 maxima
1862 1908 1929 1953 vis
1957 1908 2014 1953 ad

308 1986 546 2030 faciendam
587 1989 744 2043 fidem,
788 2003 888 2033 cum
932 1991 1042 2034 caeli
1083 1995 1205 2034 certa
1249 1991 1344 2034 vice
1386 1995 1607 2046 regantur.
1676 1990 1794 2035 Nam
1839 1992 2016 2048 longa

306 2068 430 2114 dies
471 2069 733 2115 indefinitius
777 2076 824 2116 et
865 2071 1003 2116 maius
1045 2077 1217 2129 tempus
1258 2072 1447 2126 indicat,
1490 2086 1671 2117 annus
1711 2073 1937 2120 definitum
1966 2079 2015 2119 et

306 2153 495 2210 brevius,
535 2160 581 2200 et
610 2168 710 2200 cum
740 2156 887 2214 priora
917 2161 1098 2201 eventus
1129 2157 1280 2201 incerti
1313 2156 1522 2215 temporis
1553 2155 1752 2212 habeant,
1782 2157 1934 2200 ultimo
1962 2158 2008 2203 in

305 2235 490 2281 disticho
529 2251 583 2282 ea
623 2238 793 2295 posuit,
836 2251 1018 2295 quorum
1061 2239 1328 2282 certissimus
1369 2244 1438 2282 est
1479 2239 1592 2282 intra
1631 2243 1799 2283 certum
1840 2244 2014 2297 tempus

306 2324 501 2364 eventus.
532 2342 591 2351 —-
640 2320 694 2365 V.
723 2322 782 2363 21
813 2333 911 2376 sqq.
971 2319 1092 2364 Nec
1133 2306 1329 2364 iurare
1372 2321 1520 2365 time.
1583 2321 1781 2367 Vidimus
1809 2328 2015 2369 constan-

306 2402 410 2445 tiam
440 2402 734 2449 commendari
769 2403 952 2447 amatori
982 2402 1030 2446 in
1070 2403 1372 2460 persequendo
1404 2403 1611 2459 consilio,
1652 2403 1836 2449 necdum
1866 2404 2011 2450 disce-

304 2485 396 2541 dit,
427 2487 606 2543 opinor,
638 2487 693 2530 ab
724 2486 807 2531 hoc
837 2486 1028 2532 themate
1058 2488 1274 2546 Priapus,
1303 2487 1381 2532 sed
1415 2501 1514 2532 cum
1543 2492 1676 2532 tenax
1710 2489 1919 2546 propositi
1950 2490 2015 2534 vir

305 2567 406 2611 nihil
438 2568 592 2624 fugere
622 2569 780 2613 debeat
811 2570 927 2625 quod
960 2570 1169 2627 prodesse
1201 2571 1354 2628 possit,
1385 2571 1493 2615 deus
1520 2584 1632 2616 nunc
1662 2572 1798 2616 instar
1823 2574 2013 2619 omnium

303 2653 595 2697 iusiurandum
639 2656 856 2708 nominat,
905 2661 1105 2711 tanquam
1148 2656 1382 2700 maximum
1423 2656 1468 2699 in
1513 2655 1683 2699 talibus.
1755 2654 1840 2698 Est
1880 2656 2014 2712 igitur

305 2748 463 2782 nexus:
513 2738 609 2782 Nec
639 2739 784 2782 iurare
818 2740 948 2793 time,
978 2740 1056 2783 sed
1088 2741 1286 2796 pertinax
1322 2741 1495 2796 semper
1529 2739 1573 2782 in
1603 2740 1777 2796 incepto
1809 2740 1876 2783 vei
1907 2754 2012 2797 per-

304 2820 415 2863 iurio
446 2826 585 2875 utere,
617 2821 690 2865 ubi
722 2822 1008 2865 commodum.
1040 2846 1099 2854 —-
1146 2822 1300 2866 venti
1329 2822 1499 2865 irrita
1530 2822 1740 2868 ferunt.
1802 2824 2011 2868 Usitatis-

303 2903 412 2946 sima
443 2903 621 2958 locutio,
653 2910 702 2948 ut
732 2909 915 2958 constat,
946 2904 1001 2948 de
1031 2904 1098 2958 iis,
1128 2917 1239 2960 quae
1265 2904 1320 2947 ad
1351 2904 1519 2947 irritum
1543 2905 1716 2948 cadunt.
1778 2904 1846 2950 Cf.
1877 2906 2009 2949 Gssn-

304 2999 499 3031 nummu
541 2989 597 3031 ad
639 2986 679 3032 h.
723 2989 805 3032 loc.
858 2989 1033 3032 IAcoBS.
1077 2989 1132 3032 ad
1174 2988 1406 3044 Antholog.
1451 2989 1508 3032 T.
1540 2989 1619 3032 111.
1661 2991 1714 3035 Ρ.
1747 2989 1782 3033 Ι.
1828 3006 1870 3047 p.
1900 2993 2004 3035 237.

306 3070 602 3114 Mrrscmmn.
633 3072 689 3116 ad
720 3073 874 3117 Horat.
907 3073 942 3127 I,
973 3077 1046 3129 26,
1072 3078 1115 3116 2.
1177 3074 1271 3118 Nos
1302 3074 1358 3117 ad
1390 3075 1528 3117 Pmn.
1560 3073 1691 3129 Pyth.
1722 3074 1799 3119 VI.
1833 3090 1874 3132 p,
1899 3079 2007 3122 273.

304 3152 435 3198 Quod
461 3153 653 3198 additum
679 3153 746 3198 hic
778 3168 872 3211 per
904 3159 1092 3201 terras
1123 3162 1178 3201 et
1207 3157 1385 3211 freta,
1418 3163 1551 3213 auget
1581 3158 1666 3201 vim
1699 3157 1932 3201 locutionis
1961 3163 2006 3201 et

301 3235 538 3290 significat:
572 3238 701 3292 longe
733 3238 957 3293 auferunt,
989 3240 1042 3283 cf.
1076 3241 1111 3294 l,
1141 3245 1184 3295 5,
1221 3245 1293 3285 35.
1358 3244 1415 3284 At
1457 3255 1558 3298 per
1601 3241 1750 3284 freta
1791 3254 2007 3285 summa

303 3323 390 3361 est:
433 3333 509 3376 per
539 3322 810 3376 superficiem
844 3323 995 3376 maris,
1029 3337 1062 3366 s.
1095 3338 1228 3378 svper
1262 3337 1481 3381 aequora,
1529 3329 1576 3366 ut
1608 3324 1668 3366 ait
1708 3323 1916 3367 Lucnn'r.
1953 3324 2006 3375 V,

304 3405 431 3446 1226.
479 3405 676 3449 laudatus
717 3420 740 3450 a
787 3408 977 3453 Vum’lo.
1043 3409 1172 3457 Quod
1216 3422 1299 3454 non
1344 3415 1408 3453 est
1451 3410 1679 3463 ridiculum
1715 3415 1787 3452 aut
1821 3410 2005 3452 otiosum
