<?xml version="1.0" encoding="UTF-8"?>
<!DOCTYPE html PUBLIC "-//W3C//DTD XHTML 1.0 Transitional//EN"
    "http://www.w3.org/TR/xhtml1/DTD/xhtml1-transitional.dtd">
<html xmlns="http://www.w3.org/1999/xhtml" xml:lang="en" lang="en">
 <head>
  <title>
</title>
<meta http-equiv="Content-Type" content="text/html;charset=utf-8" />
  <meta name='ocr-system' content='tesseract 3.04.00' />
  <meta name='ocr-capabilities' content='ocr_page ocr_carea ocr_par ocr_line ocrx_word'/>
</head>
<body>
  <div class='ocr_page' id='page_1' title='image "./carminaexrecensi01tibuuoft_0045.png"; bbox 0 0 2086 3756; ppageno 0'>
   <div class='ocr_carea' id='block_1_1' title="bbox 818 207 1827 260">
    <p class='ocr_par' dir='ltr' id='par_1_1' title="bbox 818 207 1827 260">
     <span class='ocr_line' id='line_1_1' title="bbox 818 207 1827 260; baseline 0.001 -2"><span class='ocrx_word' id='word_1_1' title='bbox 818 207 1118 260; x_wconf 87' lang='lat' dir='ltr'><strong>TIBULLI.</strong></span> <span class='ocrx_word' id='word_1_2' title='bbox 1657 227 1827 259; x_wconf 71' lang='lat' dir='ltr'>xxxo&lt;</span> 
     </span>
    </p>
   </div>
   <div class='ocr_carea' id='block_1_2' title="bbox 119 349 1827 1083">
    <p class='ocr_par' dir='ltr' id='par_1_2' title="bbox 126 349 1825 517">
     <span class='ocr_line' id='line_1_2' title="bbox 131 349 1825 421; baseline -0.001 -16"><span class='ocrx_word' id='word_1_3' title='bbox 131 355 281 405; x_wconf 88' lang='lat' dir='ltr'><strong>etiam</strong></span> <span class='ocrx_word' id='word_1_4' title='bbox 317 358 415 405; x_wconf 92' lang='lat' dir='ltr'><strong>hoc</strong></span> <span class='ocrx_word' id='word_1_5' title='bbox 454 364 813 421; x_wconf 72' lang='lat' dir='ltr'><strong>argumentimi</strong></span> <span class='ocrx_word' id='word_1_6' title='bbox 842 368 966 404; x_wconf 86' lang='lat' dir='ltr'><strong>mox</strong></span> <span class='ocrx_word' id='word_1_7' title='bbox 1000 349 1064 403; x_wconf 85' lang='lat' dir='ltr'><strong>ad</strong></span> <span class='ocrx_word' id='word_1_8' title='bbox 1089 351 1286 402; x_wconf 82' lang='lat' dir='ltr'><strong>ruralia</strong></span> <span class='ocrx_word' id='word_1_9' title='bbox 1311 354 1648 404; x_wconf 80' lang='lat' dir='ltr'><strong>revocaverit.</strong></span> <span class='ocrx_word' id='word_1_10' title='bbox 1723 354 1825 405; x_wconf 80' lang='lat' dir='ltr'><strong>Sed</strong></span> 
     </span>
     <span class='ocr_line' id='line_1_3' title="bbox 126 446 1031 517; baseline -0.007 -16"><span class='ocrx_word' id='word_1_11' title='bbox 126 450 393 503; x_wconf 87' lang='lat' dir='ltr'><strong>videamus</strong></span> <span class='ocrx_word' id='word_1_12' title='bbox 427 451 648 517; x_wconf 79' lang='lat' dir='ltr'><strong>propius</strong></span> <span class='ocrx_word' id='word_1_13' title='bbox 682 449 899 513; x_wconf 83' lang='lat' dir='ltr'><strong>singula.</strong></span> <span class='ocrx_word' id='word_1_14' title='bbox 1028 446 1031 448; x_wconf 81' lang='grc'><strong><em>’</em></strong></span> 
     </span>
    </p>

    <p class='ocr_par' dir='ltr' id='par_1_3' title="bbox 119 539 1827 1083">
     <span class='ocr_line' id='line_1_4' title="bbox 264 539 1827 611; baseline -0.005 -15"><span class='ocrx_word' id='word_1_15' title='bbox 264 548 426 611; x_wconf 86' lang='lat' dir='ltr'>Igitur</span> <span class='ocrx_word' id='word_1_16' title='bbox 457 543 685 611; x_wconf 87' lang='lat' dir='ltr'><strong>primum</strong></span> <span class='ocrx_word' id='word_1_17' title='bbox 721 539 989 609; x_wconf 87' lang='lat' dir='ltr'><strong>quomodo</strong></span> <span class='ocrx_word' id='word_1_18' title='bbox 1027 540 1270 592; x_wconf 84' lang='lat' dir='ltr'><strong>describit</strong></span> <span class='ocrx_word' id='word_1_19' title='bbox 1305 557 1385 589; x_wconf 81' lang='lat' dir='ltr'><strong>rus</strong></span> <span class='ocrx_word' id='word_1_20' title='bbox 1413 548 1464 589; x_wconf 90' lang='lat' dir='ltr'><strong>et</strong></span> <span class='ocrx_word' id='word_1_21' title='bbox 1490 544 1689 589; x_wconf 77' lang='lat' dir='ltr'><strong>rusticas</strong></span> <span class='ocrx_word' id='word_1_22' title='bbox 1716 558 1788 589; x_wconf 83' lang='lat' dir='ltr'><strong>res</strong></span> <span class='ocrx_word' id='word_1_23' title='bbox 1802 543 1827 590; x_wconf 72' lang='grc' dir='ltr'><strong>ξ’</strong></span> 
     </span>
     <span class='ocr_line' id='line_1_5' title="bbox 122 631 1824 702; baseline -0.004 -10"><span class='ocrx_word' id='word_1_24' title='bbox 122 642 246 692; x_wconf 87' lang='lat' dir='ltr'><strong>Non</strong></span> <span class='ocrx_word' id='word_1_25' title='bbox 285 644 420 693; x_wconf 83' lang='lat' dir='ltr'><strong>canit</strong></span> <span class='ocrx_word' id='word_1_26' title='bbox 455 631 789 692; x_wconf 77' lang='lat' dir='ltr'><strong>amoenitates</strong></span> <span class='ocrx_word' id='word_1_27' title='bbox 823 637 1079 701; x_wconf 86' lang='lat' dir='ltr'><strong>regionis,</strong></span> <span class='ocrx_word' id='word_1_28' title='bbox 1133 640 1383 689; x_wconf 83' lang='lat' dir='ltr'><strong>arborum</strong></span> <span class='ocrx_word' id='word_1_29' title='bbox 1418 637 1659 700; x_wconf 87' lang='lat' dir='ltr'><strong>umbras,</strong></span> <span class='ocrx_word' id='word_1_30' title='bbox 1704 655 1824 702; x_wconf 84' lang='lat' dir='ltr'><strong>pra-</strong></span> 
     </span>
     <span class='ocr_line' id='line_1_6' title="bbox 121 731 1822 800; baseline -0.004 -13"><span class='ocrx_word' id='word_1_31' title='bbox 121 748 294 787; x_wconf 89' lang='lat' dir='ltr'><strong>torum</strong></span> <span class='ocrx_word' id='word_1_32' title='bbox 333 737 559 798; x_wconf 87' lang='lat' dir='ltr'><strong>colores,</strong></span> <span class='ocrx_word' id='word_1_33' title='bbox 606 733 835 784; x_wconf 88' lang='lat' dir='ltr'><strong>fontium</strong></span> <span class='ocrx_word' id='word_1_34' title='bbox 869 749 1139 795; x_wconf 88' lang='lat' dir='ltr'><strong>susurrus,</strong></span> <span class='ocrx_word' id='word_1_35' title='bbox 1194 750 1364 800; x_wconf 88' lang='lat' dir='ltr'><strong>neque</strong></span> <span class='ocrx_word' id='word_1_36' title='bbox 1403 733 1619 782; x_wconf 90' lang='lat' dir='ltr'><strong>omnino</strong></span> <span class='ocrx_word' id='word_1_37' title='bbox 1655 731 1822 798; x_wconf 83' lang='lat' dir='ltr'>ipsam</span> 
     </span>
     <span class='ocr_line' id='line_1_7' title="bbox 119 824 1825 896; baseline -0.003 -15"><span class='ocrx_word' id='word_1_38' title='bbox 119 847 215 896; x_wconf 90' lang='lat' dir='ltr'><strong>per</strong></span> <span class='ocrx_word' id='word_1_39' title='bbox 250 847 304 881; x_wconf 90' lang='lat' dir='ltr'><strong>se</strong></span> <span class='ocrx_word' id='word_1_40' title='bbox 339 845 519 881; x_wconf 83' lang='lat' dir='ltr'><strong>rerum</strong></span> <span class='ocrx_word' id='word_1_41' title='bbox 554 837 796 879; x_wconf 82' lang='lat' dir='ltr'><strong>naturam</strong></span> <span class='ocrx_word' id='word_1_42' title='bbox 813 824 1090 894; x_wconf 59' lang='lat' dir='ltr'><strong>depingit,</strong></span> <span class='ocrx_word' id='word_1_43' title='bbox 1136 825 1226 876; x_wconf 82' lang='lat' dir='ltr'><strong>sed</strong></span> <span class='ocrx_word' id='word_1_44' title='bbox 1262 826 1422 879; x_wconf 79' lang='lat' dir='ltr'><strong>vitam</strong></span> <span class='ocrx_word' id='word_1_45' title='bbox 1457 825 1636 877; x_wconf 83' lang='lat' dir='ltr'><strong>laudat</strong></span> <span class='ocrx_word' id='word_1_46' title='bbox 1669 828 1825 877; x_wconf 88' lang='lat' dir='ltr'><strong>rusti-</strong></span> 
     </span>
     <span class='ocr_line' id='line_1_8' title="bbox 123 920 1824 992; baseline -0.002 -17"><span class='ocrx_word' id='word_1_47' title='bbox 123 943 234 976; x_wconf 90' lang='lat' dir='ltr'><strong>cam</strong></span> <span class='ocrx_word' id='word_1_48' title='bbox 284 936 342 977; x_wconf 80' lang='lat' dir='ltr'><strong>et.</strong></span> <span class='ocrx_word' id='word_1_49' title='bbox 377 925 548 992; x_wconf 88' lang='lat' dir='ltr'><strong>prima</strong></span> <span class='ocrx_word' id='word_1_50' title='bbox 598 927 908 977; x_wconf 83' lang='lat' dir='ltr'><strong>ornamenta</strong></span> <span class='ocrx_word' id='word_1_51' title='bbox 957 925 1092 979; x_wconf 74' lang='lat' dir='ltr'><strong>&#39;vitae</strong></span> <span class='ocrx_word' id='word_1_52' title='bbox 1144 939 1201 973; x_wconf 82' lang='lat' dir='ltr'><strong>ac</strong></span> <span class='ocrx_word' id='word_1_53' title='bbox 1250 920 1438 987; x_wconf 86' lang='lat' dir='ltr'><strong>gaudia</strong></span> <span class='ocrx_word' id='word_1_54' title='bbox 1480 921 1654 972; x_wconf 84' lang='lat' dir='ltr'><strong>debita</strong></span> <span class='ocrx_word' id='word_1_55' title='bbox 1694 925 1824 986; x_wconf 85' lang='lat' dir='ltr'><strong>ruri,</strong></span> 
     </span>
     <span class='ocr_line' id='line_1_9' title="bbox 121 1016 1823 1083; baseline -0.002 -13"><span class='ocrx_word' id='word_1_56' title='bbox 121 1031 171 1072; x_wconf 87' lang='lat' dir='ltr'><strong>et</strong></span> <span class='ocrx_word' id='word_1_57' title='bbox 205 1037 324 1072; x_wconf 90' lang='lat' dir='ltr'><strong>cum</strong></span> <span class='ocrx_word' id='word_1_58' title='bbox 357 1022 421 1071; x_wconf 85' lang='lat' dir='ltr'><strong>in-</strong></span> <span class='ocrx_word' id='word_1_59' title='bbox 450 1021 584 1071; x_wconf 84' lang='lat' dir='ltr'><strong>urbe</strong></span> <span class='ocrx_word' id='word_1_60' title='bbox 619 1019 832 1071; x_wconf 84' lang='lat' dir='ltr'><strong>luxuria</strong></span> <span class='ocrx_word' id='word_1_61' title='bbox 869 1020 1039 1069; x_wconf 86' lang='lat' dir='ltr'><strong>omnis</strong></span> <span class='ocrx_word' id='word_1_62' title='bbox 1063 1018 1269 1083; x_wconf 85' lang='lat' dir='ltr'><strong>generis</strong></span> <span class='ocrx_word' id='word_1_63' title='bbox 1295 1025 1493 1082; x_wconf 79' lang='lat' dir='ltr'>regnet,</span> <span class='ocrx_word' id='word_1_64' title='bbox 1528 1017 1667 1066; x_wconf 88' lang='lat' dir='ltr'><strong>ruris</strong></span> <span class='ocrx_word' id='word_1_65' title='bbox 1693 1016 1823 1066; x_wconf 90' lang='lat' dir='ltr'><strong>ima-</strong></span> 
     </span>
    </p>
   </div>
   <div class='ocr_carea' id='block_1_3' title="bbox 117 1113 1825 1275">
    <p class='ocr_par' dir='ltr' id='par_1_4' title="bbox 117 1113 1825 1275">
     <span class='ocr_line' id='line_1_10' title="bbox 118 1113 1824 1184; baseline -0.004 -17"><span class='ocrx_word' id='word_1_66' title='bbox 118 1117 289 1181; x_wconf 84' lang='lat' dir='ltr'><strong>ginem</strong></span> <span class='ocrx_word' id='word_1_67' title='bbox 324 1116 469 1182; x_wconf 85' lang='lat' dir='ltr'><strong>fingit</strong></span> <span class='ocrx_word' id='word_1_68' title='bbox 505 1116 831 1184; x_wconf 79' lang='lat' dir='ltr'><strong>simplicitate</strong></span> <span class='ocrx_word' id='word_1_69' title='bbox 867 1115 1091 1183; x_wconf 78' lang='lat' dir='ltr'><strong>pulchra</strong></span> <span class='ocrx_word' id='word_1_70' title='bbox 1129 1115 1363 1166; x_wconf 85' lang='lat' dir='ltr'><strong>colorum</strong></span> <span class='ocrx_word' id='word_1_71' title='bbox 1397 1114 1691 1180; x_wconf 84' lang='lat' dir='ltr'>placentem</span> <span class='ocrx_word' id='word_1_72' title='bbox 1726 1113 1824 1162; x_wconf 90' lang='lat' dir='ltr'><strong>mi-</strong></span> 
     </span>
     <span class='ocr_line' id='line_1_11' title="bbox 117 1205 1825 1275; baseline -0.002 -15"><span class='ocrx_word' id='word_1_73' title='bbox 117 1211 274 1262; x_wconf 88' lang='lat' dir='ltr'><strong>rifice.</strong></span> <span class='ocrx_word' id='word_1_74' title='bbox 345 1212 505 1275; x_wconf 88' lang='lat' dir='ltr'><strong>Rure,</strong></span> <span class='ocrx_word' id='word_1_75' title='bbox 541 1212 628 1274; x_wconf 87' lang='lat' dir='ltr'><strong>ait,</strong></span> <span class='ocrx_word' id='word_1_76' title='bbox 662 1210 896 1262; x_wconf 84' lang='lat' dir='ltr'><strong>cultioris</strong></span> <span class='ocrx_word' id='word_1_77' title='bbox 933 1208 1071 1261; x_wconf 80' lang='lat' dir='ltr'><strong>vitae</strong></span> <span class='ocrx_word' id='word_1_78' title='bbox 1106 1217 1158 1258; x_wconf 89' lang='lat' dir='ltr'><strong>et</strong></span> <span class='ocrx_word' id='word_1_79' title='bbox 1189 1206 1448 1258; x_wconf 84' lang='lat' dir='ltr'><strong>felicitatis</strong></span> <span class='ocrx_word' id='word_1_80' title='bbox 1483 1205 1825 1258; x_wconf 83' lang='lat' dir='ltr'><strong>fundamenta</strong></span> 
     </span>
    </p>
   </div>
   <div class='ocr_carea' id='block_1_4' title="bbox 43 1302 1825 3202">
    <p class='ocr_par' dir='ltr' id='par_1_5' title="bbox 43 1302 1825 3202">
     <span class='ocr_line' id='line_1_12' title="bbox 118 1302 1825 1374; baseline -0.004 -16"><span class='ocrx_word' id='word_1_81' title='bbox 118 1317 247 1358; x_wconf 84' lang='lat' dir='ltr'><strong>orta.</strong></span> <span class='ocrx_word' id='word_1_82' title='bbox 332 1307 430 1359; x_wconf 91' lang='lat' dir='ltr'><strong>Hic</strong></span> <span class='ocrx_word' id='word_1_83' title='bbox 478 1305 710 1374; x_wconf 85' lang='lat' dir='ltr'><strong>primum</strong></span> <span class='ocrx_word' id='word_1_84' title='bbox 759 1322 905 1363; x_wconf 83' lang='lat' dir='ltr'><strong>casae</strong></span> <span class='ocrx_word' id='word_1_85' title='bbox 953 1306 1178 1356; x_wconf 83' lang='lat' dir='ltr'><strong>structae</strong></span> <span class='ocrx_word' id='word_1_86' title='bbox 1228 1314 1280 1354; x_wconf 89' lang='lat' dir='ltr'><strong>et</strong></span> <span class='ocrx_word' id='word_1_87' title='bbox 1316 1304 1483 1356; x_wconf 86' lang='lat' dir='ltr'><strong>victus</strong></span> <span class='ocrx_word' id='word_1_88' title='bbox 1523 1302 1710 1353; x_wconf 90' lang='lat' dir='ltr'><strong>melior</strong></span> <span class='ocrx_word' id='word_1_89' title='bbox 1741 1303 1825 1351; x_wconf 88' lang='lat' dir='ltr'><strong>in-</strong></span> 
     </span>
     <span class='ocr_line' id='line_1_13' title="bbox 117 1399 1822 1466; baseline -0.006 -11"><span class='ocrx_word' id='word_1_90' title='bbox 117 1415 332 1466; x_wconf 75' lang='lat' dir='ltr'><strong>ventae,</strong></span> <span class='ocrx_word' id='word_1_91' title='bbox 382 1405 465 1455; x_wconf 87' lang='lat' dir='ltr'><strong>hic</strong></span> <span class='ocrx_word' id='word_1_92' title='bbox 500 1403 642 1454; x_wconf 51' lang='lat' dir='ltr'><strong>&gt;artes</strong></span> <span class='ocrx_word' id='word_1_93' title='bbox 685 1402 912 1453; x_wconf 84' lang='lat' dir='ltr'><strong>musicae</strong></span> <span class='ocrx_word' id='word_1_94' title='bbox 949 1401 1005 1451; x_wconf 91' lang='lat' dir='ltr'><strong>in</strong></span> <span class='ocrx_word' id='word_1_95' title='bbox 1045 1399 1264 1451; x_wconf 84' lang='lat' dir='ltr'><strong>deorum</strong></span> <span class='ocrx_word' id='word_1_96' title='bbox 1298 1399 1558 1449; x_wconf 85' lang='lat' dir='ltr'><strong>honorem</strong></span> <span class='ocrx_word' id='word_1_97' title='bbox 1592 1399 1822 1463; x_wconf 83' lang='lat' dir='ltr'><strong>primum</strong></span> 
     </span>
     <span class='ocr_line' id='line_1_14' title="bbox 116 1494 1822 1566; baseline -0.005 -16"><span class='ocrx_word' id='word_1_98' title='bbox 116 1510 365 1561; x_wconf 82' lang='lat' dir='ltr'><strong>tentatae,</strong></span> <span class='ocrx_word' id='word_1_99' title='bbox 400 1509 454 1549; x_wconf 87' lang='lat' dir='ltr'><strong>et</strong></span> <span class='ocrx_word' id='word_1_100' title='bbox 488 1498 838 1566; x_wconf 61' lang='lat' dir='ltr'><strong>earumquae</strong></span> <span class='ocrx_word' id='word_1_101' title='bbox 874 1495 940 1546; x_wconf 85' lang='lat' dir='ltr'><strong>ad</strong></span> <span class='ocrx_word' id='word_1_102' title='bbox 969 1498 1165 1548; x_wconf 90' lang='lat' dir='ltr'><strong>cultum</strong></span> <span class='ocrx_word' id='word_1_103' title='bbox 1202 1505 1253 1545; x_wconf 88' lang='lat' dir='ltr'><strong>et</strong></span> <span class='ocrx_word' id='word_1_104' title='bbox 1289 1503 1532 1545; x_wconf 89' lang='lat' dir='ltr'><strong>ornatum</strong></span> <span class='ocrx_word' id='word_1_105' title='bbox 1556 1494 1822 1560; x_wconf 85' lang='lat' dir='ltr'><strong>pertinent</strong></span> 
     </span>
     <span class='ocr_line' id='line_1_15' title="bbox 114 1589 1820 1663; baseline -0.006 -16"><span class='ocrx_word' id='word_1_106' title='bbox 114 1595 479 1663; x_wconf 77' lang='lat' dir='ltr'><strong>simplicioreS,</strong></span> <span class='ocrx_word' id='word_1_107' title='bbox 534 1594 743 1646; x_wconf 80' lang='lat' dir='ltr'><strong>coronis</strong></span> <span class='ocrx_word' id='word_1_108' title='bbox 789 1593 981 1644; x_wconf 77' lang='lat' dir='ltr'><strong>vernis-</strong></span> <span class='ocrx_word' id='word_1_109' title='bbox 1017 1591 1246 1642; x_wconf 78' lang='lat' dir='ltr'><strong>Laribus</strong></span> <span class='ocrx_word' id='word_1_110' title='bbox 1296 1591 1444 1640; x_wconf 86' lang='lat' dir='ltr'><strong>nexis</strong></span> <span class='ocrx_word' id='word_1_111' title='bbox 1496 1599 1547 1639; x_wconf 90' lang='lat' dir='ltr'><strong>et</strong></span> <span class='ocrx_word' id='word_1_112' title='bbox 1584 1606 1650 1639; x_wconf 88' lang='lat' dir='ltr'><strong>ex</strong></span> <span class='ocrx_word' id='word_1_113' title='bbox 1698 1589 1820 1637; x_wconf 87' lang='lat' dir='ltr'><strong>lana</strong></span> 
     </span>
     <span class='ocr_line' id='line_1_16' title="bbox 115 1680 1820 1749; baseline -0.007 -7"><span class='ocrx_word' id='word_1_114' title='bbox 115 1692 294 1742; x_wconf 81' lang='lat' dir='ltr'><strong>ovium</strong></span> <span class='ocrx_word' id='word_1_115' title='bbox 336 1689 569 1743; x_wconf 64' lang='lat' dir='ltr'><strong>vestibus</strong></span> <span class='ocrx_word' id='word_1_116' title='bbox 618 1686 846 1738; x_wconf 83' lang='lat' dir='ltr'><strong>femineo</strong></span> <span class='ocrx_word' id='word_1_117' title='bbox 895 1688 1076 1738; x_wconf 87' lang='lat' dir='ltr'><strong>labore</strong></span> <span class='ocrx_word' id='word_1_118' title='bbox 1130 1685 1404 1748; x_wconf 83' lang='lat' dir='ltr'><strong>confectis3</strong></span> <span class='ocrx_word' id='word_1_119' title='bbox 1457 1684 1543 1734; x_wconf 89' lang='lat' dir='ltr'><strong>hic</strong></span> <span class='ocrx_word' id='word_1_120' title='bbox 1595 1680 1820 1749; x_wconf 84' lang='lat' dir='ltr'><strong>denique</strong></span> 
     </span>
     <span class='ocr_line' id='line_1_17' title="bbox 117 1778 1822 1851; baseline -0.006 -13"><span class='ocrx_word' id='word_1_121' title='bbox 117 1786 270 1838; x_wconf 83' lang='lat' dir='ltr'><strong>etiam</strong></span> <span class='ocrx_word' id='word_1_122' title='bbox 305 1786 472 1835; x_wconf 87' lang='lat' dir='ltr'><strong>Amor</strong></span> <span class='ocrx_word' id='word_1_123' title='bbox 504 1784 744 1851; x_wconf 76' lang='lat' dir='ltr'><strong>primum.</strong></span> <span class='ocrx_word' id='word_1_124' title='bbox 773 1791 926 1833; x_wconf 89' lang='lat' dir='ltr'><strong>natus</strong></span> <span class='ocrx_word' id='word_1_125' title='bbox 967 1792 1058 1833; x_wconf 89' lang='lat' dir='ltr'><strong>est.</strong></span> <span class='ocrx_word' id='word_1_126' title='bbox 1143 1781 1318 1848; x_wconf 87' lang='lat' dir='ltr'><strong>Atque</strong></span> <span class='ocrx_word' id='word_1_127' title='bbox 1354 1779 1437 1831; x_wconf 89' lang='lat' dir='ltr'><strong>his</strong></span> <span class='ocrx_word' id='word_1_128' title='bbox 1473 1780 1631 1829; x_wconf 89' lang='lat' dir='ltr'><strong>rebus</strong></span> <span class='ocrx_word' id='word_1_129' title='bbox 1671 1778 1822 1828; x_wconf 86' lang='lat' dir='ltr'><strong>abso-</strong></span> 
     </span>
     <span class='ocr_line' id='line_1_18' title="bbox 112 1875 1822 1956; baseline -0.005 -25"><span class='ocrx_word' id='word_1_130' title='bbox 112 1883 254 1931; x_wconf 73' lang='lat' dir='ltr'><strong>lutus</strong></span> <span class='ocrx_word' id='word_1_131' title='bbox 289 1879 546 1932; x_wconf 85' lang='lat' dir='ltr'><strong>felicitatis</strong></span> <span class='ocrx_word' id='word_1_132' title='bbox 584 1896 741 1956; x_wconf 67' lang='lat' dir='ltr'><strong>verae</strong></span> <span class='ocrx_word' id='word_1_133' title='bbox 783 1879 1006 1930; x_wconf 81' lang='lat' dir='ltr'><strong>ambitus</strong></span> <span class='ocrx_word' id='word_1_134' title='bbox 1022 1916 1058 1941; x_wconf 76' lang='lat'><strong>‚.</strong></span> <span class='ocrx_word' id='word_1_135' title='bbox 1086 1895 1117 1928; x_wconf 90' lang='lat' dir='ltr'><strong>a</strong></span> <span class='ocrx_word' id='word_1_136' title='bbox 1155 1893 1261 1945; x_wconf 84' lang='lat' dir='ltr'><strong>qua</strong></span> <span class='ocrx_word' id='word_1_137' title='bbox 1301 1875 1543 1926; x_wconf 87' lang='lat' dir='ltr'><strong>luxuriae</strong></span> <span class='ocrx_word' id='word_1_138' title='bbox 1579 1875 1822 1940; x_wconf 83' lang='lat' dir='ltr'><strong>volupta-</strong></span> 
     </span>
     <span class='ocr_line' id='line_1_19' title="bbox 113 1952 1821 2039; baseline -0.002 -13"><span class='ocrx_word' id='word_1_139' title='bbox 113 1986 188 2026; x_wconf 84' lang='lat' dir='ltr'><strong>tes</strong></span> <span class='ocrx_word' id='word_1_140' title='bbox 224 1976 477 2027; x_wconf 62' lang='lat' dir='ltr'><strong>abessent:</strong></span> <span class='ocrx_word' id='word_1_141' title='bbox 499 1986 552 2026; x_wconf 89' lang='lat' dir='ltr'><strong>et</strong></span> <span class='ocrx_word' id='word_1_142' title='bbox 584 1952 713 2029; x_wconf 77' lang='lat' dir='ltr'><strong>vitia</strong></span> <span class='ocrx_word' id='word_1_143' title='bbox 750 1985 1012 2028; x_wconf 88' lang='lat' dir='ltr'><strong>crescente</strong></span> <span class='ocrx_word' id='word_1_144' title='bbox 1048 1976 1191 2027; x_wconf 68' lang='lat' dir='ltr'><strong>luxu,</strong></span> <span class='ocrx_word' id='word_1_145' title='bbox 1213 1973 1356 2024; x_wconf 86' lang='lat' dir='ltr'><strong>illata</strong></span> <span class='ocrx_word' id='word_1_146' title='bbox 1384 1972 1613 2039; x_wconf 89' lang='lat' dir='ltr'><strong>plurima</strong></span> <span class='ocrx_word' id='word_1_147' title='bbox 1648 1971 1705 2020; x_wconf 89' lang='lat' dir='ltr'><strong>in</strong></span> <span class='ocrx_word' id='word_1_148' title='bbox 1742 1970 1821 2022; x_wconf 77' lang='lat' dir='ltr'><strong>vi-</strong></span> 
     </span>
     <span class='ocr_line' id='line_1_20' title="bbox 43 2065 1821 2150; baseline -0.003 -29"><span class='ocrx_word' id='word_1_149' title='bbox 43 2116 48 2120; x_wconf 83' lang='lat'><em>.</em></span> <span class='ocrx_word' id='word_1_150' title='bbox 113 2084 230 2124; x_wconf 81' lang='lat' dir='ltr'><strong>tam.</strong></span> <span class='ocrx_word' id='word_1_151' title='bbox 301 2072 445 2124; x_wconf 86' lang='lat' dir='ltr'><strong>Rure</strong></span> <span class='ocrx_word' id='word_1_152' title='bbox 492 2089 624 2126; x_wconf 76' lang='lat' dir='ltr'><strong>vero</strong></span> <span class='ocrx_word' id='word_1_153' title='bbox 660 2073 816 2150; x_wconf 52' lang='lat' dir='ltr'><strong>etiam</strong></span> <span class='ocrx_word' id='word_1_154' title='bbox 851 2088 992 2124; x_wconf 88' lang='lat' dir='ltr'><strong>nunc</strong></span> <span class='ocrx_word' id='word_1_155' title='bbox 1029 2071 1163 2122; x_wconf 89' lang='lat' dir='ltr'><strong>nihil</strong></span> <span class='ocrx_word' id='word_1_156' title='bbox 1203 2078 1280 2120; x_wconf 89' lang='lat' dir='ltr'><strong>est</strong></span> <span class='ocrx_word' id='word_1_157' title='bbox 1315 2065 1610 2119; x_wconf 75' lang='lat' dir='ltr'><strong>iucundius·</strong></span> <span class='ocrx_word' id='word_1_158' title='bbox 1683 2065 1821 2118; x_wconf 88' lang='lat' dir='ltr'><strong>Vide</strong></span> 
     </span>
     <span class='ocr_line' id='line_1_21' title="bbox 112 2153 1820 2234; baseline -0.005 -15"><span class='ocrx_word' id='word_1_159' title='bbox 112 2166 338 2234; x_wconf 80' lang='lat' dir='ltr'><strong>primum</strong></span> <span class='ocrx_word' id='word_1_160' title='bbox 372 2172 559 2233; x_wconf 72' lang='lat' dir='ltr'><strong>negotia</strong></span> <span class='ocrx_word' id='word_1_161' title='bbox 591 2153 803 2233; x_wconf 69' lang='lat' dir='ltr'><strong>rustica,</strong></span> <span class='ocrx_word' id='word_1_162' title='bbox 839 2168 1077 2234; x_wconf 88' lang='lat' dir='ltr'><strong>plantare</strong></span> <span class='ocrx_word' id='word_1_163' title='bbox 1113 2165 1264 2229; x_wconf 85' lang='lat' dir='ltr'><strong>vites,</strong></span> <span class='ocrx_word' id='word_1_164' title='bbox 1294 2172 1347 2213; x_wconf 90' lang='lat' dir='ltr'><strong>et</strong></span> <span class='ocrx_word' id='word_1_165' title='bbox 1373 2164 1605 2226; x_wconf 75' lang='lat' dir='ltr'><strong>arbore3‚</strong></span> <span class='ocrx_word' id='word_1_166' title='bbox 1640 2171 1820 2211; x_wconf 87' lang='lat' dir='ltr'><strong>tenere</strong></span> 
     </span>
     <span class='ocr_line' id='line_1_22' title="bbox 61 2245 1817 2326; baseline -0.006 -12"><span class='ocrx_word' id='word_1_167' title='bbox 61 2245 70 2251; x_wconf 45' lang='grc'><strong>”</strong></span> <span class='ocrx_word' id='word_1_168' title='bbox 111 2259 374 2314; x_wconf 80' lang='lat' dir='ltr'><strong>interdum</strong></span> <span class='ocrx_word' id='word_1_169' title='bbox 399 2261 753 2313; x_wconf 76' lang='lat' dir='ltr'><strong>bidentemet</strong></span> <span class='ocrx_word' id='word_1_170' title='bbox 787 2262 997 2312; x_wconf 85' lang='lat' dir='ltr'><strong>stimulo</strong></span> <span class='ocrx_word' id='word_1_171' title='bbox 1034 2261 1307 2326; x_wconf 86' lang='lat' dir='ltr'><strong>increpare</strong></span> <span class='ocrx_word' id='word_1_172' title='bbox 1342 2259 1523 2321; x_wconf 73' lang='lat' dir='ltr'><strong>bove3‚</strong></span> <span class='ocrx_word' id='word_1_173' title='bbox 1559 2257 1817 2322; x_wconf 87' lang='lat' dir='ltr'><strong>inspicere</strong></span> 
     </span>
     <span class='ocr_line' id='line_1_23' title="bbox 112 2349 1819 2421; baseline -0.005 -15"><span class='ocrx_word' id='word_1_174' title='bbox 112 2372 271 2421; x_wconf 89' lang='lat' dir='ltr'><strong>pecus</strong></span> <span class='ocrx_word' id='word_1_175' title='bbox 321 2365 372 2406; x_wconf 89' lang='lat' dir='ltr'><strong>et</strong></span> <span class='ocrx_word' id='word_1_176' title='bbox 418 2373 602 2421; x_wconf 84' lang='lat' dir='ltr'><strong>agnam</strong></span> <span class='ocrx_word' id='word_1_177' title='bbox 636 2355 870 2407; x_wconf 79' lang='lat' dir='ltr'><strong>fetumve</strong></span> <span class='ocrx_word' id='word_1_178' title='bbox 907 2354 1132 2420; x_wconf 85' lang='lat' dir='ltr'><strong>capellae</strong></span> <span class='ocrx_word' id='word_1_179' title='bbox 1170 2352 1377 2402; x_wconf 84' lang='lat' dir='ltr'><strong>referre</strong></span> <span class='ocrx_word' id='word_1_180' title='bbox 1419 2349 1664 2402; x_wconf 84' lang='lat' dir='ltr'><strong>domum:</strong></span> <span class='ocrx_word' id='word_1_181' title='bbox 1723 2366 1819 2399; x_wconf 91' lang='lat' dir='ltr'><strong>nec</strong></span> 
     </span>
     <span class='ocr_line' id='line_1_24' title="bbox 113 2446 1820 2515; baseline -0.005 -13"><span class='ocrx_word' id='word_1_182' title='bbox 113 2453 286 2503; x_wconf 86' lang='lat' dir='ltr'><strong>minus</strong></span> <span class='ocrx_word' id='word_1_183' title='bbox 323 2454 552 2505; x_wconf 84' lang='lat' dir='ltr'><strong>suaviter</strong></span> <span class='ocrx_word' id='word_1_184' title='bbox 585 2452 771 2505; x_wconf 89' lang='lat' dir='ltr'><strong>Deliae</strong></span> <span class='ocrx_word' id='word_1_185' title='bbox 806 2451 988 2503; x_wconf 81' lang='lat' dir='ltr'><strong>futura</strong></span> <span class='ocrx_word' id='word_1_186' title='bbox 1024 2448 1232 2515; x_wconf 86' lang='lat' dir='ltr'><strong>negotia</strong></span> <span class='ocrx_word' id='word_1_187' title='bbox 1269 2446 1592 2508; x_wconf 85' lang='lat' dir='ltr'><strong>adumbrata,</strong></span> <span class='ocrx_word' id='word_1_188' title='bbox 1622 2446 1666 2496; x_wconf 84' lang='lat' dir='ltr'><strong>si</strong></span> <span class='ocrx_word' id='word_1_189' title='bbox 1704 2462 1820 2496; x_wconf 90' lang='lat' dir='ltr'><strong>cum</strong></span> 
     </span>
     <span class='ocr_line' id='line_1_25' title="bbox 111 2545 1821 2614; baseline -0.003 -17"><span class='ocrx_word' id='word_1_190' title='bbox 111 2558 265 2614; x_wconf 85' lang='lat' dir='ltr'><strong>poeta</strong></span> <span class='ocrx_word' id='word_1_191' title='bbox 302 2550 479 2602; x_wconf 80' lang='lat' dir='ltr'><strong>vivere</strong></span> <span class='ocrx_word' id='word_1_192' title='bbox 519 2563 645 2600; x_wconf 81' lang='lat' dir='ltr'><strong>rure</strong></span> <span class='ocrx_word' id='word_1_193' title='bbox 683 2548 950 2603; x_wconf 81' lang='lat' dir='ltr'><strong>voluisset.</strong></span> <span class='ocrx_word' id='word_1_194' title='bbox 1024 2546 1202 2598; x_wconf 91' lang='lat' dir='ltr'><strong>Altera</strong></span> <span class='ocrx_word' id='word_1_195' title='bbox 1235 2561 1357 2612; x_wconf 85' lang='lat' dir='ltr'><strong>pars</strong></span> <span class='ocrx_word' id='word_1_196' title='bbox 1392 2545 1702 2594; x_wconf 83' lang='lat' dir='ltr'><strong>rusticarum</strong></span> <span class='ocrx_word' id='word_1_197' title='bbox 1739 2559 1821 2592; x_wconf 88' lang='lat' dir='ltr'><strong>re-</strong></span> 
     </span>
     <span class='ocr_line' id='line_1_26' title="bbox 112 2642 1820 2717; baseline -0.004 -18"><span class='ocrx_word' id='word_1_198' title='bbox 112 2651 500 2714; x_wconf 57' lang='lat' dir='ltr'><strong>rumareligiones</strong></span> <span class='ocrx_word' id='word_1_199' title='bbox 545 2658 598 2701; x_wconf 88' lang='lat' dir='ltr'><strong>et</strong></span> <span class='ocrx_word' id='word_1_200' title='bbox 618 2647 754 2717; x_wconf 80' lang='lat' dir='ltr'><strong>festa</strong></span> <span class='ocrx_word' id='word_1_201' title='bbox 787 2657 919 2711; x_wconf 78' lang='lat' dir='ltr'><strong>sunt</strong></span> <span class='ocrx_word' id='word_1_202' title='bbox 951 2646 1197 2714; x_wconf 86' lang='lat' dir='ltr'><strong>agrestia,</strong></span> <span class='ocrx_word' id='word_1_203' title='bbox 1252 2659 1480 2712; x_wconf 87' lang='lat' dir='ltr'><strong>quorum</strong></span> <span class='ocrx_word' id='word_1_204' title='bbox 1517 2642 1820 2711; x_wconf 82' lang='lat' dir='ltr'><strong>descriptio-</strong></span> 
     </span>
     <span class='ocr_line' id='line_1_27' title="bbox 114 2740 1820 2811; baseline -0.004 -14"><span class='ocrx_word' id='word_1_205' title='bbox 114 2745 268 2797; x_wconf 75' lang='lat' dir='ltr'><strong>nibus</strong></span> <span class='ocrx_word' id='word_1_206' title='bbox 313 2746 473 2811; x_wconf 84' lang='lat' dir='ltr'><strong>plena</strong></span> <span class='ocrx_word' id='word_1_207' title='bbox 519 2745 700 2799; x_wconf 88' lang='lat' dir='ltr'><strong>omnia</strong></span> <span class='ocrx_word' id='word_1_208' title='bbox 747 2746 804 2796; x_wconf 90' lang='lat' dir='ltr'><strong>in</strong></span> <span class='ocrx_word' id='word_1_209' title='bbox 854 2745 936 2796; x_wconf 82' lang='lat' dir='ltr'><strong>his</strong></span> <span class='ocrx_word' id='word_1_210' title='bbox 975 2742 1308 2796; x_wconf 88' lang='lat' dir='ltr'><strong>carminibus.</strong></span> <span class='ocrx_word' id='word_1_211' title='bbox 1378 2740 1506 2793; x_wconf 89' lang='lat' dir='ltr'><strong>Erat</strong></span> <span class='ocrx_word' id='word_1_212' title='bbox 1539 2758 1667 2793; x_wconf 88' lang='lat' dir='ltr'><strong>vero</strong></span> <span class='ocrx_word' id='word_1_213' title='bbox 1703 2742 1820 2807; x_wconf 80' lang='lat' dir='ltr'><strong>pius</strong></span> 
     </span>
     <span class='ocr_line' id='line_1_28' title="bbox 112 2837 1822 2908; baseline -0.002 -18"><span class='ocrx_word' id='word_1_214' title='bbox 112 2849 267 2905; x_wconf 67' lang='lat' dir='ltr'><strong>poeta</strong></span> <span class='ocrx_word' id='word_1_215' title='bbox 301 2857 617 2908; x_wconf 84' lang='lat' dir='ltr'><strong>magnopere</strong></span> <span class='ocrx_word' id='word_1_216' title='bbox 653 2839 889 2893; x_wconf 85' lang='lat' dir='ltr'><strong>addictus</strong></span> <span class='ocrx_word' id='word_1_217' title='bbox 934 2841 1209 2907; x_wconf 65' lang='lat' dir='ltr'><strong>agrestium</strong></span> <span class='ocrx_word' id='word_1_218' title='bbox 1251 2837 1471 2890; x_wconf 80' lang='lat' dir='ltr'><strong>deorum</strong></span> <span class='ocrx_word' id='word_1_219' title='bbox 1522 2837 1711 2902; x_wconf 88' lang='lat' dir='ltr'><strong>cultui,</strong></span> <span class='ocrx_word' id='word_1_220' title='bbox 1763 2847 1822 2887; x_wconf 87' lang='lat' dir='ltr'><strong>ut</strong></span> 
     </span>
     <span class='ocr_line' id='line_1_29' title="bbox 113 2937 714 3004; baseline 0.005 -15"><span class='ocrx_word' id='word_1_221' title='bbox 113 2938 222 3004; x_wconf 80' lang='lat' dir='ltr'><strong>ipse</strong></span> <span class='ocrx_word' id='word_1_222' title='bbox 255 2937 530 3004; x_wconf 83' lang='lat' dir='ltr'><strong>profitetur</strong></span> <span class='ocrx_word' id='word_1_223' title='bbox 565 2939 605 3002; x_wconf 87' lang='grc' dir='ltr'><strong>Ι,</strong></span> <span class='ocrx_word' id='word_1_224' title='bbox 648 2945 673 2990; x_wconf 90' lang='grc'>1</span> <span class='ocrx_word' id='word_1_225' title='bbox 692 2956 714 2993; x_wconf 74' lang='lat' dir='ltr'><strong>t·</strong></span> 
     </span>
     <span class='ocr_line' id='line_1_30' title="bbox 254 3036 1712 3107; baseline -0.001 -18"><span class='ocrx_word' id='word_1_226' title='bbox 254 3038 390 3089; x_wconf 86' lang='lat' dir='ltr'><strong>Nam</strong></span> <span class='ocrx_word' id='word_1_227' title='bbox 420 3048 650 3091; x_wconf 82' lang='lat' dir='ltr'><strong>veneror</strong></span> <span class='ocrx_word' id='word_1_228' title='bbox 685 3053 776 3092; x_wconf 74' lang='lat' dir='ltr'><strong>seu</strong></span> <span class='ocrx_word' id='word_1_229' title='bbox 812 3038 970 3107; x_wconf 78' lang='lat' dir='ltr'><strong>stipes</strong></span> <span class='ocrx_word' id='word_1_230' title='bbox 1008 3039 1165 3089; x_wconf 87' lang='lat' dir='ltr'><strong>habet</strong></span> <span class='ocrx_word' id='word_1_231' title='bbox 1202 3036 1436 3090; x_wconf 80' lang='lat' dir='ltr'><strong>desertus</strong></span> <span class='ocrx_word' id='word_1_232' title='bbox 1474 3037 1528 3088; x_wconf 93' lang='lat' dir='ltr'><strong>in</strong></span> <span class='ocrx_word' id='word_1_233' title='bbox 1563 3037 1712 3102; x_wconf 77' lang='lat' dir='ltr'><strong>angS,</strong></span> 
     </span>
     <span class='ocr_line' id='line_1_31' title="bbox 330 3132 1468 3202; baseline 0.001 -17"><span class='ocrx_word' id='word_1_234' title='bbox 330 3132 434 3186; x_wconf 85' lang='lat' dir='ltr'><strong>Seu</strong></span> <span class='ocrx_word' id='word_1_235' title='bbox 470 3145 620 3187; x_wconf 82' lang='lat' dir='ltr'><strong>vetus</strong></span> <span class='ocrx_word' id='word_1_236' title='bbox 654 3134 714 3187; x_wconf 63' lang='lat' dir='ltr'>h</span> <span class='ocrx_word' id='word_1_237' title='bbox 747 3136 902 3188; x_wconf 80' lang='lat' dir='ltr'><strong>trivio</strong></span> <span class='ocrx_word' id='word_1_238' title='bbox 937 3135 1100 3187; x_wconf 87' lang='lat' dir='ltr'><strong>florea</strong></span> <span class='ocrx_word' id='word_1_239' title='bbox 1138 3146 1274 3187; x_wconf 83' lang='lat' dir='ltr'><strong>serta</strong></span> <span class='ocrx_word' id='word_1_240' title='bbox 1309 3135 1468 3202; x_wconf 75' lang='lat' dir='ltr'><strong>lapisz</strong></span> 
     </span>
    </p>
   </div>
   <div class='ocr_carea' id='block_1_5' title="bbox 259 3235 1783 3403">
    <p class='ocr_par' dir='ltr' id='par_1_6' title="bbox 259 3235 1783 3403">
     <span class='ocr_line' id='line_1_32' title="bbox 259 3235 1783 3307; baseline -0.01 -10"><span class='ocrx_word' id='word_1_241' title='bbox 259 3237 322 3287; x_wconf 63' lang='lat' dir='ltr'><strong>Et</strong></span> <span class='ocrx_word' id='word_1_242' title='bbox 361 3237 715 3307; x_wconf 68' lang='lat' dir='ltr'><strong>quodcunque</strong></span> <span class='ocrx_word' id='word_1_243' title='bbox 752 3239 879 3290; x_wconf 89' lang='lat' dir='ltr'><strong>mihi</strong></span> <span class='ocrx_word' id='word_1_244' title='bbox 919 3255 1133 3306; x_wconf 87' lang='lat' dir='ltr'><strong>pomum</strong></span> <span class='ocrx_word' id='word_1_245' title='bbox 1174 3255 1342 3290; x_wconf 83' lang='lat' dir='ltr'><strong>novus</strong></span> <span class='ocrx_word' id='word_1_246' title='bbox 1382 3235 1567 3288; x_wconf 85' lang='lat' dir='ltr'><strong>educat</strong></span> <span class='ocrx_word' id='word_1_247' title='bbox 1601 3251 1783 3295; x_wconf 84' lang='lat' dir='ltr'><strong>annus,</strong></span> 
     </span>
     <span class='ocr_line' id='line_1_33' title="bbox 331 3331 1501 3403; baseline -0.002 -21"><span class='ocrx_word' id='word_1_248' title='bbox 331 3331 574 3384; x_wconf 77' lang='lat' dir='ltr'><strong>Libatum</strong></span> <span class='ocrx_word' id='word_1_249' title='bbox 610 3335 884 3402; x_wconf 83' lang='lat' dir='ltr'><strong>agricolam</strong></span> <span class='ocrx_word' id='word_1_250' title='bbox 921 3335 1137 3403; x_wconf 84' lang='lat' dir='ltr'><strong>ponitur</strong></span> <span class='ocrx_word' id='word_1_251' title='bbox 1175 3345 1291 3386; x_wconf 87' lang='lat' dir='ltr'><strong>ante</strong></span> <span class='ocrx_word' id='word_1_252' title='bbox 1330 3334 1501 3385; x_wconf 89' lang='lat' dir='ltr'><strong>deum.</strong></span> 
     </span>
    </p>
   </div>
  </div>
 </body>
</html>
