2158 3750
279 259 348 309 40
685 251 1041 308 COMMENT
1043 254 1153 306 AR.
1187 254 1264 307 IN
1302 254 1598 339 TIBULLIV

285 402 360 444 Sic
385 399 587 458 praemia
618 399 685 443 hic
717 385 796 456 pro
828 399 1011 455 pecunia
1041 398 1179 452 dicta,
1221 404 1270 441 ut
1308 404 1427 441 recte
1454 400 1858 444 Wunnssnuomus
1891 413 1986 443 mo-

283 490 368 529 net.
434 486 623 527 Notante
656 483 807 526 Nomo
839 497 876 525 c.
907 486 951 526 2,
994 495 1060 525 nr.
1089 486 1192 527 629.
1236 483 1546 538 praemiatores
1574 482 1830 525 dicebantur
1856 495 1986 538 prae-

283 570 418 611 dones
449 567 487 609 h.
519 580 558 611 e.
590 567 663 621 qui
694 565 859 607 insidiis
889 566 1117 608 nocturni»
1142 567 1305 608 lucrum
1336 569 1562 619 quaerunt.
1624 565 1834 606 Similitee
1861 566 1986 607 Pno-

284 663 421 692 nssn'r.
450 648 529 702 111,
563 652 634 701 13,
664 650 747 690 46:
777 646 871 690 sive
893 654 1031 703 petas
1062 647 1234 690 calamo
1258 646 1463 704 praemia
1495 646 1588 689 sive
1619 660 1742 692 cane,
1772 651 1818 689 et
1848 647 1986 690 Ovm.

283 729 469 773 Remed.
511 731 658 772 Amor.
690 731 803 771 208:
845 727 990 770 lenius
1029 735 1099 770 est
1141 728 1365 776 studium,
1410 728 1614 771 studium
1656 736 1831 775 tamen,
1877 728 1990 770 alite

286 819 424 868 capta
461 819 545 852 aut
580 810 672 852 lino
713 818 798 852 aut
831 808 1017 852 calamis
1039 810 1245 866 praemia
1273 824 1422 866 parva
1450 810 1602 868 sequi,
1647 815 1715 854 est
1745 812 1987 865 venatione,

284 897 486 951 aucupio,
518 895 754 950 piscatione
775 895 942 937 lucrum
964 907 1174 949 quaerere
1201 900 1246 937 et
1270 894 1528 938 mercedem.
1589 894 1830 947 Potestque
1855 894 1985 936 etiam

289 978 429 1032 ipsum
460 977 632 1029 animal,
666 978 757 1032 ipsa
788 989 858 1018 res
891 982 1016 1032 rapta
1047 978 1284 1030 praemium
1316 977 1417 1029 dici,
1461 982 1510 1018 ut
1540 976 1723 1018 HonA'r.
1755 975 1900 1031 Epod.
1930 976 1991 1029 11,

286 1062 360 1101 36.
407 1059 544 1101 Ovm.
577 1058 684 1100 Met.
721 1058 795 1110 vl,
826 1061 930 1100 518.
991 1058 1220 1100 Postremo
1250 1057 1304 1100 ad
1336 1063 1476 1100 totum
1521 1057 1736 1101 distichon
1767 1058 1989 1101 Hssxmus

287 1143 457 1186 confert
484 1143 773 1184 Amin-covus.
806 1142 847 1182 in
880 1141 1124 1183 Maecenat.
1156 1141 1260 1183 obit.
1293 1145 1367 1185 29.
1399 1146 1482 1185 30:
1516 1143 1659 1184 Nocte
1689 1140 1772 1184 sub
1803 1141 1994 1184 obscura

285 1227 387 1283 qais
419 1234 463 1266 te
489 1224 704 1281 spoliavit
736 1222 995 1265 amantem?
1055 1224 1169 1280 Quis
1199 1225 1357 1283 tetigit
1386 1225 1534 1283 ferro,
1567 1225 1723 1268 durior
1759 1226 1880 1282 ipse,
1921 1226 1994 1269 la-

286 1304 484 1348 tus?·--
515 1307 567 1350 V.
601 1309 659 1348 29
690 1320 757 1360 sq.
789 1311 1066 1361 tutusque
1095 1319 1403 1362 sacerque,
1434 1307 1478 1352 h.
1511 1321 1550 1352 e.
1585 1319 1684 1352 cum
1713 1310 1770 1353 sit
1801 1315 1919 1352 tutus
1950 1315 1996 1352 et

288 1403 425 1435 sacer.
487 1391 692 1432 Ceterum
724 1391 956 1446 particulas
987 1405 1072 1448 que
1099 1412 1158 1440 ···.·
1187 1405 1298 1448 que,
1336 1406 1421 1449 que
1450 1412 1511 1424 -—
1540 1399 1587 1433 et
1617 1393 1825 1455 pluribng
1840 1406 1993 1438 exem-

286 1473 372 1528 plis
398 1472 589 1515 ostendit
620 1474 1051 1528 Wrmnnnmcnms,
1094 1480 1144 1518 ut
1172 1475 1288 1531 apud
1320 1477 1517 1519 Graecos
1547 1491 1598 1518 τε
1628 1496 1684 1511 --
1721 1480 1824 1528 :0205
1855 1479 1991 1525 etiam

288 1557 499 1599 similibus
531 1563 576 1601 et
618 1570 768 1614 parum
800 1559 1005 1629 diversis⁴
1027 1560 1274 1603 notionibus
1318 1561 1574 1616 copulandis
1602 1563 1836 1618 inservire,-
1877 1570 1928 1608 nt
1955 1566 1991 1618 1,

289 1645 332 1695 9,
355 1645 429 1685 20.
462 1643 519 1696 11,
542 1647 584 1696 3,
608 1646 679 1686 25.
744 1644 916 1687 Addere
946 1645 1158 1688 debebat:
1189 1647 1281 1688 fieri
1312 1645 1395 1690 hoc
1426 1648 1469 1690 in
1500 1649 1864 1704 amplificatione}
1892 1651 1995 1695 vide

289 1738 402 1779 quae
443 1728 590 1769 monui
629 1727 684 1769 ad
730 1729 873 1772 Pmn.
903 1729 975 1774 01.
1005 1729 1125 1783 XIV,
1155 1733 1199 1773 5.
1243 1744 1286 1786 p.
1318 1733 1422 1774 157.
1461 1754 1523 1763 -
1570 1744 1676 1776 non
1706 1754 1766 1764 ——-
1801 1733 1996 1788 decet,

288 1812 410 1853 recte
441 1815 486 1853 et
516 1823 723 1864 nervose3
753 1825 859 1856 cave
889 1825 987 1856 cum
1019 1814 1399 1856 Wunnssnmcmo
1430 1828 1510 1856 nec
1540 1815 1723 1871 probes,
1748 1816 1871 1871 quod
1902 1817 1998 1862 lan·

289 1894 483 1948 gnidum.
544 1894 743 1950 Denique
774 1895 827 1939 ad
859 1901 998 1940 totum
1038 1898 1178 1942 locum
1221 1898 1372 1942 confer
1401 1898 1517 1941 idem
1547 1897 1691 1942 thema
1722 1912 1749 1942 a
1778 1900 1999 1943 Pnornn-

291 1990 370 2019 0110
400 1981 657 2030 tractatum,
698 1978 778 2032 111,
811 1982 883 2032 16,
916 1982 969 2022 11
1003 1993 1100 2034 sqq.
1129 2002 1188 2011 —
1232 1981 1286 2023 V.
1317 1983 1372 2022 31
1406 1994 1471 2036 sq.
1532 1981 1715 2024 Dixerat
1745 1981 1801 2024 de
1832 1981 1997 2026 insidiis

292 2064 339 2103 et
366 2061 593 2116 periculis;
623 2075 736 2104 nunc
760 2063 928 2118 pergit:
965 2063 1124 2104 Etiam
1152 2046 1309 2106 hiemis
1339 2063 1408 2107 vis
1437 2080 1526 2107 non
1551 2074 1679 2108 nocet
1709 2066 1831 2113 mihi,
1860 2067 2000 2110 etiam

292 2142 450 2187 hiemis
491 2143 582 2186 vim
612 2146 742 2203 facit
779 2148 931 2189 Venus
970 2155 1024 2189 ut
1067 2146 1161 2190 sine
1204 2146 1366 2189 damno
1389 2146 1571 2205 feram,
1622 2147 1732 2206 quia
1761 2163 1849 2190 non
1878 2149 2000 2192 iners

290 2243 390 2269 sum
421 2244 500 2270 nec
532 2229 700 2271 declino
730 2228 924 2272 laborem
953 2238 1000 2272 et
1032 2231 1275 2274 molestias.
1348 2231 1419 2282 Ne
1454 2231 1605 2273 dubita
1635 2231 1749 2274 enim
1779 2243 1893 2274 nunc
1922 2243 1999 2274 te·

292 2310 403 2364 spici
445 2323 471 2352 a
512 2316 641 2366 poeta
683 2311 862 2355 alteram
906 2317 1072 2368 partem
1115 2311 1287 2356 distichi
1316 2313 1553 2368 superioris
1583 2325 1624 2356 v.
1654 2316 1738 2357 232
1780 2327 1892 2371 quoe
1918 2327 2000 2358 nea

289 2392 458 2435 inertia
494 2393 670 2437 tardat.
699 2417 760 2427 --
807 2397 1000 2451 pigra,
1051 2398 1208 2452 quibus
1249 2398 1396 2452 rigent
1440 2397 1646 2440 membra.
1707 2394 1888 2439 Luem.
1920 2395 2000 2448 lv,

290 2478 366 2520 50.
406 2479 510 2521 652.
537 2499 599 2510 —·
644 2478 699 2521 V.
732 2480 805 2521 33.
850 2479 1015 2522 labor
1054 2477 1174 2532 hic,
1218 2477 1300 2521 hae
1342 2478 1567 2522 molestiae
1608 2477 1790 2532 frigori·
1826 2481 1874 2520 et
1914 2477 2001 2526 lm-

292 2557 447 2600 brium.
488 2582 550 2592 -
611 2559 823 2613 laedit,
882 2559 971 2602 noli
1022 2558 1171 2601 laedet
1214 2565 1292 2603 aut
1332 2559 1487 2601 laedat
1532 2557 1859 2613 commendare,
1909 2570 1999 2614 quo

292 2639 567 2694 frangeretur
599 2642 664 2683 vis
696 2641 795 2685 loci.
856 2641 993 2684 Immo
1024 2642 1110 2684 iam
1140 2654 1254 2684 nunc
1285 2643 1510 2698 experitur
1541 2641 1648 2684 haec
1679 2641 1855 2693 omnia,
1895 2639 2000 2684 dum

222 2774 227 2790 Ι
292 2724 482 2776 agitatus
525 2724 642 2765 curis
683 2725 843 2767 amoris
885 2737 965 2780 per
1005 2726 1158 2768 urbem
1197 2729 1338 2778 errat,
1384 2739 1464 2767 nec
1505 2731 1663 2767 nocent
1705 2722 1747 2765 ei
1786 2730 1874 2765 aut
1916 2738 1997 2767 no·-

295 2802 459 2845 cebunt
499 2804 580 2849 hae
622 2808 875 2862 molestiae,
921 2809 959 2851 si
1002 2809 1132 2852 modo
1174 2808 1291 2853 fores
1320 2809 1475 2852 Deliae
1505 2820 1591 2852 non
1621 2820 1794 2864 semper
1823 2809 1999 2851 clausae

292 2889 391 2932 sint.
455 2890 660 2935 Ceterum
702 2892 815 2936 adde
843 2893 1211 2937 thnssnmcnn
1242 2894 1494 2938 Observatt.
1522 2915 1582 2926 —-
1629 2893 1685 2938 V.
1715 2894 1790 2936 34.
1831 2897 2002 2937 vocet

293 2969 361 3012 ad
403 2973 682 3027 sonitum,
730 2979 780 3017 ut
804 2974 978 3030 ‘sequar
1008 2977 1196 3019 sonitum
1226 2976 1365 3030 digiti.
1396 2998 1456 3007 —
1509 2977 1657 3031 Atque
1684 2975 1792 3020 haec
1821 2974 1999 3029 quidem

294 3053 350 3097 de
381 3052 459 3098 his.
519 3055 766 3101 Exsecutus
799 3063 867 3101 est
898 3065 1028 3115 poeta
1067 3062 1307 3105 sententiae
1353 3060 1540 3105 disticho
1579 3074 1649 3105 vv.
1679 3063 1754 3104 23.
1786 3062 1859 3104 24.
1893 3065 1998 3116 pro-'-

294 3139 464 3193 positae
494 3146 719 3197 utramque
750 3149 931 3199 partem.
994 3145 1169 3189 Transit
1200 3160 1312 3189 nunc
1345 3147 1403 3190 ad
1433 3148 1631 3190 ultimum
1666 3147 1835 3198 locum,
1868 3156 1998 3200 quem

294 3219 366 3264 hic
398 3225 616 3269 tractabit.
648 3251 708 3258 —
754 3228 807 3271 V.
849 3232 908 3271 35
937 3242 1032 3283 sqq.
1109 3231 1276 3273 Sensus
1318 3231 1403 3274 loci
1447 3235 1492 3274 et
1521 3243 1660 3273 nexus
1689 3242 1787 3272 cum
1819 3235 2000 3272 antece-

294 3303 498 3348 dentibus
543 3306 611 3350 hic
654 3311 747 3361 est,
787 3313 834 3351 ut
869 3310 1062 3354 videtur:
1111 3313 1260 3358 Quare
1291 3313 1421 3355 etiam
1453 3325 1608 3355 nomen
1639 3324 1783 3354 meum
1814 3324 1869 3355 ne
1901 3312 2000 3366 quis

293 3389 447 3443 prodat
491 3392 671 3445 marito,
716 3394 790 3447 qui
834 3394 877 3436 iu
921 3399 1007 3438 tam
1051 3400 1171 3440 certa
1217 3397 1352 3439 tutela
1394 3397 1476 3440 aim
1523 3395 1716 3440 Veneris.
1753 3416 1808 3428 -—
1869 3395 2001 3437 Par-
