2158 3750
292 216 395 264 246
679 216 1146 268 COMMENTAR.
1185 218 1259 267 IN
1299 219 1584 270 TIBULLI

299 359 385 400 tius
415 359 680 410 accelerata,
712 357 746 410 Ι,
784 361 854 411 lo,
885 361 930 400 3.
962 361 1002 401 4.
1037 383 1093 390 —
1141 361 1438 414 geminare
1471 361 1762 415 pericula,
1803 362 1996 416 periculo

299 454 354 483 ex
386 441 490 484 mari
520 453 616 483 cum
647 441 779 484 addat
811 443 1046 498 periculum
1078 456 1134 486 ex
1167 444 1346 499 proeliis
1377 443 1616 497 navalibus,
1646 447 1696 487 ut
1726 449 1997 499 pentameter

296 524 520 577 significat.
554 546 612 553 -
659 537 803 578 vago
835 530 1036 580 ponto,
1080 526 1204 567 undis
1236 525 1357 579 vagis
1386 526 1562 568 iactato.
1623 524 1747 568 Idem
1777 523 1997 581 epitheton

296 607 403 649 infra
429 605 486 659 ΙΙ,
517 611 560 659 6,
588 611 631 651 3.
654 631 713 640 -
745 607 941 651 dubiis
972 610 1231 663 ratibus,
1261 610 1584 652 fluctuantibus.
1615 610 1753 652 Ovu).
1786 610 1879 653 Art.
1902 609 1998 655 Am.

294 690 351 744 11,
381 695 484 734 514.
516 696 696 737 558.—
734 694 783 737 V.
816 696 871 736 41
905 707 972 750 sq.
1004 694 1042 736 P
1061 693 1363 747 raedator‚
1394 693 1535 736 redux
1565 707 1591 736 e
1622 693 1738 736 bello
1770 696 1998 748 postquam

296 773 454 828 praeda
495 787 543 818 se
586 775 748 818 ditavit.
812 777 1084 831 Quamquam
1117 775 1228 819 enim
1260 775 1375 830 quod
1406 776 1628 830 sequitur,
1673 774 1861 817 omnium
1893 785 1999 815 ava·

293 867 437 898 rorum
473 861 517 900 et
547 857 726 902 divitum
760 864 877 913 erat,
927 865 1056 917 poeta
1098 865 1242 903 tamen
1281 860 1448 903 nonnisi
1492 859 1547 902 de
1576 859 1712 902 milite
1741 856 1999 913 praedatore

298 938 489 992 loquitur
519 953 543 982 e
579 940 696 983 bello
728 955 929 997 reverso,
962 947 1008 986 et
1038 945 1154 999 loqui
1179 943 1247 987 hic
1278 944 1431 998 debet,
1463 941 1579 998 quod
1609 955 1694 986 non
1723 944 2001 997 reputaverat

296 1021 524 1067 Hermus.
587 1025 708 1068 Talis
750 1028 860 1070 enim
905 1033 997 1071 erat
1028 1027 1170 1071 rivalis
1200 1029 1373 1071 Tibulli.
1405 1051 1463 1059 -
1508 1027 1668 1084 cupit
1709 1025 2000 1078 obsidere,

297 1106 471 1149 coemit.
546 1107 707 1151 Notum
755 1122 858 1151 vero
906 1110 1094 1152 studium
1148 1123 1325 1165 pravum
1371 1111 1552 1152 istorum
1598 1114 1842 1164 temporum
1888 1109 2000 1149 latas

297 1201 498 1241 agrorum
549 1192 844 1245 possessiones
889 1191 1110 1234 coemendi
1157 1191 1210 1234 ad
1254 1204 1414 1247 pascua
1459 1196 1535 1233 aut
1577 1191 1805 1233 arationes·
1863 1190 2002 1232 Pun.

296 1270 459 1325 XVIII,
490 1276 544 1315 6:
594 1272 849 1330 latifundia
875 1273 1110 1330 perdidere
1150 1273 1382 1325 Italiam„
1403 1273 1493 1314 iam
1526 1287 1629 1315 vero
1657 1279 1704 1313 et
1729 1270 2000 1328 provincias.

296 1355 382 1393 Sex
431 1352 594 1395 domini
643 1355 863 1398 semissem
908 1356 1103 1415 Africae
1147 1353 1462 1414 possidebant,
1510 1370 1610 1398 cum
1652 1353 1884 1411 interfecit
1929 1369 2001 1398 eos

299 1437 416 1478 Nero
451 1437 672 1495 princeps.
741 1440 848 1483 Vide
894 1442 1017 1497 plura
1063 1455 1130 1497 ap.
1175 1443 1507 1494 Gssmnmmm,
1553 1441 1624 1495 qui
1668 1453 1767 1483 cum
1797 1439 2002 1482 aliatum

297 1521 602 1564 QUINTIMAN.
636 1522 872 1567 Declamat.
905 1522 1026 1566 XIII.
1072 1522 1212 1565 affert.
1274 1522 1385 1566 Add.
1430 1523 1671 1577 interprett.
1715 1519 1771 1563 ad
1815 1520 2000 1564 HonA'r.

299 1604 332 1656 1,
362 1607 402 1656 1,
431 1607 472 1646 9.
504 1603 583 1658 ΙΙΙ,
612 1608 681 1659 16,
707 1608 778 1648 40.
812 1610 857 1649 et
887 1607 1049 1650 Invi-m.
1078 1606 1158 1660 IX,
1188 1610 1261 1651 54.
1294 1631 1352 1639 -—
1386 1608 1456 1649 Ut
1488 1621 1579 1663 pas
1594 1611 1710 1660 cat,
1740 1605 1796 1649 ad
1827 1619 2002 1662 pascue,

299 1687 354 1729 cf.
386 1687 568 1730 Honu'.
601 1689 658 1742 11,
688 1693 732 1742 3,
766 1693 834 1733 17.
868 1691 970 1746 ibiq.
1004 1691 1245 1747 iuterprett.
1310 1691 1396 1734 Ubi
1439 1691 1572 1745 igitur
1613 1691 1766 1734 melius
1810 1688 2001 1733 homines

297 1770 488 1814 viverent
530 1785 626 1815 cum
667 1773 875 1816 uxoribus
919 1779 964 1817 et
1004 1774 1175 1828 liberis,
1217 1787 1322 1818 oves
1364 1775 1446 1818 iste
1491 1775 1580 1818 alit.
1643 1774 1790 1818 Etiam
1820 1775 2000 1817 clientes

297 1867 508 1910 pauperes
546 1855 600 1897 ab
636 1856 777 1898 avaris
806 1856 901 1899 istis
934 1857 1227 1912 pellebantur,
1260 1856 1360 1900 vide
1389 1855 1614 1913 pulchrum
1645 1857 1788 1900 locum
1820 1856 2000 1901 Horu-r.

298 1938 382 1980 Od.
412 1938 468 1991 ll,
503 1941 572 1991 18,
602 1941 675 1982 26.
706 1939 807 1994 ibiq.
842 1940 1139 1983 Mrrscmzm..
1171 1964 1228 1972 —-
1273 1941 1454 1984 multo
1486 1941 1710 1996 ingere,
1752 1941 2000 1983 innume·

298 2031 408 2061 ram
451 2032 629 2072 ovem,
676 2020 773 2062 vide
815 2019 870 2063 de
908 2022 1114 2075 singulari
1158 2022 1214 2064 ad
1256 2023 1293 2076 Ι,
1330 2025 1374 2076 3,
1405 2026 1480 2064 28.
1553 2024 1775 2079 Scriptum
1818 2024 1930 2066 enim
1974 2038 2000 2066 a

298 2101 473 2144 Tibullo
507 2102 637 2145 credo
668 2115 765 2146 cum
795 2103 890 2146 aliis
922 2116 1031 2146 nou:
1085 2104 1148 2145 Ut
1190 2102 1336 2144 malta
1376 2103 1608 2146 innumera
1639 2103 1800 2162 iugera
1837 2113 2000 2161 pascat

300 2199 404 2230 ove,
448 2185 552 2228 sed:
601 2191 661 2228 ut
705 2187 885 2229 multo
932 2187 1277 2230 innumeram
1323 2187 1525 2241 iugere
1571 2192 1770 2243 pascat
1818 2201 2002 2242 ovem,

300 2279 555 2320 quamquam
600 2267 802 2309 librorum
842 2269 1076 2309 auctoritas
1120 2267 1179 2309 illi
1222 2269 1399 2310 lectioni
1445 2269 1582 2322 magis
1614 2268 1760 2311 favere
1789 2268 1999 2313 videatur.

300 2349 390 2392 Sed
431 2363 554 2403 cum,
601 2350 858 2393 observante
898 2350 1119 2404 Hermo,
1166 2364 1246 2406 pro
1288 2349 1439 2409 ingere
1481 2351 1687 2407 scriptum
1732 2350 1844 2394 forte
1885 2358 2001 2394 esset

299 2435 480 2492 iugera,
511 2439 559 2477 ut
590 2447 684 2477 mos
713 2434 1008 2487 librariorum,
1042 2435 1200 2478 exinde
1231 2441 1392 2478 mutata
1426 2435 1603 2490 reliqua.
1666 2434 2003 2489 Quod-sequor,

300 2516 380 2558 etsi
414 2516 581 2559 nonnisi
614 2515 695 2559 hoc
726 2517 823 2559 loco
864 2515 1046 2558 habetur
1076 2517 1213 2559 forma
1254 2516 1430 2559 ablativi
1464 2517 1695 2571 singularis
1725 2515 1903 2574 ingere,
1945 2515 2002 2560 cf.

299 2600 478 2642 ZUMPT.
507 2599 562 2642 ad
595 2601 735 2643 Cicer.
771 2601 938 2644 Verrin.
973 2616 1014 2657 p.
1047 2604 1148 2645 475.
1214 2601 1325 2644 Nam
1355 2607 1403 2643 ut
1436 2606 1601 2643 taceam
1632 2597 1822 2642 nondum
1852 2609 2002 2641 exem-

301 2685 383 2739 plis
414 2684 638 2740 probatam
681 2686 965 2729 locutionemt
1006 2700 1187 2743 pascere
1218 2701 1297 2728 ove
1325 2685 1482 2744 iugera
1514 2697 1579 2740 pr.
1611 2684 1872 2739 depascere,
1902 2695 2004 2726 sen-

298 2767 430 2809 tentia
460 2768 688 2812 manifesto
718 2770 987 2813 incommoda
1019 2775 1086 2813 est
1115 2775 1160 2813 et
1191 2771 1340 2813 aliena.
1403 2769 1502 2812 Non
1533 2768 1679 2812 dicere
1710 2768 1802 2811 vult
1836 2771 1997 2824 poeta=

297 2849 529 2904 praedator
557 2851 787 2895 immensos
818 2852 954 2894 saltus
984 2852 1143 2894 coemit
1175 2857 1223 2894 ut
1263 2865 1339 2895 eos
1370 2851 1606 2908 depascere
1642 2850 1775 2906 possit
1803 2849 2002 2892 innume-

299 2932 357 2974 ris
389 2933 563 2987 ovibuS‚
595 2934 695 2978 sed:
739 2940 788 2977 ut
819 2936 935 2978 alere
967 2937 1102 2992 possit
1133 2941 1176 2980 et
1207 2935 1364 2979 habere
1396 2936 1604 2992 plurimos
1643 2946 1802 2989 greges
1843 2933 2000 2986 ovium,

298 3014 411 3067 quod
455 3016 593 3071 ipsum
636 3017 679 3058 in
717 3018 852 3059 altera
893 3018 1077 3061 lect10ne
1116 3018 1240 3061 inest.
1305 3018 1465 3061 Contra
1496 3017 1611 3074 apud
1643 3017 2000 3060 Dauos-menen

299 3095 353 3137 de
386 3097 554 3140 Corona
600 3113 642 3154 p.
674 3102 777 3142 278.
822 3099 931 3142 bene
973 3101 1134 3144 dictum
1179 3106 1245 3144 est
1287 3097 1367 3157 τήν
1410 3096 1526 3158 ἱεράν
1563 3096 1712 3157 χώραν
1757 3093 2002 3154 βοσκήμασι

299 3181 573 3227 κατανέμειν,
622 3181 692 3222 ubi
738 3181 792 3222 de
836 3182 992 3224 invasis
1034 3183 1088 3225 ab
1132 3182 1508 3239 Amphissensibus
1537 3182 1654 3237 agris
1683 3194 1839 3225 sermo.
1905 3182 2002 3224 Hoc

300 3263 442 3302 autem
474 3262 571 3304 loco
603 3262 742 3305 aliena
774 3268 840 3306 est
883 3265 1068 3317 locuti03
1119 3270 1164 3308 at
1208 3271 1325 3308 recte
1370 3265 1510 3321 potuit
1551 3265 1698 3306 dicere
1740 3263 1869 3305 etiam
1911 3263 1998 3304 sic:

301 3349 346 3386 ut
379 3346 509 3388 multa
540 3347 692 3401 iugera
726 3353 874 3404 pascat
908 3350 1025 3403 ovis,
1060 3349 1098 3392 h.
1133 3365 1169 3393 e.
1205 3355 1248 3392 ut
1286 3353 1418 3392 inulta
1449 3352 1598 3403 iugera
1632 3346 1786 3390 habeat
1817 3344 1998 3402 praedu-

2127 3539 2158 3750 3
