2158 3750
662 249 843 302 LIBR.
883 249 976 301 IV.
1048 249 1261 301 CARM.
1302 250 1344 301 1.
1742 257 1845 305 415

148 391 230 434 diis
260 389 343 434 hoc
373 391 544 447 saepius
573 392 709 446 legaS,
738 390 816 434 sed
846 391 992 434 Iovem
1024 390 1247 446 Optimum
1273 389 1513 436 Maximum
1542 390 1655 435 bene
1685 393 1841 437 obser..

150 480 222 516 vat
255 474 474 517 Harmas
516 486 565 517 se
609 486 695 516 non
739 473 984 515 meminisse
1025 472 1089 514 sic
1131 471 1366 516 inductum.
1395 496 1454 504 —
1499 474 1615 517 levi
1654 479 1839 531 curru,

148 557 222 610 qui
261 556 378 599 facili
417 558 540 612 lapsu
581 556 888 610 descenderet,
933 562 983 599 ut
1024 554 1236 599 vehuntur
1279 556 1352 599 dii.
1383 580 1444 588 —
1492 559 1655 602 caelo
1696 560 1838 602 vici-

149 652 296 693 num,
341 637 381 680 h.
414 652 453 681 e.
485 653 542 682 ex
579 640 685 695 ipsis
725 638 944 680 altIssimis
982 637 1233 692 regionibus
1272 638 1327 680 ad
1359 637 1466 682 haec
1507 654 1628 684 sacra
1657 641 1840 684 descen-

148 721 269 763 dens.
298 744 358 752 —
401 722 636 765 additus
674 721 817 775 aris,
865 722 1078 775 exquisite
1117 735 1183 777 pr.
1226 723 1465 777 impositus.
1512 725 1750 769 Pnopnnw.
1780 726 1840 778 II,

146 807 219 858 13,
250 808 334 847 33:
389 807 453 846 Et
492 805 555 846 sit
595 804 643 846 in
671 803 833 862 exiguo
866 803 1028 845 laurus
1066 803 1364 860 superaddita
1402 804 1546 847 busto.
1608 807 1726 850 Cave
1755 821 1835 850 au-

145 891 232 928 tem
264 899 362 928 cum
393 887 770 928 messnucmo
803 898 908 926 nam
939 886 1144 940 suppleas
1176 886 1292 940 quod
1324 887 1539 941 ieiunum3
1569 890 1699 932 immo
1731 889 1837 934 haec

147 974 215 1011 est
243 970 478 1011 sententiaz
514 981 601 1022 quo
631 967 747 1010 facto
776 966 932 1009 laetior
962 966 1099 1009 eluxit
1131 967 1257 1022 ignis.
1320 969 1556 1012 Continent
1587 972 1699 1014 enim
1731 970 1839 1015 haec

146 1053 278 1094 verba
320 1052 665 1094 consecutionem
705 1050 1054 1093 antecedentium
1101 1055 1146 1093 et
1190 1057 1290 1093 sunt
1334 1065 1414 1107 pro
1463 1066 1612 1096 eorum
1658 1054 1839 1110 apodosi

143 1133 228 1187 (da
258 1133 503 1181 leuchtete,
535 1133 631 1175 und
658 1131 868 1175 alsobald
894 1132 1156 1188 leucbtete).
1219 1133 1349 1179 Quod
1382 1148 1519 1188 genus
1550 1137 1839 1179 constructio-

141 1216 207 1258 nis
237 1216 293 1259 ad
327 1219 584 1262 Pmmntm
625 1217 840 1273 explicui,
886 1217 985 1260 vide
1016 1216 1261 1260 Excursum
1293 1217 1349 1260 de
1380 1219 1602 1272 Asyndeto
1644 1220 1768 1264 Tom.
1799 1220 1838 1264 Ι.

142 1314 185 1355 p.
219 1302 322 1342 276.
384 1301 460 1343 Sic
496 1301 593 1342 finis
634 1300 719 1342 loci
760 1304 828 1341 est
866 1312 971 1341 vere
1015 1300 1226 1354 poeticus.
1259 1323 1315 1331 —
1364 1305 1619 1344 structos
1662 1314 1837 1358 super

144 1383 410 1436 acervds,
452 1384 648 1437 intellige
690 1383 891 1426 victimae
933 1388 1079 1438 partes
1120 1396 1220 1426 arae
1258 1385 1480 1439 impositas
1512 1398 1592 1428 nec
1623 1399 1710 1428 non
1741 1391 1838 1428 tura

134 1466 323 1508 incensa.
352 1488 413 1496 —
457 1466 510 1509 V.
543 1468 628 1508 135
652 1479 746 1520 sqq.
807 1464 1024 1506 Hortatur
1054 1477 1168 1507 nunc
1209 1466 1467 1522 Messalam,
1501 1473 1549 1510 ut
1581 1468 1644 1511 his
1682 1470 1837 1511 omini-

138 1549 219 1591 bus
249 1563 404 1605 parens
434 1550 603 1592 iamiam
633 1549 688 1591 ad
717 1549 880 1592 maiora
909 1562 958 1591 se
988 1548 1203 1602 accingat.
1238 1571 1292 1580 —
1325 1549 1635 1603 insistere,
1669 1554 1840 1594 incum—

143 1633 262 1676 bere.
295 1634 459 1678 Clcna.
486 1633 621 1676 Acad.
652 1633 729 1687 lv,
758 1637 841 1676 292
883 1631 1013 1675 rebus
1046 1630 1318 1674 illustribus.
1353 1654 1410 1664 —
1443 1635 1694 1687 Auguratur
1724 1647 1839 1676 nunc

145 1722 275 1772 poeta
314 1717 546 1760 Messalam
585 1720 629 1760 in
674 1719 872 1761 omnibus
916 1718 1032 1760 orbis
1077 1717 1273 1773 partibus
1317 1717 1480 1759 clarum
1523 1718 1742 1771 futurum,
1791 1723 1836 1761 et

142 1800 327 1854 plurima
368 1802 466 1842 loca
505 1805 730 1855 terrasque
770 1805 995 1852 recenset,
1040 1812 1147 1853 quas
1188 1798 1382 1841 aditurus
1425 1800 1480 1841 sit
1512 1812 1608 1842 cum
1641 1800 1838 1842 exercitu

136 1885 316 1928 victore.
375 1886 521 1939 Atque
550 1885 737 1927 instabat
775 1884 861 1926 isto
891 1896 1004 1925 anno
1049 1884 1208 1925 bellum
1252 1883 1479 1926 Octaviani
1509 1888 1660 1926 contra
1696 1886 1836 1927 Anto-

138 1968 285 2021 nium,
315 1969 462 2011 multis
490 1969 620 2011 rebus
650 1967 852 2022 gerendis
882 1979 1029 2009 ansam
1061 1967 1367 2022 praebiturum.
1431 1967 1636 2010 Ceterum
1669 1969 1835 2011 Gallias

139 2064 291 2094 revera
320 2052 552 2094 debellavit
580 2052 770 2094 Messala
801 2052 1058 2106 Aquitanico
1094 2051 1210 2094 bello
1241 2055 1291 2092 ut
1321 2064 1450 2107 supra
1482 2052 1517 2105 I,
1549 2056 1592 2094 7.
1635 2053 1834 2102 vidimus,

133 2135 465 2191 amposuitque
508 2138 661 2190 postea
705 2133 928 2187 Ciliciam,
974 2134 1173 2188 Syriam,
1220 2134 1494 2188 Aegyptum,
1536 2137 1586 2175 ut
1628 2138 1748 2176 certe
1793 2134 1836 2176 in

133 2219 425 2275 compluribus
456 2219 563 2261 locis
590 2223 743 2274 postea
773 2217 904 2261 fuerit
931 2217 1001 2261 hic
1030 2218 1292 2262 memoratis.
1323 2241 1384 2250 —
1428 2218 1625 2272 obvia,
1661 2219 1835 2261 obviam

133 2301 250 2344 facta
280 2301 336 2344 ad
367 2302 592 2357 proelium.
623 2323 677 2332 —
725 2300 938 2352 audax,
987 2300 1139 2352 ferox,
1189 2299 1540 2353 bellicosissima,
1585 2304 1634 2341 ut
1665 2300 1835 2343 abunde

133 2388 303 2426 constat
344 2395 401 2426 ex
443 2385 651 2426 Apmmo
693 2384 737 2424 in
781 2381 975 2426 IbericiS.
1048 2380 1172 2424 Adde
1219 2381 1406 2424 men.
1447 2404 1504 2412 -
1569 2380 1833 2424 Theraeo

133 2465 320 2507 tellus
361 2465 599 2508 obsessa
639 2465 871 2518 colono,
915 2464 1114 2518 Cyrene,
1154 2463 1276 2506 cuius
1308 2463 1554 2507 conditores
1586 2465 1688 2507 olim
1721 2464 1832 2508 duce

130 2551 264 2593 Batto
306 2564 362 2594 ex
404 2552 542 2594 insula
582 2549 726 2593 Thera
774 2554 1007 2602 venerant,
1062 2549 1117 2592 cf.
1160 2550 1408 2592 Hanono'r·
1440 2550 1517 2603 IV,
1559 2552 1619 2593 47
1648 2564 1742 2606 sqq.
1787 2557 1832 2595 et

129 2633 332 2676 Pmoun.
375 2631 504 2686 Pyth.
547 2632 628 2676 lv.
664 2636 710 2675 et
752 2632 806 2675 V.
882 2630 1005 2674 Adde
1051 2632 1271 2674 Mfinnssn.
1317 2632 1431 2676 Hist.
1477 2632 1680 2677 Orchom.
1727 2649 1831 2690 pag.

130 2719 221 2760 340
250 2731 343 2772 sqq.
407 2717 505 2759 Hoc
534 2722 732 2772 tempore
762 2716 974 2771 parebant
1014 2715 1122 2757 istae
1166 2716 1366 2769 regiones
1399 2717 1589 2758 Antonio
1622 2721 1665 2759 et
1698 2718 1834 2759 Cleo-

131 2806 296 2855 patrae.
368 2800 572 2842 Ceterum
602 2798 835 2855 adscripsit
867 2798 1138 2840 Huscnxms
1172 2797 1282 2840 duos
1313 2811 1462 2841 versus
1493 2799 1680 2852 similes»,
1723 2800 1834 2842 alte-

130 2895 224 2925 rum
256 2883 475 2925 Sannum
509 2881 566 2923 ad
606 2881 828 2924 Corsicam
869 2880 916 2923 1:
966 2880 1144 2923 Corsica
1186 2880 1392 2922 Plzocaeo
1436 2879 1572 2922 tellus
1614 2879 1829 2922 habitata

131 2962 305 3010 colono,
350 2968 397 3006 et
437 2964 672 3006 ΡΒτιοΜι
711 2963 894 3005 alterum
939 2962 993 3015 V,
1035 2965 1119 3004 10:
1168 2963 1256 3004 Sea
1300 2962 1650 3006 Lacedaemonio
1693 2963 1831 3006 tellus

129 3045 343 3087 habitata
373 3044 536 3087 colono.
568 3067 628 3077 —
674 3045 730 3090 V.
762 3046 849 3088 140
877 3057 972 3100 sqq.
1032 3044 1221 3099 Nilus,
1263 3045 1338 3089 ubi
1370 3046 1498 3089 sedes
1530 3048 1653 3102 regni
1686 3049 1828 3105 Antp-

130 3130 187 3173 nii
219 3134 264 3173 et
296 3128 569 3186 Cleopatrae.
631 3129 742 3173 Cum
773 3134 921 3173 antem
957 3130 1173 3174 Antonius
1212 3131 1445 3186 plerosque
1484 3143 1612 3185 reges
1653 3136 1698 3174 et
1741 3145 1824 3188 po-

129 3215 254 3269 pulos
284 3214 466 3271 imperio
496 3214 694 3257 orientali
722 3214 1019 3259 Romanorum
1051 3215 1242 3268 vicinos,
1283 3219 1332 3257 ut
1364 3214 1450 3257 Dio
1482 3214 1616 3258 refert
1646 3215 1742 3260 libr.
1774 3217 1828 3270 L,

130 3298 173 3337 6.
215 3294 270 3338 cs.
304 3309 435 3353 supra
466 3296 522 3339 ad
551 3295 589 3350 1,
625 3298 665 3350 l,
701 3298 802 3350 51„
846 3298 990 3341 socios
1036 3295 1241 3349 haberet,
1289 3302 1422 3353 poeta
1453 3298 1825 3353 magnificentiore

127 3379 322 3424 oratione
352 3394 481 3436 usus,
521 3379 882 3437 quemadmodum
912 3382 1043 3428 etiam
1075 3381 1148 3427 alii
1178 3385 1336 3438 poetae
1368 3382 1605 3436 gloriosius
1638 3382 1828 3436 loquun-
