2086 3756
850 231 896 281 T
899 229 1155 282 lssULLI.
1641 247 1848 283 Lxxxm

142 375 222 427 bis
259 373 475 426 eandem
511 375 734 426 formam
769 382 827 423 ut
865 371 1027 425 vides.
1110 369 1216 424 Sed
1253 370 1408 423 etiam
1444 370 1625 422 tertius
1662 372 1842 425 similis

140 472 286 522 locus
322 480 491 522 exstat
534 470 592 520 in
631 461 995 519 hoc'carmine
1038 486 1091 522 v.
1114 474 1180 521 83
1202 496 1274 508 —
1310 466 1375 520 ad
1404 467 1588 532 finem,
1622 468 1716 519 ubi
1752 467 1843 520 ad-

140 577 357 618 ventum
393 585 421 617 e
451 565 684 631 Corcyra
712 575 977 630 speratum
1009 564 1268 618 describit.
1336 567 1412 617 Ac
1442 566 1672 634 primum
1705 565 1841 631 dicit,

140 663 197 712 in
235 678 342 729 quo
377 671 514 711 statu
539 659 777 710 invenire
809 660 985 727 cupiat
1010 665 1270 728 puellam:
1311 662 1488 714 sedeat
1517 662 1673 714 Delia
1706 672 1842 713 casta

139 773 355 822 vespere
403 772 520 805 cum
555 763 720 804 matre
764 753 903 804 inter
938 754 1180 806 ancillas,
1249 757 1390 808 Tum
1425 767 1735 824 praeparata
1771 757 1843 808 sic

140 853 388 903 suavitate
438 849 719 914 adventus,
772 849 1010 918 sequitur
1053 851 1139 902 hic
1186 851 1299 918 ipse
1346 862 1398 902 et
1438 852 1716 903 laetissima
1760 870 1844 902 re-

140 946 335 1011 ceptio,
392 944 538 1012 quod
584 944 847 1010 fastigium
895 944 1270 1012 descriptionis-
1362 946 1425 996 In
1479 964 1585 1014 quo
1636 945 1842 997 attende

140 1040 296 1088 etiam
332 1039 584 1090 orationis
622 1039 927 1090 alacriorem
959 1040 1212 1090 formam:
1258 1049 1371 1090 tum
1403 1041 1614 1092 veniam
1652 1042 1843 1106 subit0,

139 1143 264 1185 tunc
310 1136 441 1184 mihi
488 1134 699 1187 obviam
749 1153 919 1186 curre.
1015 1135 1108 1187 Est
1157 1154 1344 1202 magna
1396 1134 1734 1204 pulchritudo
1785 1137 1844 1188 in

138 1249 301 1296 parva
341 1229 709 1299 descriptione.
778 1233 953 1301 Atque
988 1234 1118 1283 haec
1157 1231 1221 1283 de
1258 1234 1357 1284 his.
1428 1231 1622 1284 Vidisti
1654 1234 1712 1284 in
1731 1251 1845 1289 ,an-

138 1325 494 1376 tecedentibus
544 1337 909 1394 praeparatam
958 1329 1173 1378 alteram
1221 1337 1427 1394 partem
1482 1327 1846 1395 descriptionis

138 1422 334 1486 priore.
406 1421 604 1472 Contra
627 1421 685 1471 in
704 1421 942 1490 sequenti
968 1425 1210 1489 exemplo
1239 1423 1305 1485 ΙΙ,
1324 1423 1373 1486 4,
1389 1428 1590 1474 27-38.
1617 1422 1846 1475 secunda

139 1533 261 1581 pars
295 1514 398 1565 loci
429 1526 649 1583 propter
676 1515 909 1583 priorem
943 1514 1104 1566 adest.
1176 1516 1418 1568 Habetur
1446 1518 1524 1568 ibi
1554 1518 1843 1570 exsecratio

139 1610 413 1676 luxuriae,
477 1622 530 1662 et
577 1610 790 1664 damnat
841 1611 1055 1664 affectus
1105 1613 1278 1664 statim
1321 1612 1500 1677 initio,
1566 1624 1627 1664 ut
1674 1612 1843 1678 debet,

139 1707 254 1773 ipsa
304 1718 611 1758 ornamenta
659 1708 874 1760 vestitus
925 1725 1265 1772 enumeranS,
1335 1719 1450 1759 tum
1493 1710 1656 1760 malas
1710 1719 1847 1761 artes

138 1803 438 1869 puellarum
476 1813 526 1853 et
569 1820 845 1853 aerumnas
889 1803 1108 1853 amantis
1155 1803 1516 1870 persequitur,
1571 1804 1848 1856 absolvens

141 1900 524 1967 querimoniam
578 1898 706 1950 dum
752 1900 1010 1950 rationem
1062 1897 1236 1950 reddit
1283 1899 1410 1949 irae.
1511 1899 1683 1950 Etiam
1730 1901 1849 1951 talis

139 1988 275 2045 ratio
327 1996 484 2046 bona.
561 1992 688 2063 'Sed
734 1994 865 2045 haec
917 1995 1072 2044 allata
1121 1995 1362 2060 exempla
1409 2003 1470 2044 ut
1517 1993 1723 2059 suavia,
1774 1995 1849 2046 ita

54 2148 58 2151 ,
142 2091 393 2158 simplicia
444 2091 648 2156 omnia3
710 2092 889 2158 paullo
939 2090 1260 2140 luculentior
1315 2099 1391 2139 est
1440 2090 1490 2153 Ι,
1530 2097 1590 2155 2,
1630 2081 1848 2143 16-4'2.

139 2188 298 2237 trium
323 2185 731 2254 descriptionum
754 2187 1054 2238 coniunctio
1081 2187 1162 2237 his
1191 2186 1457 2237 interioris
1483 2188 1847 2239 cohaerentiae

0 2323 2 2349 ς
75 2277 80 2280 ’
143 2282 365 2334 vinculis
416 2299 587 2345 nexa,
660 2299 795 2349 quae
846 2283 1123 2348 pulchram
1178 2280 1420 2346 peritiam
1475 2283 1599 2332 artis
1654 2281 1849 2348 prodit.

144 2378 331 2444 Agitur
363 2378 442 2428 ibi
475 2376 539 2428 de
573 2379 738 2427 tutela
769 2377 1021 2441 Veneris,
1070 2377 1127 2426 in
1164 2393 1270 2443 qua
1307 2375 1410 2425 sint
1446 2386 1706 2441 amantes,
1754 2378 1850 2427 tri-

143 2473 350 2539 pliciter
389 2473 494 2523 sic:
541 2472 753 2536 Venus,
802 2472 899 2536 ait,
952 2480 1087 2520 artes
1131 2470 1352 2520 furtivas
1398 2468 1577 2534 docet,
1627 2473 1854 2538 protegit

146 2577 355 2618 euntem
390 2577 551 2618 noctu
583 2568 642 2616 in
677 2567 788 2629 via,
834 2573 894 2615 et'
917 2562 1214 2631 proditores
1252 2565 1498 2631 loquaces
1531 2565 1704 2630 punit.
1773 2567 1853 2616 Ita

145 2681 271 2716 vero
309 2663 472 2713 iuncti
516 2673 640 2714 sunt
675 2663 733 2713 hi
769 2661 900 2724 loci,
949 2658 1394 2730 quemadmodum
1435 2658 1852 2711 Commentarius

148 2758 321 2822 docet,
356 2769 416 2809 ut
441 2757 642 2826 medius
670 2769 721 2808 et
745 2759 976 2825 primum
1006 2756 1278 2808 confirmet
1306 2754 1579 2822 proposito
1608 2757 1851 2822 exemplo

145 2852 308 2920 ipsius
345 2863 559 2919 poetae,
604 2863 657 2905 et
695 2853 837 2903 tertii
873 2852 1199 2903 hortationes
1236 2851 1290 2902 vi
1327 2868 1423 2901 sua
1460 2848 1697 2915 adiuvet,
1747 2869 1853 2918 qua

149 2946 524 3014 compositione
576 2947 710 2997 nihil
761 2946 959 2998 firmius
1011 2957 1062 2997 et
1113 2945 1406 2998 nervosius·
1507 2945 1624 2996 Alia
1678 2955 1855 3022 tamen

151 3044 388 3108 exempla
426 3059 534 3092 non
571 3040 779 3093 adsunt.

257 3137 544 3206 Postquam
579 3117 877 3202 singulatim
912 3134 1174 3202 persecuti
1210 3151 1389 3186 sumus
1423 3134 1618 3185 formas
1658 3149 1856 3195 omnes,

153 3234 343 3300 quibus
378 3252 503 3286 usus
539 3234 783 3286 Tibullus
817 3234 875 3285 in
911 3231 1347 3298 descriptionibus
1384 3228 1725 3293 adornandis,
1771 3247 1856 3279 re-

154 3337 254 3377 stat
293 3337 350 3378 ut
388 3329 643 3379 nonnulla
670 3329 968 3394 ‚generatim
1016 3325 1284 3378 addamus.
1381 3323 1517 3374 Sunt
1554 3332 1854 3388 argumenta

1265 3418 1291 3465 f
1322 3423 1354 3466 2
