2086 3756
869 213 1175 270 TIBULL‘I'.
1721 229 1872 269 'xcvn

165 356 342 431 elegia.
426 361 629 432 Nempe
676 359 957 430 primarius
1002 363 1217 413 affectus
1255 358 1339 410 hic
1379 350 1456 411 est
1491 356 1646 410 'dolor
1682 357 1871 412 intole«

163 459 345 510 rabilis
393 460 584 510 amoris
632 455 863 506 maximi·
886 470 1124 507 successu
1164 454 1406 506 carentis·
1477 455 1553 505 Ac
1593 464 1871 523 postquam

165 552 414 617 exordio,
470 555 673 603 frustra
712 550 894 614 fugere.
943 552 1205 616 puellam·
1225 551 1572 614 constituens,
1628 551 1871 618 graphice

164 665 441 700 aerumnas
463 660 466 663 ’
491 643 1037 700 animi'adumbravit
1081 658 1263 713 poeta,
1318 649 1376 699 iu
1422 646 1594 699 medio
1645 646 1872 697 carmine

163 743 415 810 explicate
443 740 621 808 prodit
646 751 702 792 et
728 734 917 793 fortius
948 743 1187 809 querela,
1222 744 1453 810 primum
1484 742 1873 807 exsecrationis,

162 837 358 890 deinde·
406 830 766 890 obtestationis
801 836 1045 889 ⁴induens
1099 839 1343 890 formam.
1442 841 1681 891 Primum¹
1734 840 1876 891 enim

163 923 475 986 exsecratur¹
498 925 719 987 Amoris*
744 935 878 998 tela,
928 935 985 984 in
1023 934 1260 1000 miseria,
1310 951 1468 1003 quam
1505 925 1663 985 latius
1706 935 1876 1001 expli-

160 1040 269 1095 cat,
301 1019 686 1097 propemodum
711 1028 991 1098 desperata
1009 1030 1278 1094 Tibullus,
1313 1028 1566 1081 indirecte
1596 1030 1668 1080 sic
1700 1040 1876 1082 osten-

161 1122 290 1176 dens
324 1125 531 1191 puellae
562 1115 831 1193 quantum*
859 1125 1105 1192 patiatur,
1143 1123 1331 1175 deinde
1366 1113 1559 1176 directe
1593 1115 1876 1178 conversus

161 1218 228 1270 ad
284 1230 507 1271 amatam
558 1221 849 1272 obtestatur
907 1234 1022 1269 eam
1073 1238 1178 1287 vper
1229 1238 1409 1271 manes
1465 1221 1662 1273 sororis
1715 1209 1876 1274 modo

159 1306 424 1379 mortuae,
492 1327 552 1368 ut
598 1307 812 1368 tandem
854 1315 1030 1368 'facilis
1081 1318 1164 1369 sit.
1206 1386 1211 1390 η
1276 1317 1433 1369 Nunc
1485 1317 1606 1371 vide
1659 1319 1876 1370 exitum.

159 1401 444 1480 Abrumpit
468 1398 812 1480 repente'hos
840 1400 1080 1482 questus3
1119 1392 1240 1464 nam
1267 1416 1498 1480 puellam
1524 1431 1635 1464 esse
1665 1414 1875 1476 bonam,

160 1508 310 1558 len‘ae
361 1497 584 1573 culpam·
618 1524 846 1558 omnem.
927 1507 1164 1558 Infertur
1198 1508 1283 1558 hic
1332 1491 1503 1559 excitus
1548 1492 1740 1559 iterum
1782 1524 1878 1574 per

160 1603 874 1670 mutationem·'sententiae·,'
929 1587 1390 1673 quasi‘loquendo
1433 1603 1688 1671 paulatim
1712 1588 1879 1653 vtran·-

162 1686 376 1765 quillior
409 1699 576 1750 factus
604 1700 796 1750 ‘melius
831 1683 1087 1765 intelligat
1122 1699 1240 1767 quis
1273 1697 1617 1762 accusandus,
1658 1697 1878 1748 consilio

160 1809 288 1845 vero
325 1782 568 1844 carminis
606 1793 826 1860 egregie*
842 1793 1150 1862 respondet,
1187 1794 1447 1863 siquidem
1485 1811 1548 1845 eo
1584 1793 1879 1845 absolvitur·

160 1886 240 1939 vis
276 1887 629 1954 persuasionis
663 1906 765 1939 ’nec
801 1887 1092 1957 quidquam
1132 1899 1208 1940 est
1242 1890 1508 1956 potentius
1546 1888 1611 1940 ad
1648 1905 1878 1940 commo-

161 1980 393 2033 vendum
422 1982 515 2034 tali
540 1974 806 2037 benevola
833 1985 1186 2036 excusatione.
1258 1985 1402 2035 Haec
1435 1987 1706 2037 hactenus.
1758 1984 1878 2034 ‘Ac-

162 2079 392 2133 cedimus
432 2079 507 2132 ad¹
534 2070 858 2134 carminain
895 2081 1132 2145 Deliam,
1185 2100 1414 2151 quorum
1450 2084 1621 2134 maior
1665 2098 1880 2148 compo-

162 2177 299 2229 sitio,
367 2177 639 2245 Atque‘ut
667 2160 898 2245 primum
929 2177 994 2230 de
1030 2164 1259 2230 carmine
1290 2180 1329 2242 Ι,
1354 2185 1404 2230 6.
1442 2178 1636 2243 dicam,
1673 2179 1880 2245 gavisus

85 2269 89 2272 ’
163 2260 276 2323 erat
307 2272 552 2324 Tibullus
590 2259 909 2341 aliquamdiu
943 2276 1085 2326 solus
1119 2280 1221 2326 us'u
1248 2276 1462 2339 Deliae,
1500 2292 1619 2326 cum
1653 2274 1880 2340 suspicio

162 2366 369 2432 incidit,
405 2368 566 2418 alium
594 2369 750 2419 tacita
780 2378 934 2419 nocte
965 2388 996 2420 a
1021 2370 1176 2419 Delia
1205 2356 1402 2433 foveri,
1443 2386 1578 2437 quae
1607 2369 1881 2435 inopinata

162 2462 381 2532 perfidia
415 2466 754 2516 vehementer
787 2465 1014 2517 irritavit
1051 2476 1280 2531 poetam.
1365 2466 1458 2516 Est
1491 2465 1650 2531 igitur
1685 2465 1881 2533 prima-

159 2559 274 2610 rius
321 2559 537 2611 affectus
582 2558 776 2624 elegiae
825 2545 1105 2627 zelotypia.
1194 2561 1368 2628 Atque
1417 2560 1696 2611 exordium
1738 2560 1882 2628 ipsos

163 2662 378 2722 questus
421 2641 590 2705 novae
639 2651 890 2721 perfidiae
927 2640 1139 2718 habet,
1182 2652 1503 2722 patefaciens
1546 2667 1737 2708 statum
1784 2640 1879 2721 rei,

160 2749 219 2800 in
257 2747 431 2800 medio
476 2749 705 2800 carmine
746 2769 778 2802 a
818 2752 1032 2818 querela
1075 2748 1141 2801 ad
1181 2736 1545 2802 coercitionem
1594 2752 1764 2819 pergit
1803 2752 1882 2802 af-

162 2846 328 2897 fectus
376 2837 572 2910 iratus,
642 2857 694 2898 et
743 2848 973 2899 maxima
1026 2855 1277 2917 quaeque
1321 2833 1760 2912 comminiscitur,
1797 2833 1882 2899 'ut

162 2940 482 3008 reprimatur
508 2941 696 2993 levitas
716 2941 919 2994 Deliae.
944 2967 946 2969 ·
990 2943 1065 2994 Ac
1094 2945 1326 3011 primum
1355 2944 1568 3013 quidem
1592 2944 1880 2997 custodiam

164 3053 399 3090 severam
446 3034 746 3088 meditatur.
829 3035 975 3100 Quae
1012 3051 1134 3105 pars
1172 3039 1229 3088 in
1267 3039 1398 3091 duos
1444 3023 1883 3092 locos‘dividitur

165 3133 386 3199 pulchra
419 3134 1028 3185 mutatione-sententiae
1065 3145 1117 3185 et
1153 3136 1257 3186 huc
1293 3135 1417 3186 illuc
1453 3135 1645 3188 iactato
1677 3137 1879 3199 animo;

167 3243 288 3276 nam
324 3237 601 3295 postquam
627 3229 891 3279 hortatus
916 3239 993 3279 'est
1027 3221 1286 3281 'maritum'
1312 3240 1372 3281 ut
1405 3242 1578 3284 servet
1610 3230 1882 3296 diligenter

167 3336 390 3371 uxorem
441 3332 492 3372 et
540 3325 842 3391 vel·ipsu'm
894 3316 1129 3392 poetam,
1192 3314 1421 3394 prodens
1465 3329 1689 3393 ingenue
1743 3327 1880 3377 furta

1377 3442 1406 3487 ὅ
