<?xml version="1.0" encoding="UTF-8"?>
<!DOCTYPE html PUBLIC "-//W3C//DTD XHTML 1.0 Transitional//EN"
    "http://www.w3.org/TR/xhtml1/DTD/xhtml1-transitional.dtd">
<html xmlns="http://www.w3.org/1999/xhtml" xml:lang="en" lang="en">
 <head>
  <title>
</title>
<meta http-equiv="Content-Type" content="text/html;charset=utf-8" />
  <meta name='ocr-system' content='tesseract 3.04.00' />
  <meta name='ocr-capabilities' content='ocr_page ocr_carea ocr_par ocr_line ocrx_word'/>
</head>
<body>
  <div class='ocr_page' id='page_1' title='image "./carminaexrecensi01tibuuoft_0358.png"; bbox 0 0 2158 3750; ppageno 0'>
   <div class='ocr_carea' id='block_1_1' title="bbox 314 257 1609 311">
    <p class='ocr_par' dir='ltr' id='par_1_1' title="bbox 314 257 1609 311">
     <span class='ocr_line' id='line_1_1' title="bbox 314 257 1609 311; baseline 0.007 -8"><span class='ocrx_word' id='word_1_1' title='bbox 314 262 343 304; x_wconf 79' lang='lat'><strong>2</strong></span> <span class='ocrx_word' id='word_1_2' title='bbox 353 262 379 303; x_wconf 91' lang='grc'>6</span> <span class='ocrx_word' id='word_1_3' title='bbox 712 257 1014 311; x_wconf 80' lang='lat' dir='ltr'><strong>COMMEN</strong></span> <span class='ocrx_word' id='word_1_4' title='bbox 1020 259 1064 307; x_wconf 86' lang='lat' dir='ltr'>T</span> <span class='ocrx_word' id='word_1_5' title='bbox 1066 258 1174 309; x_wconf 83' lang='lat' dir='ltr'>AR.</span> <span class='ocrx_word' id='word_1_6' title='bbox 1211 259 1286 309; x_wconf 93' lang='lat' dir='ltr'>IN</span> <span class='ocrx_word' id='word_1_7' title='bbox 1324 261 1391 309; x_wconf 87' lang='lat' dir='ltr'>TI</span> <span class='ocrx_word' id='word_1_8' title='bbox 1399 260 1609 311; x_wconf 84' lang='lat' dir='ltr'>BULLI</span> 
     </span>
    </p>
   </div>
   <div class='ocr_carea' id='block_1_2' title="bbox 299 408 2011 3457">
    <p class='ocr_par' dir='ltr' id='par_1_2' title="bbox 299 408 2011 3457">
     <span class='ocr_line' id='line_1_2' title="bbox 316 408 2008 466; baseline 0.001 -16"><span class='ocrx_word' id='word_1_9' title='bbox 316 410 357 450; x_wconf 91' lang='lat' dir='ltr'>in</span> <span class='ocrx_word' id='word_1_10' title='bbox 392 410 504 452; x_wconf 89' lang='lat' dir='ltr'>lecto</span> <span class='ocrx_word' id='word_1_11' title='bbox 538 408 703 451; x_wconf 85' lang='lat' dir='ltr'>funebri</span> <span class='ocrx_word' id='word_1_12' title='bbox 735 414 809 451; x_wconf 87' lang='lat' dir='ltr'>aut</span> <span class='ocrx_word' id='word_1_13' title='bbox 841 410 1024 462; x_wconf 85' lang='lat' dir='ltr'>tumulo,</span> <span class='ocrx_word' id='word_1_14' title='bbox 1053 409 1106 452; x_wconf 86' lang='lat' dir='ltr'>cf.</span> <span class='ocrx_word' id='word_1_15' title='bbox 1140 408 1342 454; x_wconf 68' lang='lat' dir='ltr'>chlm.</span> <span class='ocrx_word' id='word_1_16' title='bbox 1368 411 1424 462; x_wconf 82' lang='grc' dir='ltr'>Π,</span> <span class='ocrx_word' id='word_1_17' title='bbox 1459 413 1526 453; x_wconf 83' lang='lat'>15.</span> <span class='ocrx_word' id='word_1_18' title='bbox 1561 430 1613 443; x_wconf 90' lang='lat'>-</span> <span class='ocrx_word' id='word_1_19' title='bbox 1649 411 1698 453; x_wconf 92' lang='lat' dir='ltr'>V.</span> <span class='ocrx_word' id='word_1_20' title='bbox 1731 414 1803 454; x_wconf 82' lang='grc'>68.</span> <span class='ocrx_word' id='word_1_21' title='bbox 1837 423 2008 466; x_wconf 86' lang='lat' dir='ltr'>parce</span> 
     </span>
     <span class='ocr_line' id='line_1_3' title="bbox 312 492 2008 552; baseline 0.001 -17"><span class='ocrx_word' id='word_1_22' title='bbox 312 493 487 548; x_wconf 86' lang='lat' dir='ltr'>genis.</span> <span class='ocrx_word' id='word_1_23' title='bbox 550 493 684 534; x_wconf 80' lang='lat' dir='ltr'><strong>Ovn).</strong></span> <span class='ocrx_word' id='word_1_24' title='bbox 721 492 852 534; x_wconf 84' lang='lat' dir='ltr'>Trist.</span> <span class='ocrx_word' id='word_1_25' title='bbox 888 493 965 545; x_wconf 84' lang='grc' dir='ltr'><strong>ΙΙΙ,</strong></span> <span class='ocrx_word' id='word_1_26' title='bbox 1000 496 1043 543; x_wconf 87' lang='grc'>3,</span> <span class='ocrx_word' id='word_1_27' title='bbox 1072 496 1156 535; x_wconf 80' lang='lat'>51:</span> <span class='ocrx_word' id='word_1_28' title='bbox 1190 507 1328 549; x_wconf 80' lang='lat' dir='ltr'>parce</span> <span class='ocrx_word' id='word_1_29' title='bbox 1360 501 1509 535; x_wconf 85' lang='lat' dir='ltr'>tamen</span> <span class='ocrx_word' id='word_1_30' title='bbox 1537 493 1734 535; x_wconf 81' lang='lat' dir='ltr'>lacerare</span> <span class='ocrx_word' id='word_1_31' title='bbox 1760 509 1900 552; x_wconf 76' lang='lat' dir='ltr'>genas</span> <span class='ocrx_word' id='word_1_32' title='bbox 1931 511 2008 538; x_wconf 86' lang='lat' dir='ltr'>nec</span> 
     </span>
     <span class='ocr_line' id='line_1_4' title="bbox 310 571 2008 628; baseline 0.004 -15"><span class='ocrx_word' id='word_1_33' title='bbox 310 573 458 613; x_wconf 75' lang='lat' dir='ltr'>scinde</span> <span class='ocrx_word' id='word_1_34' title='bbox 490 571 688 627; x_wconf 81' lang='lat' dir='ltr'><em>capillos.</em></span> <span class='ocrx_word' id='word_1_35' title='bbox 752 574 955 615; x_wconf 89' lang='lat' dir='ltr'>Ceterum</span> <span class='ocrx_word' id='word_1_36' title='bbox 988 574 1093 616; x_wconf 86' lang='lat' dir='ltr'>infra</span> <span class='ocrx_word' id='word_1_37' title='bbox 1118 574 1153 627; x_wconf 77' lang='grc' dir='ltr'>Ι,</span> <span class='ocrx_word' id='word_1_38' title='bbox 1176 578 1219 628; x_wconf 89' lang='lat'>5,</span> <span class='ocrx_word' id='word_1_39' title='bbox 1246 578 1317 617; x_wconf 87' lang='lat'>43.</span> <span class='ocrx_word' id='word_1_40' title='bbox 1346 578 1417 619; x_wconf 83' lang='lat'>44.</span> <span class='ocrx_word' id='word_1_41' title='bbox 1451 575 1603 618; x_wconf 84' lang='lat' dir='ltr'>faciem</span> <span class='ocrx_word' id='word_1_42' title='bbox 1636 580 1681 617; x_wconf 89' lang='lat' dir='ltr'>et</span> <span class='ocrx_word' id='word_1_43' title='bbox 1710 577 1840 619; x_wconf 78' lang='lat' dir='ltr'>flavas</span> <span class='ocrx_word' id='word_1_44' title='bbox 1863 591 2008 620; x_wconf 86' lang='lat' dir='ltr'>comas</span> 
     </span>
     <span class='ocr_line' id='line_1_5' title="bbox 314 657 2007 714; baseline 0.002 -16"><span class='ocrx_word' id='word_1_45' title='bbox 314 657 460 699; x_wconf 81' lang='lat' dir='ltr'>Deliae</span> <span class='ocrx_word' id='word_1_46' title='bbox 491 657 658 710; x_wconf 82' lang='lat' dir='ltr'>laudat3</span> <span class='ocrx_word' id='word_1_47' title='bbox 692 657 766 700; x_wconf 84' lang='lat' dir='ltr'>has</span> <span class='ocrx_word' id='word_1_48' title='bbox 796 659 930 712; x_wconf 85' lang='lat' dir='ltr'>igitur</span> <span class='ocrx_word' id='word_1_49' title='bbox 960 659 1073 701; x_wconf 75' lang='lat' dir='ltr'>iaedi</span> <span class='ocrx_word' id='word_1_50' title='bbox 1105 672 1190 701; x_wconf 91' lang='lat' dir='ltr'>non</span> <span class='ocrx_word' id='word_1_51' title='bbox 1221 661 1324 703; x_wconf 89' lang='lat' dir='ltr'>vult.</span> <span class='ocrx_word' id='word_1_52' title='bbox 1355 681 1396 691; x_wconf 83' lang='lat'>--</span> <span class='ocrx_word' id='word_1_53' title='bbox 1436 660 1628 713; x_wconf 85' lang='lat' dir='ltr'>Singulis</span> <span class='ocrx_word' id='word_1_54' title='bbox 1655 660 1879 714; x_wconf 79' lang='lat' dir='ltr'><strong>explicatis</strong></span> <span class='ocrx_word' id='word_1_55' title='bbox 1911 672 2007 702; x_wconf 86' lang='lat' dir='ltr'>ver-</span> 
     </span>
     <span class='ocr_line' id='line_1_6' title="bbox 311 739 2009 785; baseline 0.004 -7"><span class='ocrx_word' id='word_1_56' title='bbox 311 739 375 779; x_wconf 84' lang='lat' dir='ltr'>bis</span> <span class='ocrx_word' id='word_1_57' title='bbox 416 739 459 780; x_wconf 90' lang='lat' dir='ltr'>in</span> <span class='ocrx_word' id='word_1_58' title='bbox 503 739 588 782; x_wconf 85' lang='lat' dir='ltr'>fine</span> <span class='ocrx_word' id='word_1_59' title='bbox 630 740 758 782; x_wconf 87' lang='lat' dir='ltr'>etiam</span> <span class='ocrx_word' id='word_1_60' title='bbox 800 740 855 782; x_wconf 90' lang='lat' dir='ltr'>de</span> <span class='ocrx_word' id='word_1_61' title='bbox 897 741 1026 783; x_wconf 86' lang='lat' dir='ltr'>totius</span> <span class='ocrx_word' id='word_1_62' title='bbox 1061 742 1143 783; x_wconf 92' lang='lat' dir='ltr'>loci</span> <span class='ocrx_word' id='word_1_63' title='bbox 1187 742 1366 784; x_wconf 89' lang='lat' dir='ltr'>consilio</span> <span class='ocrx_word' id='word_1_64' title='bbox 1408 742 1663 785; x_wconf 89' lang='lat' dir='ltr'>monendum</span> <span class='ocrx_word' id='word_1_65' title='bbox 1706 747 1784 785; x_wconf 87' lang='lat' dir='ltr'>est.</span> <span class='ocrx_word' id='word_1_66' title='bbox 1846 742 2009 785; x_wconf 82' lang='lat' dir='ltr'>Credas</span> 
     </span>
     <span class='ocr_line' id='line_1_7' title="bbox 309 822 2011 880; baseline 0.003 -18"><span class='ocrx_word' id='word_1_67' title='bbox 309 825 509 874; x_wconf 86' lang='lat' dir='ltr'>poetam,</span> <span class='ocrx_word' id='word_1_68' title='bbox 554 822 629 875; x_wconf 91' lang='lat' dir='ltr'>qui</span> <span class='ocrx_word' id='word_1_69' title='bbox 660 835 725 863; x_wconf 80' lang='lat' dir='ltr'>vv.</span> <span class='ocrx_word' id='word_1_70' title='bbox 759 826 832 866; x_wconf 85' lang='lat'>59.</span> <span class='ocrx_word' id='word_1_71' title='bbox 866 827 938 865; x_wconf 88' lang='grc'>60.</span> <span class='ocrx_word' id='word_1_72' title='bbox 982 823 1151 866; x_wconf 83' lang='lat' dir='ltr'>dixerat</span> <span class='ocrx_word' id='word_1_73' title='bbox 1185 838 1232 867; x_wconf 86' lang='lat' dir='ltr'>se</span> <span class='ocrx_word' id='word_1_74' title='bbox 1263 824 1318 867; x_wconf 83' lang='lat' dir='ltr'>ad</span> <span class='ocrx_word' id='word_1_75' title='bbox 1350 830 1530 867; x_wconf 85' lang='lat' dir='ltr'>mortem</span> <span class='ocrx_word' id='word_1_76' title='bbox 1567 839 1727 880; x_wconf 89' lang='lat' dir='ltr'>cupere</span> <span class='ocrx_word' id='word_1_77' title='bbox 1758 838 1853 868; x_wconf 91' lang='lat' dir='ltr'>cum</span> <span class='ocrx_word' id='word_1_78' title='bbox 1886 826 2011 867; x_wconf 85' lang='lat' dir='ltr'>Delia</span> 
     </span>
     <span class='ocr_line' id='line_1_8' title="bbox 308 906 2011 964; baseline 0 -16"><span class='ocrx_word' id='word_1_79' title='bbox 308 906 475 959; x_wconf 89' lang='lat' dir='ltr'>vivere,</span> <span class='ocrx_word' id='word_1_80' title='bbox 516 906 618 950; x_wconf 92' lang='lat' dir='ltr'>inde</span> <span class='ocrx_word' id='word_1_81' title='bbox 648 907 911 961; x_wconf 80' lang='lat' dir='ltr'>cogitatione</span> <span class='ocrx_word' id='word_1_82' title='bbox 943 908 996 950; x_wconf 86' lang='lat' dir='ltr'>ad</span> <span class='ocrx_word' id='word_1_83' title='bbox 1029 909 1188 950; x_wconf 88' lang='lat' dir='ltr'>luctum</span> <span class='ocrx_word' id='word_1_84' title='bbox 1218 908 1262 950; x_wconf 91' lang='lat' dir='ltr'>in</span> <span class='ocrx_word' id='word_1_85' title='bbox 1292 907 1442 951; x_wconf 83' lang='lat' dir='ltr'>funere</span> <span class='ocrx_word' id='word_1_86' title='bbox 1474 922 1553 950; x_wconf 88' lang='lat' dir='ltr'>suo</span> <span class='ocrx_word' id='word_1_87' title='bbox 1588 909 1779 950; x_wconf 85' lang='lat' dir='ltr'>futurum</span> <span class='ocrx_word' id='word_1_88' title='bbox 1818 922 1899 964; x_wconf 83' lang='lat' dir='ltr'>per</span> <span class='ocrx_word' id='word_1_89' title='bbox 1939 908 2011 949; x_wconf 82' lang='lat' dir='ltr'>di·-</span> 
     </span>
     <span class='ocr_line' id='line_1_9' title="bbox 306 991 2010 1050; baseline 0.003 -19"><span class='ocrx_word' id='word_1_90' title='bbox 306 991 573 1046; x_wconf 74' lang='lat' dir='ltr'>gressionem</span> <span class='ocrx_word' id='word_1_91' title='bbox 604 992 852 1047; x_wconf 86' lang='lat' dir='ltr'>delapsum,</span> <span class='ocrx_word' id='word_1_92' title='bbox 888 1001 934 1033; x_wconf 87' lang='lat' dir='ltr'>ut</span> <span class='ocrx_word' id='word_1_93' title='bbox 966 993 1055 1035; x_wconf 86' lang='lat' dir='ltr'>fere</span> <span class='ocrx_word' id='word_1_94' title='bbox 1088 992 1310 1039; x_wconf 60' lang='lat' dir='ltr'>Hermus</span> <span class='ocrx_word' id='word_1_95' title='bbox 1342 994 1556 1036; x_wconf 80' lang='lat' dir='ltr'>intellexit</span> <span class='ocrx_word' id='word_1_96' title='bbox 1588 999 1633 1036; x_wconf 90' lang='lat' dir='ltr'>et</span> <span class='ocrx_word' id='word_1_97' title='bbox 1664 995 1880 1050; x_wconf 79' lang='lat' dir='ltr'>plerique,</span> <span class='ocrx_word' id='word_1_98' title='bbox 1913 994 2010 1049; x_wconf 89' lang='lat' dir='ltr'>opi-</span> 
     </span>
     <span class='ocr_line' id='line_1_10' title="bbox 307 1076 2006 1131; baseline 0.004 -17"><span class='ocrx_word' id='word_1_99' title='bbox 307 1085 410 1127; x_wconf 85' lang='lat' dir='ltr'>nor,</span> <span class='ocrx_word' id='word_1_100' title='bbox 457 1076 727 1131; x_wconf 85' lang='lat' dir='ltr'>interpretes.</span> <span class='ocrx_word' id='word_1_101' title='bbox 790 1077 879 1118; x_wconf 88' lang='lat' dir='ltr'>Sed</span> <span class='ocrx_word' id='word_1_102' title='bbox 925 1090 1007 1118; x_wconf 90' lang='lat' dir='ltr'>uon</span> <span class='ocrx_word' id='word_1_103' title='bbox 1048 1078 1276 1120; x_wconf 75' lang='lat' dir='ltr'>assentior.</span> <span class='ocrx_word' id='word_1_104' title='bbox 1335 1077 1567 1120; x_wconf 79' lang='lat' dir='ltr'>Pulchrior</span> <span class='ocrx_word' id='word_1_105' title='bbox 1598 1084 1666 1120; x_wconf 84' lang='lat' dir='ltr'>est</span> <span class='ocrx_word' id='word_1_106' title='bbox 1697 1079 1806 1120; x_wconf 90' lang='lat' dir='ltr'>ratio</span> <span class='ocrx_word' id='word_1_107' title='bbox 1838 1078 2006 1120; x_wconf 83' lang='lat' dir='ltr'>suavis-</span> 
     </span>
     <span class='ocr_line' id='line_1_11' title="bbox 307 1158 2009 1203; baseline 0.002 -4"><span class='ocrx_word' id='word_1_108' title='bbox 307 1158 403 1199; x_wconf 84' lang='lat' dir='ltr'>simi</span> <span class='ocrx_word' id='word_1_109' title='bbox 435 1158 518 1200; x_wconf 91' lang='lat' dir='ltr'>loci</span> <span class='ocrx_word' id='word_1_110' title='bbox 561 1162 606 1199; x_wconf 92' lang='lat' dir='ltr'>et</span> <span class='ocrx_word' id='word_1_111' title='bbox 642 1159 803 1200; x_wconf 82' lang='lat' dir='ltr'>arctior</span> <span class='ocrx_word' id='word_1_112' title='bbox 843 1159 935 1200; x_wconf 91' lang='lat' dir='ltr'>eius</span> <span class='ocrx_word' id='word_1_113' title='bbox 970 1172 1066 1200; x_wconf 87' lang='lat' dir='ltr'>cum</span> <span class='ocrx_word' id='word_1_114' title='bbox 1097 1159 1454 1202; x_wconf 73' lang='lat' dir='ltr'>antecedentibus</span> <span class='ocrx_word' id='word_1_115' title='bbox 1487 1173 1637 1203; x_wconf 78' lang='lat' dir='ltr'>nexus.</span> <span class='ocrx_word' id='word_1_116' title='bbox 1704 1161 1896 1203; x_wconf 82' lang='lat' dir='ltr'>Vidimus</span> <span class='ocrx_word' id='word_1_117' title='bbox 1928 1160 2009 1203; x_wconf 85' lang='lat' dir='ltr'>hoc</span> 
     </span>
     <span class='ocr_line' id='line_1_12' title="bbox 305 1238 2009 1296; baseline 0.003 -17"><span class='ocrx_word' id='word_1_118' title='bbox 305 1239 494 1280; x_wconf 82' lang='lat' dir='ltr'>carmine</span> <span class='ocrx_word' id='word_1_119' title='bbox 537 1238 758 1280; x_wconf 87' lang='lat' dir='ltr'>Tibullum</span> <span class='ocrx_word' id='word_1_120' title='bbox 800 1240 978 1281; x_wconf 89' lang='lat' dir='ltr'>militiae</span> <span class='ocrx_word' id='word_1_121' title='bbox 1020 1253 1243 1294; x_wconf 89' lang='lat' dir='ltr'>opponere</span> <span class='ocrx_word' id='word_1_122' title='bbox 1289 1241 1498 1293; x_wconf 78' lang='lat' dir='ltr'>otiosam,</span> <span class='ocrx_word' id='word_1_123' title='bbox 1553 1242 1607 1283; x_wconf 87' lang='lat' dir='ltr'>ad</span> <span class='ocrx_word' id='word_1_124' title='bbox 1654 1256 1781 1296; x_wconf 88' lang='lat' dir='ltr'>quam</span> <span class='ocrx_word' id='word_1_125' title='bbox 1828 1244 2009 1284; x_wconf 83' lang='lat' dir='ltr'>transire</span> 
     </span>
     <span class='ocr_line' id='line_1_13' title="bbox 307 1324 2009 1383; baseline 0.004 -19"><span class='ocrx_word' id='word_1_126' title='bbox 307 1325 423 1376; x_wconf 81' lang='lat' dir='ltr'>vult,</span> <span class='ocrx_word' id='word_1_127' title='bbox 454 1324 599 1366; x_wconf 87' lang='lat' dir='ltr'>vitam.</span> <span class='ocrx_word' id='word_1_128' title='bbox 659 1325 801 1378; x_wconf 88' lang='lat' dir='ltr'>Igitur</span> <span class='ocrx_word' id='word_1_129' title='bbox 831 1339 929 1368; x_wconf 89' lang='lat' dir='ltr'>cum</span> <span class='ocrx_word' id='word_1_130' title='bbox 963 1326 1113 1368; x_wconf 85' lang='lat' dir='ltr'>militia</span> <span class='ocrx_word' id='word_1_131' title='bbox 1144 1327 1278 1368; x_wconf 83' lang='lat' dir='ltr'>etiam</span> <span class='ocrx_word' id='word_1_132' title='bbox 1312 1327 1494 1381; x_wconf 84' lang='lat' dir='ltr'>gloriam</span> <span class='ocrx_word' id='word_1_133' title='bbox 1525 1328 1704 1377; x_wconf 84' lang='lat' dir='ltr'>afferat,</span> <span class='ocrx_word' id='word_1_134' title='bbox 1735 1329 1827 1383; x_wconf 90' lang='lat' dir='ltr'>ipse</span> <span class='ocrx_word' id='word_1_135' title='bbox 1860 1333 2009 1374; x_wconf 85' lang='lat' dir='ltr'>contra</span> 
     </span>
     <span class='ocr_line' id='line_1_14' title="bbox 306 1406 2008 1462; baseline 0.002 -15"><span class='ocrx_word' id='word_1_136' title='bbox 306 1406 477 1448; x_wconf 84' lang='lat' dir='ltr'>dixerat</span> <span class='ocrx_word' id='word_1_137' title='bbox 522 1419 562 1448; x_wconf 91' lang='lat' dir='ltr'>v.</span> <span class='ocrx_word' id='word_1_138' title='bbox 602 1409 685 1449; x_wconf 79' lang='lat'>57:</span> <span class='ocrx_word' id='word_1_139' title='bbox 736 1420 821 1449; x_wconf 91' lang='lat' dir='ltr'>non</span> <span class='ocrx_word' id='word_1_140' title='bbox 864 1421 948 1462; x_wconf 85' lang='lat' dir='ltr'>ego</span> <span class='ocrx_word' id='word_1_141' title='bbox 993 1407 1156 1449; x_wconf 85' lang='lat' dir='ltr'>laudari</span> <span class='ocrx_word' id='word_1_142' title='bbox 1197 1422 1326 1461; x_wconf 86' lang='lat' dir='ltr'>curo,</span> <span class='ocrx_word' id='word_1_143' title='bbox 1374 1409 1604 1451; x_wconf 89' lang='lat' dir='ltr'>dummodo</span> <span class='ocrx_word' id='word_1_144' title='bbox 1635 1422 1732 1452; x_wconf 89' lang='lat' dir='ltr'>cum</span> <span class='ocrx_word' id='word_1_145' title='bbox 1762 1410 1885 1452; x_wconf 86' lang='lat' dir='ltr'>Delia</span> <span class='ocrx_word' id='word_1_146' title='bbox 1914 1409 2008 1460; x_wconf 82' lang='lat' dir='ltr'>sim,</span> 
     </span>
     <span class='ocr_line' id='line_1_15' title="bbox 305 1474 2009 1547; baseline 0.002 -18"><span class='ocrx_word' id='word_1_147' title='bbox 305 1489 578 1544; x_wconf 85' lang='lat' dir='ltr'>ostenditque</span> <span class='ocrx_word' id='word_1_148' title='bbox 606 1503 720 1532; x_wconf 89' lang='lat' dir='ltr'>nunc</span> <span class='ocrx_word' id='word_1_149' title='bbox 755 1489 914 1532; x_wconf 84' lang='lat' dir='ltr'>habere</span> <span class='ocrx_word' id='word_1_150' title='bbox 948 1503 1051 1531; x_wconf 87' lang='lat' dir='ltr'>vero</span> <span class='ocrx_word' id='word_1_151' title='bbox 1083 1490 1212 1532; x_wconf 89' lang='lat' dir='ltr'>etiam</span> <span class='ocrx_word' id='word_1_152' title='bbox 1244 1504 1433 1532; x_wconf 90' lang='lat' dir='ltr'>amorem</span> <span class='ocrx_word' id='word_1_153' title='bbox 1467 1490 1650 1533; x_wconf 84' lang='lat' dir='ltr'>honores</span> <span class='ocrx_word' id='word_1_154' title='bbox 1681 1474 1806 1533; x_wconf 77' lang='lat' dir='ltr'>suos.</span> <span class='ocrx_word' id='word_1_155' title='bbox 1856 1490 2009 1547; x_wconf 84' lang='lat' dir='ltr'>Oppo-</span> 
     </span>
     <span class='ocr_line' id='line_1_16' title="bbox 309 1571 2009 1629; baseline 0.002 -18"><span class='ocrx_word' id='word_1_156' title='bbox 309 1571 371 1612; x_wconf 91' lang='lat' dir='ltr'>nit</span> <span class='ocrx_word' id='word_1_157' title='bbox 409 1571 540 1624; x_wconf 84' lang='lat' dir='ltr'>igitur</span> <span class='ocrx_word' id='word_1_158' title='bbox 570 1572 738 1626; x_wconf 83' lang='lat' dir='ltr'>gloriae</span> <span class='ocrx_word' id='word_1_159' title='bbox 769 1572 940 1614; x_wconf 85' lang='lat' dir='ltr'>militari</span> <span class='ocrx_word' id='word_1_160' title='bbox 984 1574 1142 1614; x_wconf 88' lang='lat' dir='ltr'>amoris</span> <span class='ocrx_word' id='word_1_161' title='bbox 1173 1573 1331 1627; x_wconf 82' lang='lat' dir='ltr'>gaudia</span> <span class='ocrx_word' id='word_1_162' title='bbox 1368 1578 1410 1615; x_wconf 92' lang='lat' dir='ltr'>et</span> <span class='ocrx_word' id='word_1_163' title='bbox 1440 1579 1540 1629; x_wconf 89' lang='lat' dir='ltr'>post</span> <span class='ocrx_word' id='word_1_164' title='bbox 1587 1579 1765 1615; x_wconf 84' lang='lat' dir='ltr'>mortem</span> <span class='ocrx_word' id='word_1_165' title='bbox 1813 1573 2009 1615; x_wconf 75' lang='lat' dir='ltr'>lacrimas</span> 
     </span>
     <span class='ocr_line' id='line_1_17' title="bbox 308 1654 2007 1710; baseline 0.002 -16"><span class='ocrx_word' id='word_1_166' title='bbox 308 1654 456 1695; x_wconf 81' lang='lat' dir='ltr'>Deliae</span> <span class='ocrx_word' id='word_1_167' title='bbox 487 1655 776 1708; x_wconf 84' lang='lat' dir='ltr'>iuvenumque</span> <span class='ocrx_word' id='word_1_168' title='bbox 808 1659 852 1696; x_wconf 89' lang='lat' dir='ltr'>et</span> <span class='ocrx_word' id='word_1_169' title='bbox 884 1655 1120 1707; x_wconf 81' lang='lat' dir='ltr'>virginum,</span> <span class='ocrx_word' id='word_1_170' title='bbox 1169 1655 1295 1697; x_wconf 86' lang='lat' dir='ltr'>funus</span> <span class='ocrx_word' id='word_1_171' title='bbox 1327 1669 1451 1697; x_wconf 90' lang='lat' dir='ltr'>suum</span> <span class='ocrx_word' id='word_1_172' title='bbox 1487 1657 1561 1710; x_wconf 92' lang='lat' dir='ltr'>qui</span> <span class='ocrx_word' id='word_1_173' title='bbox 1593 1655 1910 1698; x_wconf 86' lang='lat' dir='ltr'>comitabuntur</span> <span class='ocrx_word' id='word_1_174' title='bbox 1941 1654 2007 1697; x_wconf 84' lang='lat' dir='ltr'>lu-</span> 
     </span>
     <span class='ocr_line' id='line_1_18' title="bbox 306 1739 2006 1794; baseline 0 -14"><span class='ocrx_word' id='word_1_175' title='bbox 306 1744 485 1792; x_wconf 80' lang='lat' dir='ltr'>gentes3</span> <span class='ocrx_word' id='word_1_176' title='bbox 517 1743 646 1794; x_wconf 86' lang='lat' dir='ltr'>atque</span> <span class='ocrx_word' id='word_1_177' title='bbox 673 1740 830 1781; x_wconf 84' lang='lat' dir='ltr'>eximia</span> <span class='ocrx_word' id='word_1_178' title='bbox 859 1741 1047 1780; x_wconf 84' lang='lat' dir='ltr'>suavitas</span> <span class='ocrx_word' id='word_1_179' title='bbox 1080 1740 1191 1781; x_wconf 88' lang='lat' dir='ltr'>inest</span> <span class='ocrx_word' id='word_1_180' title='bbox 1220 1740 1263 1781; x_wconf 89' lang='lat' dir='ltr'>in</span> <span class='ocrx_word' id='word_1_181' title='bbox 1297 1739 1374 1782; x_wconf 83' lang='lat' dir='ltr'>hac</span> <span class='ocrx_word' id='word_1_182' title='bbox 1407 1741 1547 1782; x_wconf 87' lang='lat' dir='ltr'>luctus</span> <span class='ocrx_word' id='word_1_183' title='bbox 1579 1745 1622 1781; x_wconf 90' lang='lat' dir='ltr'>et</span> <span class='ocrx_word' id='word_1_184' title='bbox 1653 1739 1896 1794; x_wconf 83' lang='lat' dir='ltr'>splendoris</span> <span class='ocrx_word' id='word_1_185' title='bbox 1927 1739 2006 1780; x_wconf 89' lang='lat' dir='ltr'>mi-</span> 
     </span>
     <span class='ocr_line' id='line_1_19' title="bbox 303 1822 2008 1878; baseline 0.001 -15"><span class='ocrx_word' id='word_1_186' title='bbox 303 1822 439 1863; x_wconf 85' lang='lat' dir='ltr'>litaris</span> <span class='ocrx_word' id='word_1_187' title='bbox 471 1823 759 1878; x_wconf 82' lang='lat' dir='ltr'>oppositione,</span> <span class='ocrx_word' id='word_1_188' title='bbox 791 1822 980 1877; x_wconf 88' lang='lat' dir='ltr'>nihilque</span> <span class='ocrx_word' id='word_1_189' title='bbox 1012 1825 1208 1876; x_wconf 85' lang='lat' dir='ltr'>elegiaco</span> <span class='ocrx_word' id='word_1_190' title='bbox 1239 1824 1418 1866; x_wconf 81' lang='lat' dir='ltr'>carmini</span> <span class='ocrx_word' id='word_1_191' title='bbox 1446 1822 1822 1865; x_wconf 83' lang='lat' dir='ltr'>accommodatius.</span> <span class='ocrx_word' id='word_1_192' title='bbox 1885 1823 2008 1867; x_wconf 82' lang='lat' dir='ltr'>Quo-</span> 
     </span>
     <span class='ocr_line' id='line_1_20' title="bbox 303 1904 2009 1960; baseline 0.001 -16"><span class='ocrx_word' id='word_1_193' title='bbox 303 1904 413 1946; x_wconf 86' lang='lat' dir='ltr'>niam</span> <span class='ocrx_word' id='word_1_194' title='bbox 445 1918 549 1946; x_wconf 87' lang='lat' dir='ltr'>vero</span> <span class='ocrx_word' id='word_1_195' title='bbox 590 1918 669 1960; x_wconf 90' lang='lat' dir='ltr'>per</span> <span class='ocrx_word' id='word_1_196' title='bbox 711 1909 848 1947; x_wconf 90' lang='lat' dir='ltr'>totum</span> <span class='ocrx_word' id='word_1_197' title='bbox 892 1905 1003 1948; x_wconf 82' lang='lat' dir='ltr'>hunc</span> <span class='ocrx_word' id='word_1_198' title='bbox 1046 1906 1185 1947; x_wconf 92' lang='lat' dir='ltr'>locum</span> <span class='ocrx_word' id='word_1_199' title='bbox 1219 1906 1383 1947; x_wconf 83' lang='lat' dir='ltr'>Deliam</span> <span class='ocrx_word' id='word_1_200' title='bbox 1424 1907 1548 1947; x_wconf 87' lang='lat' dir='ltr'>simul</span> <span class='ocrx_word' id='word_1_201' title='bbox 1591 1917 1864 1948; x_wconf 86' lang='lat' dir='ltr'>commovere</span> <span class='ocrx_word' id='word_1_202' title='bbox 1903 1906 2009 1957; x_wconf 80' lang='lat' dir='ltr'>vult,</span> 
     </span>
     <span class='ocr_line' id='line_1_21' title="bbox 303 1984 2008 2043; baseline 0.002 -17"><span class='ocrx_word' id='word_1_203' title='bbox 303 1986 404 2038; x_wconf 84' lang='lat' dir='ltr'>quid</span> <span class='ocrx_word' id='word_1_204' title='bbox 438 1987 564 2027; x_wconf 90' lang='lat' dir='ltr'>etiam</span> <span class='ocrx_word' id='word_1_205' title='bbox 598 1984 695 2028; x_wconf 89' lang='lat' dir='ltr'>huic</span> <span class='ocrx_word' id='word_1_206' title='bbox 727 1987 906 2028; x_wconf 90' lang='lat' dir='ltr'>consilio</span> <span class='ocrx_word' id='word_1_207' title='bbox 938 1987 1080 2041; x_wconf 82' lang='lat' dir='ltr'>aptius</span> <span class='ocrx_word' id='word_1_208' title='bbox 1111 1988 1187 2028; x_wconf 85' lang='lat' dir='ltr'>tali</span> <span class='ocrx_word' id='word_1_209' title='bbox 1219 1988 1336 2029; x_wconf 90' lang='lat' dir='ltr'>molli</span> <span class='ocrx_word' id='word_1_210' title='bbox 1369 1988 1686 2043; x_wconf 81' lang='lat' dir='ltr'>descriptione,</span> <span class='ocrx_word' id='word_1_211' title='bbox 1735 2001 1832 2030; x_wconf 90' lang='lat' dir='ltr'>cum</span> <span class='ocrx_word' id='word_1_212' title='bbox 1865 1989 2008 2043; x_wconf 85' lang='lat' dir='ltr'>puella</span> 
     </span>
     <span class='ocr_line' id='line_1_22' title="bbox 303 2070 2008 2127; baseline 0.002 -17"><span class='ocrx_word' id='word_1_213' title='bbox 303 2075 346 2111; x_wconf 90' lang='lat' dir='ltr'>et</span> <span class='ocrx_word' id='word_1_214' title='bbox 372 2071 464 2124; x_wconf 88' lang='lat' dir='ltr'>ipsa</span> <span class='ocrx_word' id='word_1_215' title='bbox 494 2070 703 2111; x_wconf 89' lang='lat' dir='ltr'>mollioris</span> <span class='ocrx_word' id='word_1_216' title='bbox 732 2070 860 2112; x_wconf 88' lang='lat' dir='ltr'>animi</span> <span class='ocrx_word' id='word_1_217' title='bbox 891 2075 1020 2123; x_wconf 85' lang='lat' dir='ltr'>esset,</span> <span class='ocrx_word' id='word_1_218' title='bbox 1052 2077 1257 2123; x_wconf 90' lang='lat' dir='ltr'>quantum</span> <span class='ocrx_word' id='word_1_219' title='bbox 1290 2073 1504 2114; x_wconf 89' lang='lat' dir='ltr'>coniicere</span> <span class='ocrx_word' id='word_1_220' title='bbox 1537 2073 1650 2114; x_wconf 88' lang='lat' dir='ltr'>licet.</span> <span class='ocrx_word' id='word_1_221' title='bbox 1680 2094 1725 2103; x_wconf 88' lang='lat'><em>-</em></span> <span class='ocrx_word' id='word_1_222' title='bbox 1761 2073 1813 2115; x_wconf 89' lang='lat' dir='ltr'>V.</span> <span class='ocrx_word' id='word_1_223' title='bbox 1835 2076 1891 2115; x_wconf 89' lang='lat'>69</span> <span class='ocrx_word' id='word_1_224' title='bbox 1913 2087 2008 2127; x_wconf 83' lang='lat' dir='ltr'>sqq.</span> 
     </span>
     <span class='ocr_line' id='line_1_23' title="bbox 301 2152 2005 2207; baseline 0.003 -14"><span class='ocrx_word' id='word_1_225' title='bbox 301 2157 433 2207; x_wconf 89' lang='lat' dir='ltr'>poeta</span> <span class='ocrx_word' id='word_1_226' title='bbox 463 2152 517 2194; x_wconf 85' lang='lat' dir='ltr'>ad</span> <span class='ocrx_word' id='word_1_227' title='bbox 549 2152 729 2194; x_wconf 83' lang='lat' dir='ltr'>laetiora</span> <span class='ocrx_word' id='word_1_228' title='bbox 752 2153 876 2195; x_wconf 89' lang='lat' dir='ltr'>redit.</span> <span class='ocrx_word' id='word_1_229' title='bbox 905 2174 952 2185; x_wconf 90' lang='lat'>-</span> <span class='ocrx_word' id='word_1_230' title='bbox 987 2154 1290 2207; x_wconf 83' lang='lat' dir='ltr'>iungamus</span> <span class='ocrx_word' id='word_1_231' title='bbox 1320 2167 1566 2207; x_wconf 77' lang='lat' dir='ltr'>amores,</span> <span class='ocrx_word' id='word_1_232' title='bbox 1599 2154 1654 2198; x_wconf 84' lang='lat' dir='ltr'>cl&#39;.</span> <span class='ocrx_word' id='word_1_233' title='bbox 1683 2155 1791 2196; x_wconf 87' lang='lat' dir='ltr'>infra</span> <span class='ocrx_word' id='word_1_234' title='bbox 1811 2155 1846 2207; x_wconf 82' lang='grc' dir='ltr'>Ι,</span> <span class='ocrx_word' id='word_1_235' title='bbox 1871 2158 1912 2207; x_wconf 86' lang='grc'>9,</span> <span class='ocrx_word' id='word_1_236' title='bbox 1935 2159 2005 2198; x_wconf 82' lang='grc'>76.</span> 
     </span>
     <span class='ocr_line' id='line_1_24' title="bbox 304 2233 2005 2288; baseline 0.002 -13"><span class='ocrx_word' id='word_1_237' title='bbox 304 2235 506 2276; x_wconf 61' lang='lat' dir='ltr'>Cam-um„</span> <span class='ocrx_word' id='word_1_238' title='bbox 530 2233 689 2286; x_wconf 86' lang='lat' dir='ltr'><strong>LXIV,</strong></span> <span class='ocrx_word' id='word_1_239' title='bbox 705 2237 806 2276; x_wconf 80' lang='lat'><strong>373.</strong></span> <span class='ocrx_word' id='word_1_240' title='bbox 840 2235 983 2277; x_wconf 73' lang='lat' dir='ltr'>Sm&#39;r.</span> <span class='ocrx_word' id='word_1_241' title='bbox 1002 2233 1140 2276; x_wconf 86' lang='lat' dir='ltr'>Theb.</span> <span class='ocrx_word' id='word_1_242' title='bbox 1159 2235 1195 2288; x_wconf 91' lang='lat' dir='ltr'>I,</span> <span class='ocrx_word' id='word_1_243' title='bbox 1217 2239 1319 2278; x_wconf 78' lang='lat'><strong>574.</strong></span> <span class='ocrx_word' id='word_1_244' title='bbox 1369 2237 1574 2279; x_wconf 86' lang='lat' dir='ltr'>Ceterum</span> <span class='ocrx_word' id='word_1_245' title='bbox 1594 2237 1774 2279; x_wconf 86' lang='lat' dir='ltr'>calidius</span> <span class='ocrx_word' id='word_1_246' title='bbox 1792 2238 2005 2280; x_wconf 72' lang='lat' dir='ltr'>Pnomm-</span> 
     </span>
     <span class='ocr_line' id='line_1_25' title="bbox 301 2316 2006 2376; baseline 0.003 -18"><span class='ocrx_word' id='word_1_247' title='bbox 301 2330 402 2359; x_wconf 75' lang='lat' dir='ltr'>&#39;mus</span> <span class='ocrx_word' id='word_1_248' title='bbox 422 2317 478 2369; x_wconf 83' lang='lat' dir='ltr'>ll,</span> <span class='ocrx_word' id='word_1_249' title='bbox 503 2320 674 2376; x_wconf 51' lang='lat'>1533:</span> <span class='ocrx_word' id='word_1_250' title='bbox 707 2318 888 2360; x_wconf 70' lang='lat' dir='ltr'>Interea</span> <span class='ocrx_word' id='word_1_251' title='bbox 914 2316 1149 2374; x_wconf 78' lang='lat' dir='ltr'>damfata</span> <span class='ocrx_word' id='word_1_252' title='bbox 1173 2318 1343 2364; x_wconf 78' lang='lat' dir='ltr'>sinunt,</span> <span class='ocrx_word' id='word_1_253' title='bbox 1373 2319 1522 2360; x_wconf 79' lang='lat' dir='ltr'>oculos</span> <span class='ocrx_word' id='word_1_254' title='bbox 1539 2321 1754 2362; x_wconf 66' lang='lat' dir='ltr'>satiemus</span> <span class='ocrx_word' id='word_1_255' title='bbox 1773 2335 1932 2364; x_wconf 84' lang='lat' dir='ltr'>amore.</span> <span class='ocrx_word' id='word_1_256' title='bbox 1955 2344 2006 2355; x_wconf 69' lang='lat'>‹—</span> 
     </span>
     <span class='ocr_line' id='line_1_26' title="bbox 300 2399 2004 2457; baseline 0.002 -15"><span class='ocrx_word' id='word_1_257' title='bbox 300 2401 353 2442; x_wconf 89' lang='lat' dir='ltr'>V.</span> <span class='ocrx_word' id='word_1_258' title='bbox 380 2404 454 2441; x_wconf 82' lang='lat'>70.</span> <span class='ocrx_word' id='word_1_259' title='bbox 480 2399 591 2442; x_wconf 88' lang='lat' dir='ltr'>Iam</span> <span class='ocrx_word' id='word_1_260' title='bbox 618 2399 815 2442; x_wconf 84' lang='lat' dir='ltr'>veniet</span> <span class='ocrx_word' id='word_1_261' title='bbox 841 2399 1103 2442; x_wconf 89' lang='lat' dir='ltr'>tenebris</span> <span class='ocrx_word' id='word_1_262' title='bbox 1134 2413 1278 2443; x_wconf 88' lang='lat' dir='ltr'>mors</span> <span class='ocrx_word' id='word_1_263' title='bbox 1305 2401 1594 2456; x_wconf 89' lang='lat' dir='ltr'>adoperta</span> <span class='ocrx_word' id='word_1_264' title='bbox 1622 2407 1810 2457; x_wconf 86' lang='lat' dir='ltr'>caput.</span> <span class='ocrx_word' id='word_1_265' title='bbox 1873 2405 2004 2446; x_wconf 87' lang='lat' dir='ltr'>Varie</span> 
     </span>
     <span class='ocr_line' id='line_1_27' title="bbox 299 2464 2003 2540; baseline 0.001 -14"><span class='ocrx_word' id='word_1_266' title='bbox 299 2483 530 2538; x_wconf 85' lang='lat' dir='ltr'>explicant.</span> <span class='ocrx_word' id='word_1_267' title='bbox 594 2484 766 2525; x_wconf 83' lang='lat' dir='ltr'>Dictum</span> <span class='ocrx_word' id='word_1_268' title='bbox 794 2484 926 2537; x_wconf 84' lang='lat' dir='ltr'>vulgo</span> <span class='ocrx_word' id='word_1_269' title='bbox 957 2485 1107 2535; x_wconf 75' lang='lat' dir='ltr'>volunt</span> <span class='ocrx_word' id='word_1_270' title='bbox 1138 2498 1202 2540; x_wconf 91' lang='lat' dir='ltr'>pr.</span> <span class='ocrx_word' id='word_1_271' title='bbox 1232 2464 1376 2527; x_wconf 86' lang='lat' dir='ltr'>furtim</span> <span class='ocrx_word' id='word_1_272' title='bbox 1405 2485 1614 2540; x_wconf 88' lang='lat' dir='ltr'>subrepit.</span> <span class='ocrx_word' id='word_1_273' title='bbox 1677 2485 1786 2527; x_wconf 88' lang='lat' dir='ltr'>Nam</span> <span class='ocrx_word' id='word_1_274' title='bbox 1820 2490 1866 2527; x_wconf 90' lang='lat' dir='ltr'>ut</span> <span class='ocrx_word' id='word_1_275' title='bbox 1897 2487 2003 2528; x_wconf 82' lang='lat' dir='ltr'>alias</span> 
     </span>
     <span class='ocr_line' id='line_1_28' title="bbox 301 2568 2004 2624; baseline 0.001 -15"><span class='ocrx_word' id='word_1_276' title='bbox 301 2569 457 2619; x_wconf 79' lang='lat' dir='ltr'>nimbo,</span> <span class='ocrx_word' id='word_1_277' title='bbox 488 2570 603 2620; x_wconf 61' lang='lat' dir='ltr'>abire,</span> <span class='ocrx_word' id='word_1_278' title='bbox 636 2568 749 2610; x_wconf 91' lang='lat' dir='ltr'>nube</span> <span class='ocrx_word' id='word_1_279' title='bbox 779 2568 908 2610; x_wconf 88' lang='lat' dir='ltr'>cincti</span> <span class='ocrx_word' id='word_1_280' title='bbox 939 2568 1140 2610; x_wconf 88' lang='lat' dir='ltr'>incedant</span> <span class='ocrx_word' id='word_1_281' title='bbox 1171 2569 1228 2610; x_wconf 92' lang='lat' dir='ltr'>dii</span> <span class='ocrx_word' id='word_1_282' title='bbox 1262 2568 1376 2624; x_wconf 88' lang='lat' dir='ltr'>apud</span> <span class='ocrx_word' id='word_1_283' title='bbox 1410 2568 1647 2610; x_wconf 73' lang='lat' dir='ltr'>Hommtm</span> <span class='ocrx_word' id='word_1_284' title='bbox 1679 2569 1886 2622; x_wconf 84' lang='lat' dir='ltr'>aliosque,</span> <span class='ocrx_word' id='word_1_285' title='bbox 1918 2570 2004 2611; x_wconf 83' lang='lat' dir='ltr'>vid.</span> 
     </span>
     <span class='ocr_line' id='line_1_29' title="bbox 301 2651 2003 2705; baseline -0.001 -11"><span class='ocrx_word' id='word_1_286' title='bbox 301 2653 457 2696; x_wconf 65' lang='lat' dir='ltr'>Ham.</span> <span class='ocrx_word' id='word_1_287' title='bbox 488 2651 542 2693; x_wconf 85' lang='lat' dir='ltr'>ad</span> <span class='ocrx_word' id='word_1_288' title='bbox 567 2652 691 2704; x_wconf 81' lang='lat' dir='ltr'>Virg.</span> <span class='ocrx_word' id='word_1_289' title='bbox 725 2653 833 2694; x_wconf 82' lang='lat' dir='ltr'>Aen.</span> <span class='ocrx_word' id='word_1_290' title='bbox 862 2651 897 2704; x_wconf 90' lang='grc' dir='ltr'>Ι,</span> <span class='ocrx_word' id='word_1_291' title='bbox 931 2652 1041 2695; x_wconf 80' lang='lat' dir='ltr'>Exc.</span> <span class='ocrx_word' id='word_1_292' title='bbox 1071 2652 1211 2703; x_wconf 89' lang='lat' dir='ltr'>XIII.,</span> <span class='ocrx_word' id='word_1_293' title='bbox 1242 2652 1305 2693; x_wconf 88' lang='lat' dir='ltr'>sic</span> <span class='ocrx_word' id='word_1_294' title='bbox 1339 2665 1450 2692; x_wconf 90' lang='lat' dir='ltr'>nunc</span> <span class='ocrx_word' id='word_1_295' title='bbox 1481 2651 1671 2692; x_wconf 88' lang='lat' dir='ltr'>Mortem</span> <span class='ocrx_word' id='word_1_296' title='bbox 1703 2652 1846 2705; x_wconf 88' lang='lat' dir='ltr'>capite</span> <span class='ocrx_word' id='word_1_297' title='bbox 1880 2656 2003 2692; x_wconf 86' lang='lat' dir='ltr'>tene-</span> 
     </span>
     <span class='ocr_line' id='line_1_30' title="bbox 300 2731 2000 2787; baseline -0.002 -11"><span class='ocrx_word' id='word_1_298' title='bbox 300 2736 387 2777; x_wconf 85' lang='lat' dir='ltr'>bris</span> <span class='ocrx_word' id='word_1_299' title='bbox 421 2735 636 2786; x_wconf 85' lang='lat' dir='ltr'>involuto‚</span> <span class='ocrx_word' id='word_1_300' title='bbox 682 2737 813 2787; x_wconf 81' lang='lat' dir='ltr'>atque</span> <span class='ocrx_word' id='word_1_301' title='bbox 854 2733 914 2775; x_wconf 88' lang='lat' dir='ltr'>ita</span> <span class='ocrx_word' id='word_1_302' title='bbox 947 2733 1040 2775; x_wconf 90' lang='lat' dir='ltr'>fieri</span> <span class='ocrx_word' id='word_1_303' title='bbox 1082 2737 1131 2773; x_wconf 90' lang='lat' dir='ltr'>ut</span> <span class='ocrx_word' id='word_1_304' title='bbox 1171 2745 1257 2774; x_wconf 89' lang='lat' dir='ltr'>non</span> <span class='ocrx_word' id='word_1_305' title='bbox 1303 2732 1666 2774; x_wconf 85' lang='lat' dir='ltr'>animadvertatur</span> <span class='ocrx_word' id='word_1_306' title='bbox 1708 2732 1800 2773; x_wconf 88' lang='lat' dir='ltr'>eius</span> <span class='ocrx_word' id='word_1_307' title='bbox 1843 2731 2000 2774; x_wconf 80' lang='lat' dir='ltr'>aditus.</span> 
     </span>
     <span class='ocr_line' id='line_1_31' title="bbox 306 2814 2004 2873; baseline -0.002 -11"><span class='ocrx_word' id='word_1_308' title='bbox 306 2822 530 2862; x_wconf 87' lang='lat' dir='ltr'>Pertinere</span> <span class='ocrx_word' id='word_1_309' title='bbox 561 2818 715 2861; x_wconf 90' lang='lat' dir='ltr'>eodem</span> <span class='ocrx_word' id='word_1_310' title='bbox 745 2814 903 2864; x_wconf 70' lang='grc' dir='ltr'><em>’Ἀϊδος</em></span> <span class='ocrx_word' id='word_1_311' title='bbox 933 2817 1084 2873; x_wconf 79' lang='grc' dir='ltr'><em>κυνῆν,</em></span> <span class='ocrx_word' id='word_1_312' title='bbox 1132 2830 1216 2871; x_wconf 89' lang='lat' dir='ltr'>qua</span> <span class='ocrx_word' id='word_1_313' title='bbox 1248 2817 1320 2872; x_wconf 89' lang='lat' dir='ltr'>qui</span> <span class='ocrx_word' id='word_1_314' title='bbox 1352 2817 1524 2859; x_wconf 85' lang='lat' dir='ltr'>indutus</span> <span class='ocrx_word' id='word_1_315' title='bbox 1555 2822 1672 2869; x_wconf 86' lang='lat' dir='ltr'>erat,</span> <span class='ocrx_word' id='word_1_316' title='bbox 1716 2818 2004 2872; x_wconf 83' lang='lat' dir='ltr'>spectantium</span> 
     </span>
     <span class='ocr_line' id='line_1_32' title="bbox 301 2899 2002 2952; baseline -0.001 -8"><span class='ocrx_word' id='word_1_317' title='bbox 301 2903 437 2944; x_wconf 89' lang='lat' dir='ltr'>oculis</span> <span class='ocrx_word' id='word_1_318' title='bbox 469 2909 562 2944; x_wconf 85' lang='lat' dir='ltr'>erat</span> <span class='ocrx_word' id='word_1_319' title='bbox 593 2900 844 2952; x_wconf 79' lang='lat' dir='ltr'>subductus,</span> <span class='ocrx_word' id='word_1_320' title='bbox 879 2899 933 2942; x_wconf 86' lang='lat' dir='ltr'>cf.</span> <span class='ocrx_word' id='word_1_321' title='bbox 965 2899 1087 2942; x_wconf 73' lang='lat' dir='ltr'>Hom.</span> <span class='ocrx_word' id='word_1_322' title='bbox 1120 2900 1176 2952; x_wconf 89' lang='lat' dir='ltr'>V,</span> <span class='ocrx_word' id='word_1_323' title='bbox 1202 2902 1310 2942; x_wconf 78' lang='lat'><strong>845.</strong></span> <span class='ocrx_word' id='word_1_324' title='bbox 1341 2899 1537 2942; x_wconf 74' lang='lat' dir='ltr'>Hnsmn.</span> <span class='ocrx_word' id='word_1_325' title='bbox 1569 2902 1692 2943; x_wconf 88' lang='lat' dir='ltr'>Scut.</span> <span class='ocrx_word' id='word_1_326' title='bbox 1724 2905 1827 2943; x_wconf 74' lang='lat'><strong>227.</strong></span> <span class='ocrx_word' id='word_1_327' title='bbox 1860 2905 1905 2943; x_wconf 86' lang='lat' dir='ltr'>et</span> <span class='ocrx_word' id='word_1_328' title='bbox 1937 2902 2002 2943; x_wconf 91' lang='lat' dir='ltr'>in-</span> 
     </span>
     <span class='ocr_line' id='line_1_33' title="bbox 302 2980 1998 3040; baseline -0.001 -14"><span class='ocrx_word' id='word_1_329' title='bbox 302 2990 500 3040; x_wconf 86' lang='lat' dir='ltr'>terprett.</span> <span class='ocrx_word' id='word_1_330' title='bbox 531 2983 585 3026; x_wconf 88' lang='lat' dir='ltr'>ad</span> <span class='ocrx_word' id='word_1_331' title='bbox 616 2985 871 3025; x_wconf 62' lang='lat' dir='ltr'>Amsvropu.</span> <span class='ocrx_word' id='word_1_332' title='bbox 903 2980 1087 3024; x_wconf 86' lang='lat' dir='ltr'>Acharn.</span> <span class='ocrx_word' id='word_1_333' title='bbox 1119 2985 1221 3024; x_wconf 87' lang='grc'><strong>890.</strong></span> <span class='ocrx_word' id='word_1_334' title='bbox 1296 2982 1371 3024; x_wconf 88' lang='lat' dir='ltr'>Sic</span> <span class='ocrx_word' id='word_1_335' title='bbox 1413 2983 1508 3024; x_wconf 68' lang='lat' dir='ltr'>esse</span> <span class='ocrx_word' id='word_1_336' title='bbox 1554 2995 1725 3024; x_wconf 89' lang='lat' dir='ltr'>sensum</span> <span class='ocrx_word' id='word_1_337' title='bbox 1774 2982 1998 3025; x_wconf 88' lang='lat' dir='ltr'>verborum</span> 
     </span>
     <span class='ocr_line' id='line_1_34' title="bbox 301 3059 2000 3123; baseline -0.001 -11"><span class='ocrx_word' id='word_1_338' title='bbox 301 3071 489 3112; x_wconf 85' lang='lat' dir='ltr'>Tibulli:</span> <span class='ocrx_word' id='word_1_339' title='bbox 523 3065 640 3117; x_wconf 73' lang='grc' dir='ltr'><em>ἄφνω</em></span> <span class='ocrx_word' id='word_1_340' title='bbox 674 3064 715 3108; x_wconf 77' lang='grc' dir='ltr'>δ’</span> <span class='ocrx_word' id='word_1_341' title='bbox 747 3063 936 3116; x_wconf 73' lang='grc' dir='ltr'><em>ἄφαντος</em></span> <span class='ocrx_word' id='word_1_342' title='bbox 967 3069 1155 3123; x_wconf 75' lang='grc' dir='ltr'><em>προςέβα</em></span> <span class='ocrx_word' id='word_1_343' title='bbox 1180 3059 1366 3117; x_wconf 46' lang='grc' dir='ltr'>ς’Λιδας,</span> <span class='ocrx_word' id='word_1_344' title='bbox 1399 3068 1756 3121; x_wconf 87' lang='lat' dir='ltr'>quemadmodum</span> <span class='ocrx_word' id='word_1_345' title='bbox 1788 3068 2000 3110; x_wconf 68' lang='lat' dir='ltr'>Nnopwo-</span> 
     </span>
     <span class='ocr_line' id='line_1_35' title="bbox 304 3152 2004 3207; baseline 0 -13"><span class='ocrx_word' id='word_1_346' title='bbox 304 3167 453 3196; x_wconf 68' lang='lat' dir='ltr'>namus</span> <span class='ocrx_word' id='word_1_347' title='bbox 501 3153 605 3195; x_wconf 91' lang='lat' dir='ltr'>dicit</span> <span class='ocrx_word' id='word_1_348' title='bbox 629 3153 693 3194; x_wconf 80' lang='lat' dir='ltr'>&#39;in</span> <span class='ocrx_word' id='word_1_349' title='bbox 735 3152 923 3194; x_wconf 85' lang='lat' dir='ltr'>carmine</span> <span class='ocrx_word' id='word_1_350' title='bbox 971 3152 1145 3194; x_wconf 89' lang='lat' dir='ltr'>laudato</span> <span class='ocrx_word' id='word_1_351' title='bbox 1188 3165 1256 3207; x_wconf 88' lang='lat' dir='ltr'>ap.</span> <span class='ocrx_word' id='word_1_352' title='bbox 1303 3152 1429 3194; x_wconf 80' lang='lat' dir='ltr'>Diod.</span> <span class='ocrx_word' id='word_1_353' title='bbox 1463 3152 1583 3204; x_wconf 82' lang='lat' dir='ltr'>XVI,</span> <span class='ocrx_word' id='word_1_354' title='bbox 1614 3155 1687 3194; x_wconf 85' lang='lat'>92.</span> <span class='ocrx_word' id='word_1_355' title='bbox 1760 3152 2004 3194; x_wconf 84' lang='lat' dir='ltr'>Assentitur</span> 
     </span>
     <span class='ocr_line' id='line_1_36' title="bbox 302 3235 2001 3294; baseline 0 -14"><span class='ocrx_word' id='word_1_356' title='bbox 302 3238 583 3282; x_wconf 77' lang='lat' dir='ltr'>HuscnKmS.</span> <span class='ocrx_word' id='word_1_357' title='bbox 654 3237 749 3279; x_wconf 76' lang='lat' dir='ltr'>—Sed</span> <span class='ocrx_word' id='word_1_358' title='bbox 793 3235 995 3280; x_wconf 83' lang='lat' dir='ltr'>abhorret</span> <span class='ocrx_word' id='word_1_359' title='bbox 1039 3251 1064 3279; x_wconf 84' lang='lat' dir='ltr'>a</span> <span class='ocrx_word' id='word_1_360' title='bbox 1105 3237 1379 3294; x_wconf 75' lang='lat' dir='ltr'>simplicitate</span> <span class='ocrx_word' id='word_1_361' title='bbox 1429 3238 1684 3280; x_wconf 86' lang='lat' dir='ltr'>elocutionis</span> <span class='ocrx_word' id='word_1_362' title='bbox 1733 3238 2001 3280; x_wconf 87' lang='lat' dir='ltr'>Tibullianae</span> 
     </span>
     <span class='ocr_line' id='line_1_37' title="bbox 305 3319 1999 3376; baseline -0.002 -13"><span class='ocrx_word' id='word_1_363' title='bbox 305 3321 402 3363; x_wconf 80' lang='lat' dir='ltr'>talis</span> <span class='ocrx_word' id='word_1_364' title='bbox 437 3322 596 3363; x_wconf 89' lang='lat' dir='ltr'>locutio</span> <span class='ocrx_word' id='word_1_365' title='bbox 630 3333 706 3376; x_wconf 90' lang='lat' dir='ltr'>pro</span> <span class='ocrx_word' id='word_1_366' title='bbox 736 3320 917 3375; x_wconf 84' lang='lat' dir='ltr'>simplici</span> <span class='ocrx_word' id='word_1_367' title='bbox 948 3321 1144 3362; x_wconf 84' lang='lat' dir='ltr'>notione:</span> <span class='ocrx_word' id='word_1_368' title='bbox 1193 3321 1302 3362; x_wconf 85' lang='lat' dir='ltr'>ciam</span> <span class='ocrx_word' id='word_1_369' title='bbox 1344 3321 1482 3372; x_wconf 81' lang='lat' dir='ltr'>venit,</span> <span class='ocrx_word' id='word_1_370' title='bbox 1530 3319 1591 3361; x_wconf 83' lang='lat' dir='ltr'>uti</span> <span class='ocrx_word' id='word_1_371' title='bbox 1623 3319 1726 3361; x_wconf 85' lang='lat' dir='ltr'>dicit</span> <span class='ocrx_word' id='word_1_372' title='bbox 1759 3321 1792 3371; x_wconf 78' lang='lat' dir='ltr'>l,</span> <span class='ocrx_word' id='word_1_373' title='bbox 1828 3324 1898 3371; x_wconf 78' lang='lat'>10,</span> <span class='ocrx_word' id='word_1_374' title='bbox 1928 3322 1999 3370; x_wconf 78' lang='lat'>34,</span> 
     </span>
     <span class='ocr_line' id='line_1_38' title="bbox 304 3401 2002 3457; baseline -0.001 -12"><span class='ocrx_word' id='word_1_375' title='bbox 304 3404 383 3446; x_wconf 86' lang='lat' dir='ltr'>etsi</span> <span class='ocrx_word' id='word_1_376' title='bbox 438 3402 674 3454; x_wconf 87' lang='lat' dir='ltr'>concedas,</span> <span class='ocrx_word' id='word_1_377' title='bbox 732 3403 846 3457; x_wconf 87' lang='lat' dir='ltr'>quod</span> <span class='ocrx_word' id='word_1_378' title='bbox 893 3407 1023 3457; x_wconf 85' lang='lat' dir='ltr'>negat</span> <span class='ocrx_word' id='word_1_379' title='bbox 1070 3416 1223 3446; x_wconf 84' lang='lat' dir='ltr'>censor</span> <span class='ocrx_word' id='word_1_380' title='bbox 1266 3403 1455 3446; x_wconf 73' lang='lat' dir='ltr'>lenensis</span> <span class='ocrx_word' id='word_1_381' title='bbox 1502 3401 1708 3444; x_wconf 76' lang='lat' dir='ltr'>Husclikii</span> <span class='ocrx_word' id='word_1_382' title='bbox 1754 3415 1851 3457; x_wconf 83' lang='lat' dir='ltr'>pag.</span> <span class='ocrx_word' id='word_1_383' title='bbox 1889 3406 2002 3453; x_wconf 62' lang='lat'>187„</span> 
     </span>
    </p>
   </div>
  </div>
 </body>
</html>
