2158 3750
315 286 415 337 124
708 284 1174 341 COMMENTAR,
1209 285 1286 337 IN
1320 285 1365 336 T
1368 283 1608 338 IBULLI

309 439 463 480 citur
504 437 684 481 omnis
724 447 899 487 amor,
945 445 1072 476 omne
1116 432 1271 476 foedus
1311 433 1470 474 amoris
1510 432 1619 474 solvi
1649 436 1822 487 potest3
1868 432 1923 476 cf.
1954 431 2010 474 ad

312 519 572 561 locutionem
606 516 716 559 infra
745 516 827 569 111,
858 519 901 568 6,
927 517 984 557 4:
1017 516 1157 570 Saepe
1189 521 1269 554 tuo
1300 511 1457 554 cecidit
1489 510 1666 554 munere
1694 513 1843 556 victus
1873 529 2010 560 amor,

309 608 354 645 et
384 603 717 644 Ltcnmmuuu
748 599 803 643 ad
834 601 1034 654 Propert.
1069 613 1168 655 pag.
1196 600 1299 650 52„
1347 596 1422 639 ubi
1454 596 1582 639 etiam
1615 600 1816 638 monetur
1845 610 2010 637 omnem

309 698 499 725 amorem
529 684 592 726 sic
631 683 742 736 dici,
787 687 837 724 ut
878 686 1031 725 natura
1075 682 1233 724 amoris
1274 680 1558 735 significetur.
1619 680 1747 723 Nunc
1786 680 1890 735 qnid
1929 679 2012 721 sibi

308 766 440 808 velint
472 770 628 821 poetae
658 766 814 819 verba,
844 778 983 808 nexus
1013 770 1058 809 et
1089 766 1354 822 comparatio
1385 765 1656 819 sequentium
1686 763 1833 807 docet.
1896 762 2010 805 Nam

307 848 427 890 dives
458 852 649 902 amator,
681 849 766 902 ait,
798 861 895 892 cum
924 848 1050 892 donis
1080 850 1171 892 suis
1207 848 1351 891 omnia
1379 846 1582 904 pateant,
1613 849 1751 890 omnis
1781 847 1926 903 puella
1956 847 2011 890 ab

305 945 361 974 eo
392 934 633 988 expugnari
662 933 822 989 possit,
852 946 938 976 non
969 933 1081 976 fidus
1113 934 1224 987 erit,
1255 933 1334 976 sed
1365 932 1540 975 deseret
1569 935 1642 986 te),
1673 931 1854 975 simulac
1882 931 2009 973 aliam

306 1015 618 1071 concupiverit.
675 1016 820 1070 Atque
863 1017 924 1058 ita
969 1013 1074 1057 haec
1116 1015 1248 1057 etiam
1291 1014 1700 1057 Wurmssnmcmus
1743 1013 1888 1068 cepit,
1937 1010 2012 1066 qui

307 1098 475 1142 confert
505 1099 745 1142 Pnomzn'r.
776 1098 834 1150 ΙΙ,
865 1101 940 1149 26,
970 1100 1056 1138 27:
1108 1094 1313 1138 Multum
1354 1095 1402 1138 in
1444 1109 1592 1137 amore
1622 1094 1770 1152 fides,
1817 1092 2012 1136 multum

306 1182 567 1224 constantia
593 1181 809 1237 prodest:
858 1180 937 1237 qui
969 1179 1076 1220 dare
1106 1177 1255 1219 multa
1278 1185 1458 1234 potest,
1498 1178 1644 1220 multa
1671 1186 1718 1220 et
1748 1193 1900 1221 amare
1925 1193 2009 1235 po-

305 1272 412 1308 test.
476 1265 640 1307 Contra
669 1265 1051 1316 Bnoucrfflusms,
1094 1263 1300 1306 Vum‘ms
1333 1265 1378 1304 et
1407 1260 1625 1304 Hermus
1654 1262 1716 1304 ita
1746 1261 2011 1304 constituunt

302 1360 502 1391 sensum:
547 1348 655 1390 Cum
689 1348 872 1404 primum
902 1347 1014 1390 dona
1055 1346 1282 1400 admittes,
1326 1346 1386 1389 sis
1426 1345 1531 1389 licet
1560 1345 1799 1388 castissima
1838 1344 2010 1398 femina,

304 1437 448 1475 tamen
478 1432 587 1475 fides
618 1437 692 1475 tua
729 1433 871 1475 statim
903 1433 1017 1474 victa
1048 1431 1155 1484 erit,
1196 1431 1280 1474 eris
1312 1442 1486 1486 semper
1514 1440 1624 1471 nova
1653 1425 1815 1484 praeda
1843 1426 2012 1470 ditioris

303 1520 349 1557 et
391 1517 488 1571 plus
528 1514 763 1558 offerentis.
824 1513 915 1556 Sed
956 1515 1123 1556 monuit
1164 1514 1250 1556 iam
1278 1512 1684 1555 Wunnssnmcmus
1715 1523 1796 1554 nec
1826 1509 2010 1554 adiecti-

303 1610 402 1639 vum
434 1598 598 1643 omnis,
628 1610 709 1640 nec
740 1596 965 1651 sequentia
992 1596 1080 1651 pati
1111 1596 1241 1638 talem
1274 1594 1620 1650 explicationem.
1652 1616 1714 1626 —
1742 1593 1796 1637 V.
1828 1595 1880 1636 61
1915 1604 2009 1646 sqq.

302 1679 527 1734 Pauper
555 1693 671 1732 vem,
703 1680 862 1735 pergit,
893 1679 1138 1722 fidissimus.
1198 1679 1446 1722 Praemittit
1472 1683 1603 1734 poeta
1633 1677 1878 1732 generalem
1908 1688 2010 1718 sen-

302 1767 503 1820 tentiam,
549 1765 704 1808 deinde
735 1764 999 1820 singularum
1032 1777 1178 1807 rerum
1221 1765 1588 1806 enumerationem
1620 1762 1820 1806 subiiciet
1849 1773 2007 1804 secun-

301 1847 403 1889 dum
421 1847 732 1901 gradationem.
782 1848 865 1891 Est
886 1853 1029 1891 autem
1055 1849 1216 1904 optima
1235 1847 1479 1891 emendatio
1496 1847 1595 1900 loci,
1618 1859 1730 1901 quae
1745 1846 1789 1888 in
1811 1845 2007 1888 Mums‘rr

302 1932 493 1976 editione
516 1931 718 1975 habetur:
751 1945 966 1988 pauper
998 1932 1116 1974 erit
1149 1935 1388 1987 praesto
1420 1941 1642 1985 semper
1672 1927 1794 1970 tibi.
1857 1927 2005 1982 Signi·

300 2018 400 2060 ficat
425 2017 587 2059 locutio
614 2021 810 2071 paratum
835 2028 931 2057 esse
961 2015 1015 2057 ad
1039 2015 1197 2067 officia,
1227 2019 1274 2057 ut
1298 2017 1481 2066 constat,
1512 2013 1567 2056 cf.
1592 2013 1823 2066 Vtmmtm,
1855 2011 2007 2054 ducta-

299 2114 384 2156 que
415 2114 527 2144 nunc
559 2105 624 2143 est
653 2074 680 2142 a
711 2113 932 2143 servorum
963 2100 1224 2142 ministeriis.
1289 2099 1396 2141 Aliis
1426 2099 1535 2141 locis
1568 2098 1622 2140 de
1653 2097 1847 2154 patronis
1878 2110 2006 2140 usur-

299 2188 440 2240 patur,
473 2185 546 2237 qui
577 2195 729 2226 causas
756 2182 1006 2235 defendunt,
1037 2182 1121 2226 vid.
1150 2181 1389 2224 Hmrssmm
1416 2180 1470 2224 ad
1497 2181 1623 2225 ovid.
1651 2180 1834 2224 Remed.
1859 2182 2006 2224 Amor.

298 2268 401 2306 663.
434 2265 692 2307 Rumam.
717 2264 874 2307 Dictat.
908 2263 962 2306 ad
989 2263 1167 2305 Terent.
1193 2262 1368 2306 Phorm.
1393 2262 1450 2315 11,
1481 2266 1522 2316 1,
1547 2266 1620 2307 36.
1681 2263 1846 2306 Tibulli
1872 2264 2004 2307 verba

298 2345 565 2388 Huscnxms
606 2347 668 2388 ita
701 2345 924 2388 emendat:
975 2356 1139 2400 pauper
1181 2344 1265 2385 erit
1295 2349 1494 2398 praesto,
1541 2345 1810 2400 praestolans
1841 2357 2006 2400 pauper

295 2430 445 2473 adibit.
508 2430 598 2473 Sed
644 2443 741 2473 cum
777 2427 1059 2486 praestolor,
1107 2437 1311 2483 quantum
1344 2428 1529 2481 scimus,
1578 2428 1794 2482 significet
1818 2434 2006 2484 praesto

296 2528 397 2555 sum
436 2520 566 2555 stans
598 2520 682 2553 aut
711 2519 1005 2568 exspectans,
1049 2515 1265 2566 repugnat
1308 2508 1478 2563 adibit,
1526 2523 1609 2553 nec
1652 2510 1820 2553 admitti
1862 2514 2008 2566 potest

295 2596 378 2638 ista
408 2597 674 2638 coniectura.
706 2617 764 2626 —
813 2594 997 2636 adibit
1044 2594 1276 2650 primus,
1339 2593 1448 2636 Cum
1490 2594 1638 2650 plures
1681 2595 1806 2637 Delia
1844 2594 2006 2638 amicos

296 2683 342 2722 et
371 2679 654 2721 admiratores
685 2677 888 2731 haberet,
934 2683 982 2720 ut
1012 2679 1122 2720 aliae
1155 2676 1395 2719 huiusmodi
1427 2678 1599 2732 puellae
1644 2676 1724 2731 (cf.
1764 2679 2004 2721 Pnopssm.

294 2761 352 2814 Π,
385 2765 428 2815 9,
459 2761 586 2816 27.),
638 2762 710 2816 qui
741 2762 961 2804 matutinis
1006 2759 1121 2803 horis
1153 2762 1386 2802 salutatum
1416 2761 1640 2814 venirent,
1689 2773 1879 2817 pauper,
1928 2763 2004 2815 ait,

295 2843 458 2898 primus
491 2845 645 2886 veniet.
677 2865 737 2873 —
780 2843 939 2885 fixus
971 2842 1109 2894 erit,
1141 2854 1224 2884 non
1259 2841 1454 2884 discedet
1481 2857 1506 2884 a
1538 2843 1671 2887 latere
1703 2847 1804 2898 tuo,
1836 2843 2006 2887 officio-

294 2939 392 2987 sus,
425 2927 568 2970 omnia
597 2927 714 2969 iussa
742 2930 845 2979 tua,
877 2925 1020 2968 omnia
1051 2929 1152 2968 vota
1183 2931 1358 2982 paratus
1386 2928 1580 2981 exsequi.
1642 2927 1711 2969 Ad
1740 2926 2001 2972 locutionem

295 3013 468 3063 praeter
496 3010 799 3052 Gssmunnun
830 3009 930 3051 vide
959 3009 1342 3064 Bnoncxnusmm,
1376 3011 1449 3066 qui
1480 3011 1648 3054 confert
1671 3012 1812 3055 Ovm.
1835 3014 2003 3057 Amorr.

294 3093 372 3146 llI,
406 3096 476 3146 11,
504 3095 561 3135 17
576 3109 587 3135 ι
620 3092 814 3149 Quando
842 3107 923 3151 ego
955 3110 1042 3135 non
1064 3094 1198 3149 fixus
1228 3094 1365 3137 lateri
1395 3093 1645 3151 spatiantis
1677 3092 1901 3136 adhaesi?
1941 3094 2002 3137 Et

296 3175 501 3218 CATULL.
533 3174 656 3227 XXI,
689 3178 738 3216 6:
787 3173 951 3217 iocaris
984 3191 1102 3223 una,
1133 3177 1290 3219 haeres
1323 3178 1386 3218 ad
1413 3178 1562 3225 latus,
1596 3178 1741 3221 omnia
1770 3177 2001 3234 experiris,

295 3258 352 3300 At
384 3258 563 3300 Hom'r.
593 3257 628 3310 I,
660 3259 734 3309 32,
768 3259 838 3300 10.
894 3260 1028 3302 Vme.
1064 3262 1171 3303 Aen.
1203 3261 1259 3315 X,
1291 3265 1392 3305 779.
1438 3261 1618 3303 haerere
1660 3260 1800 3303 alicui
1839 3262 2000 3305 dictum

294 3352 359 3395 pr.
401 3339 599 3383 comitem
644 3353 752 3384 esse.
825 3342 1020 3397 Denique
1050 3346 1164 3387 malo
1197 3358 1327 3388 sensu
1359 3351 1427 3388 est
1458 3344 1594 3387 lateri
1625 3345 1868 3387 adhaerere
1899 3347 2000 3391 L1v.

294 3423 502 3478 XXXIX,
534 3428 608 3470 25.
641 3450 700 3458 —
754 3430 987 3483 tenero,
1030 3434 1232 3473 revocato
1275 3430 1329 3473 ad
1370 3434 1537 3486 partem
1572 3431 1767 3487 corporis
1809 3429 2002 3487 epitheto
