2086 3756
206 207 417 241 cnxxxu
888 191 984 243 DE
1027 190 1231 248 POESI

202 333 399 399 logicae
435 333 738 402 hypothesis
772 331 1163 387 similitudinem
1200 335 1433 387 haberet.
1505 334 1662 398 Quod
1699 312 1917 389 nonita

206 427 489 494 intelliges,
547 428 695 495 quasi
742 444 848 478 non
900 426 1001 481 dici
1051 430 1268 490 omnino
1315 431 1388 482 sic
1436 432 1603 499 possit
1649 431 1706 480 in
1749 430 1917 498 poesi,

206 523 296 574 sed
339 526 559 575 alterum
588 524 860 590 pulchrius
891 524 1117 577 videtur.
1189 525 1292 578 Sed
1327 530 1549 580 observa
1584 543 1727 577 nunc
1763 527 1918 577 etiam

203 619 261 668 in
299 617 484 669 ceteris
517 618 783 668 sententiis
820 630 1007 686 poetae
1042 638 1261 673 morem.
1333 622 1505 673 Dicit:
1542 632 1711 672 cantus
1731 621 1919 672 Lunam

205 732 230 764 e
262 731 406 763 curru
430 713 663 763 deducere
691 724 839 765 tentat
867 716 928 766 Et
948 714 1167 782 faceret,
1203 722 1246 766 si
1269 735 1359 767 non
1385 735 1507 767 aera
1534 718 1724 784 repulsa
1748 724 1921 777 sonent,

205 803 355 857 dicitz
398 811 617 857 carmina
650 812 701 858 ni
727 812 842 873 sint,
877 810 956 862 Ex
978 811 1169 861 humero
1196 813 1383 879 Pelopis
1415 829 1507 861 non
1539 814 1743 862 nituisset
1777 810 1920 872 ebur-3

204 917 328 951 nam
366 899 519 951 etiam
553 920 694 953 nunc
730 905 803 955 ita
839 905 966 955 haec
1005 906 1242 956 intuetur
1275 913 1480 969 mente,
1529 906 1589 954 ut
1627 920 1761 972 quae
1798 910 1919 952 ante

206 996 386 1046 oculos
423 1006 583 1063 stent,
623 998 773 1067 quasi
808 999 865 1049 in
896 997 1093 1052 medias
1124 1017 1208 1052 res
1237 1009 1537 1067 praesentes
1563 1014 1662 1048 nos
1693 997 1920 1059 ducens;

204 1089 261 1139 in
305 1090 547 1144 secundis
598 1103 773 1146 autem
822 1095 1071 1144 membris
1114 1093 1181 1144 ad
1224 1087 1469 1146 formam*
1497 1092 1706 1144 dicendi
1744 1093 1919 1160 ‚hypo-

204 1185 449 1235 theticam
496 1185 656 1250 redit,
711 1204 884 1237 mer-as
936 1188 1301 1239 conclusiones
1351 1206 1406 1239 se
1455 1187 1648 1239 ducere
1691 1199 1744 1239 et
1783 1204 1919 1256 quae

205 1278 346 1328 nihilv
376 1279 482 1331 sint
530 1279 703 1345 aliud,
756 1281 1084 1334 recordatus.
1172 1283 1386 1334 Poterat
1425 1281 1492 1334 ad
1534 1281 1754 1335 eandem
1794 1300 1923 1335 nor-

206 1391 343 1424 mam
378 1375 436 1424 in
469 1375 585 1426 his:
640 1377 860 1445 Quisquis
896 1381 1254 1447 inornatumque
1283 1360 1436 1447 'caput
1475 1383 1715 1449 crinesque
1750 1380 1922 1429 solutos

206 1469 508 1538 Adspiceret,
543 1472 723 1523 Phoebi
756 1483 1003 1540 quaereret
1036 1473 1110 1523 ille
1145 1491 1360 1538 comam,
1406 1474 1499 1524 ubi
1537 1472 1606 1546 de·
1631 1475 1922 1548 ‘praeterita

205 1579 263 1616 r‘e
299 1582 499 1630 sermo,
538 1566 596 1616 in
627 1568 794 1620 altero
828 1569 1065 1619 membro
1100 1572 1393 1636 quaeszbtlsset
1428 1549 1759 1638 diceressqfffied
1795 1586 1922 1621 con-

206 1660 432 1714 tinuavit
483 1645 716 1728 priorem
770 1660 1030 1728 cogitandi
1086 1663 1345 1715 rationem
1391 1680 1628 1716 nervose
1685 1680 1768 1729 pr.
1816 1673 1922 1713 erat

206 1755 336 1823 quod
381 1764 643 1824 quaereret.
726 1756 801 1806 Ac
842 1755 1049 1823 saepius
1089 1766 1141 1807 et
1178 1757 1314 1807 hanc
1355 1757 1583 1807 formam
1622 1755 1921 1811 invenimus

208 1849 301 1900 ubi
350 1858 428 1900 est
476 1847 673 1916 duplex
721 1850 1114 1917 imperfectum,
1173 1849 1616 1920 quemadmodum
1664 1850 1720 1902 in
1763 1849 1922 1901 Com-

206 1943 463 1995 mentario
501 1943 566 1994 ad
606 1944 755 1994 illum
795 1946 970 1996 locum
1007 1946 1214 2011 notavi,
1268 1956 1319 1997 et
1360 1946 1504 1996 illam
1541 1945 1636 1996 ubi
1673 1944 1731 1996 in
1766 1963 1922 2012 prae-

208 2039 358 2090 terita
391 2056 449 2089 re
486 2038 578 2090 tali
612 2049 735 2106 post
767 2041 1341 2108 plusquamperfectum
1378 2039 1436 2090 in
1470 2039 1671 2107 protasi
1704 2039 1922 2107 ponitur

211 2133 571 2200 imperfectum
623 2149 845 2187 nervose
894 2134 950 2185 in
1001 2132 1247 2201 apodosi,
1303 2134 1470 2187 veluti
1515 2134 1702 2186 Horat.
1740 2133 1847 2185 Sat.
1879 2135 1920 2198 Ι,

212 2234 268 2290 6,
310 2231 411 2280 79:
459 2230 639 2279 Vestem
677 2247 919 2298 servosque
958 2232 1186 2298 sequemis
1248 2231 1310 2279 In>
1350 2225 1522 2292 magno
1563 2239 1615 2280 ut
1649 2231 1822 2298 populo
1882 2234 1926 2279 si

211 2326 313 2390 quis
340 2323 546 2387 vidis-set,
585 2328 714 2374 avita
740 2325 818 2375 Ex
842 2342 894 2375 re
914 2325 1140 2393 praeberi
1167 2333 1378 2392 sumptus
1401 2325 1516 2374 mihi
1542 2323 1766 2387 crederet,
1802 2324 1856 2374 h.
1876 2341 1923 2374 e.

211 2427 322 2468 erat
359 2416 504 2486 quod
543 2416 793 2471 crederet.
867 2417 1006 2471 Vide
1046 2419 1146 2470 alia
1182 2437 1265 2485 ap.
1297 2419 1470 2470 Bentl.
1503 2415 1571 2469 ad
1599 2417 1786 2468 Horat.
1813 2416 1924 2468 Sat.

208 2513 282 2574 ll,
317 2517 375 2575 3,
409 2517 494 2565 93.
531 2522 582 2563 et
621 2513 857 2567 Gronov.
894 2512 961 2564 ad
1002 2513 1119 2566 Liv.
1150 2514 1407 2577 XXXIV,
1438 2517 1524 2564 12.
1561 2521 1615 2564 et
1655 2512 1748 2581 qui
1784 2514 1922 2563 bene

209 2604 274 2655 de
312 2608 414 2657 hoc
452 2606 762 2673 imperfecto
797 2606 855 2657 in
892 2605 1116 2674 apodosi
1153 2606 1411 2675 disputat,
1464 2605 1584 2657 Car.
1616 2604 1760 2658 Frid.
1798 2607 1922 2657 Etz-

207 2701 376 2750 lerum
405 2699 458 2750 in
490 2701 658 2764 libro,
690 2700 784 2769 qui
818 2700 1152 2754 inscribitur:
1187 2702 1734 2770 Sprachersnerungen,
1771 2702 1922 2752 Bresl.
1974 2765 1985 2777 μ

212 2798 376 2858 1826,
414 2812 530 2861 pag.
553 2798 650 2845 121
681 2811 798 2864 sqq.
870 2795 1046 2864 Atque
1076 2796 1206 2847 haec
1234 2792 1298 2846 de
1328 2795 1426 2846 his.
1499 2793 1659 2857 Quod
1689 2794 1919 2863 denique

204 2890 379 2940 locum
415 2889 616 2940 Tibulli
651 2889 718 2953 ΙΙ,
748 2894 797 2955 3,
835 2897 884 2941 7.
925 2891 1131 2954 attinet,
1167 2891 1261 2940 ubi
1299 2900 1404 2940 est:
1442 2900 1652 2940 sectarer
1683 2900 1922 2959 aratrum,

207 2984 323 3034 dum
355 2984 570 3048 subigunt
587 3013 609 3024 -
628 2985 788 3047 boves,
824 2983 936 3035 dixi
966 2982 1030 3034 de
1059 3001 1121 3035 eo
1150 2986 1405 3051 explicate
1433 2984 1491 3035 in
1511 2983 1921 3036 Commentario·

208 3078 306 3128 His
346 3076 602 3144 expeditis
644 3088 804 3129 restat
845 3088 900 3128 ut
942 3077 1071 3130 alios
1116 3079 1404 3130 nonnullos
1438 3080 1582 3135 ‚locos
1619 3078 1924 3130 considere-

211 3193 327 3226 mus
364 3173 599 3225 nondum
638 3186 970 3226 memoratos.
1053 3177 1197 3227 Talis
1229 3176 1574 3244 priminae&
1610 3178 1703 3241 IV,
1740 3182 1822 3240 13,
1857 3182 1919 3228 5:

212 3273 367 3339 Atque
405 3276 582 3322 utinam
625 3289 780 3338 posses
818 3275 898 3321 uni
935 3274 1050 3321 mihi
1093 3272 1213 3326 bella
1257 3273 1430 3322 videri:
1484 3271 1744 3339 Displiceas
1789 3274 1918 3324 aliis:
