2158 3750
648 269 830 322 LIBR.
874 271 939 322 11.
1011 266 1214 320 ELEG.
1255 269 1348 321 lV.
1741 274 1844 319 263

143 414 267 457 Iuvat
309 412 508 458 conferre
552 415 788 460 Pnoran.
826 415 905 469 111,
942 417 1022 458 13:
1077 410 1308 471 Quaeritis
1339 410 1456 455 unde
1486 408 1633 454 avidis
1665 423 1752 452 nox
1780 409 1842 451 sit

137 496 338 553 pretiosa
376 496 545 554 puellis
584 498 650 539 Et
700 498 864 540 Venere
906 495 1158 538 exhaustae
1205 494 1368 536 danzna
1415 500 1663 552 querantur
1705 490 1845 549 opes?

144 580 275 620 Certa
307 580 482 638 quidem
510 579 658 623 tantis
686 594 827 622 causa
856 587 902 621 et
933 579 1179 637 manufesta
1202 579 1372 621 ruinis.-
1404 578 1639 620 Luxuriae
1660 575 1844 620 nimium

141 657 282 701 libera
311 662 455 718 sacta
492 661 569 703 via
597 668 682 706 est.
743 661 861 702 Inda
892 661 1016 702 cavis
1047 675 1211 702 aurum
1242 660 1386 702 mittit
1405 660 1607 719 formica
1637 658 1847 707 metallis,

142 742 207 781 Et
236 742 357 783 venit
383 757 408 783 e
437 741 572 785 rubro
601 742 769 784 concha
797 740 999 798 Erycina
1029 739 1142 787 salo,
1173 742 1235 782 Ee
1267 744 1410 798 Tyros
1441 741 1633 784 ostrinos
1659 738 1847 797 praebet

143 825 333 867 Cadmea
363 825 551 873 colores,
594 824 836 868 cinnamon
875 830 921 864 et
956 822 1090 864 multi
1113 830 1277 879 pastor
1308 822 1454 865 odoris
1489 822 1656 867 Arabs.
1717 825 1847 865 Haec

139 905 276 946 etiam
306 905 490 948 clausas
514 913 780 964 expugnant
811 918 939 946 anna
963 903 1175 960 pudicas.
1202 927 1250 935 —
1284 905 1440 960 Pergit
1460 906 1682 949 Tibullus:
1715 905 1847 950 hinc

141 987 343 1030 clavim
384 989 551 1030 ianua
593 987 782 1031 sensit
812 991 898 1031 etc.
940 985 983 1031 h.
1014 999 1054 1030 e.
1091 991 1142 1029 ut
1172 999 1270 1030 cum
1302 986 1496 1030 Hermo
1528 988 1707 1043 loquar,
1749 986 1847 1031 hinc

142 1070 532 1125 coepercpuellae
573 1069 693 1112 fores
734 1069 931 1112 occlusas
977 1073 1024 1112 et
1064 1068 1269 1113 custodes
1311 1068 1495 1123 habere,
1540 1074 1590 1112 ut
1630 1074 1846 1114 amatores

140 1153 214 1207 qui
251 1152 422 1196 admitti
450 1153 684 1208 volebant,
725 1166 833 1197 auro
863 1159 1176 1209 emungerent,
1222 1151 1579 1208 quemadmodum
1610 1165 1722 1195 nunc
1754 1151 1847 1195 Ne-

139 1235 284 1279 mesis.
346 1235 503 1290 Neque
533 1235 648 1279 enim
678 1235 736 1279 de
759 1236 925 1279 maritis
957 1234 1026 1279 bic
1053 1248 1196 1280 sermo
1223 1248 1384 1278 uxores
1411 1234 1767 1278 custodientibus.
1786 1255 1847 1265 —

139 1317 332 1370 canis,
358 1315 418 1360 cf·
446 1316 486 1371 1,
514 1320 559 1372 6,
588 1319 664 1362 32.
693 1341 755 1351 —
799 1317 1076 1362 custodia
1105 1318 1264 1361 victa
1304 1322 1415 1371 est,
1448 1316 1673 1360 confestim
1704 1315 1847 1358 aditus

138 1403 273 1454 patet.
353 1399 557 1443 Ceterum
612 1398 804 1443 reddidit
860 1400 1002 1442 locum
1059 1400 1338 1442 Aumrsrssn
1392 1399 1847 1441 Tnsssssnomcausu

137 1479 313 1524 Anthol.
354 1482 434 1525 Gt.
477 1481 578 1536 Vll,
619 1481 776 1539 Epigr.
815 1485 930 1527 161:
981 1477 1072 1524 Ἠν
1115 1483 1192 1532 μὶν
1231 1477 1317 1539 γᾶρ
1360 1477 1411 1522 ‘cd
1449 1477 1657 1537 χάραγμα
1699 1481 1846 1538 φέρῃς,

137 1561 286 1610 φίλος·
330 1558 429 1605 οὔτε
466 1559 671 1622 θυρωρδς
699 1559 769 1605 'Er
807 1557 958 1613 πόσιν,
1001 1559 1100 1604 οὔτε
1141 1558 1253 1605 κύων
1295 1565 1338 1604 ἐν
1377 1558 1620 1620 προθύροις
1659 1562 1847 1611 δέδεται,

139 1646 255 1701 quod
281 1646 511 1691 Mulssws
541 1648 705 1704 primun
732 1647 916 1691 contulit
935 1645 1223 1689 transferens:
1258 1645 1376 1686 Nam
1396 1646 1593 1701 pretium
1616 1643 1656 1684 si
1674 1641 1848 1700 grande

130 1727 292 1785 seras,
338 1743 419 1771 nec
445 1729 615 1773 ianitor
642 1729 767 1773 ullus
798 1731 891 1772 Nec
918 1730 1099 1772 vinctus
1135 1727 1311 1787 rigidas
1341 1735 1441 1770 stat
1471 1727 1597 1768 canis
1628 1734 1735 1767 ante
1760 1724 1845 1783 fo-

138 1824 223 1854 res.
254 1834 315 1844 —-
346 1814 403 1856 V·
432 1817 492 1856 35
521 1828 617 1869 sqq.
646 1814 984 1870 quicunque
1013 1813 1327 1867 caelestis,
1357 1813 1603 1856 rarissimus
1629 1824 1736 1855 usus
1767 1823 1846 1854 vo-

138 1895 203 1938 cis
250 1897 293 1938 in
337 1897 544 1952 singulari
588 1910 783 1942 numero.
858 1897 950 1940 Sed
993 1896 1255 1940 monendum
1297 1901 1399 1939 ante
1443 1896 1588 1939 omnia
1632 1894 1687 1938 de
1727 1906 1844 1937 nexu

136 1979 447 2023 sententiarum
473 1987 554 2023 est.
616 1981 678 2023 Ut
709 1992 789 2036 par
818 1985 912 2022 erat
940 1980 983 2022 in
1014 1979 1190 2031 affectu,
1222 1978 1406 2034 primum
1436 1981 1690 2021 exsecratur
1714 1977 1844 2020 luxu-

55 2099 58 2101 .
136 2060 229 2104 riae
256 2067 534 2116 ornamenta,
576 2067 669 2106 tum
701 2075 877 2106 causam
908 2063 1088 2119 exponit
1117 2061 1445 2104 exsecrationis.
1511 2060 1595 2103 His
1625 2059 1737 2103 enim
1770 2073 1846 2103 or—

136 2147 351 2191 namentis
387 2160 545 2191 avarae
586 2147 729 2192 factae
769 2148 944 2205 puellae
983 2152 1029 2190 et
1069 2146 1259 2191 vendere
1301 2146 1457 2190 callide
1487 2151 1639 2190 noctes
1680 2145 1845 2190 didice-

72 2230 76 2231 ’
134 2235 252 2274 runt.
311 2229 427 2274 Tum
467 2231 655 2275 absolvit
694 2232 1031 2289 explicationem
1074 2232 1176 2275 mali
1219 2230 1369 2275 addito
1413 2231 1566 2274 ultimo
1609 2235 1845 2275 momento.

138 2310 241 2355 Non
271 2317 388 2356 esset
417 2325 497 2369 per
525 2325 575 2357 se
605 2318 772 2358 tantum
801 2315 960 2359 malum
991 2315 1195 2369 avaritia,
1239 2315 1320 2358 nisi
1351 2313 1626 2371 pulchritudo
1654 2316 1840 2360 accede-

138 2398 235 2448 ret,
276 2407 390 2449 quae
417 2395 514 2451 ipsa
541 2395 730 2440 devincit
756 2400 1020 2449 amatorem,
1060 2400 1110 2438 ut
1141 2395 1369 2440 discedere
1400 2409 1487 2440 non
1514 2397 1666 2453 possit.
1732 2398 1843 2443 Qui-

138 2490 311 2533 cunque
350 2479 488 2534 igitur
520 2478 630 2523 dens
667 2478 1031 2536 pulchritudinem
1075 2479 1197 2523 dedit
1237 2480 1402 2534 avaris,
1443 2480 1627 2524 absolvit
1670 2481 1842 2525 malum.

137 2560 254 2605 Nam
295 2561 357 2604 ita
400 2563 598 2605 oriuntur
638 2562 823 2607 fletus
863 2565 1139 2607 exclusorum
1174 2564 1434 2616 amantium,
1476 2564 1550 2618 qui
1593 2562 1844 2606 satisfacere

134 2644 343 2687 avaritiae
373 2645 612 2700 puellarum
644 2658 730 2690 non
763 2652 969 2701 possunt,
1001 2651 1048 2690 et
1076 2647 1242 2689 rixae
1273 2659 1370 2689 cnm
1404 2646 1586 2701 puellis;
1628 2646 1690 2688 ita
1721 2644 1843 2688 deni-

135 2737 223 2781 que
252 2726 411 2782 factum
441 2732 491 2770 ut
519 2728 651 2771 etiam
683 2726 792 2770 deus
824 2728 966 2770 Amor
994 2727 1184 2786 infamis
1213 2728 1365 2781 fieret,
1407 2728 1479 2782 qui
1512 2740 1590 2783 per
1621 2726 1843 2770 avaritiam

135 2811 376 2867 puellarum
410 2811 536 2855 bonis
575 2812 753 2855 iuvenes
794 2816 941 2855 exuat.
976 2833 1033 2843 -
1085 2810 1322 2855 Videamus
1366 2823 1478 2853 nunc
1518 2810 1691 2864 singula
1731 2821 1844 2863 quae
1887 2795 1900 2802 ⁴

136 2897 313 2936 restant.
375 2893 561 2939 Quale
590 2893 822 2950 bonum,
852 2908 982 2950 quam
1012 2894 1217 2938 acerbum
1250 2894 1408 2936 bonum
1439 2892 1607 2936 addidit
1638 2893 1845 2935 avaritiae

135 2976 273 3020 malis.
331 2977 423 3020 Pro
464 2978 670 3022 attulit
710 2978 823 3023 bene
866 2980 966 3023 Itali
1013 2980 1297 3023 emendarunt
1336 2977 1538 3024 addidit,
1586 2978 1704 3032 quod
1747 2982 1845 3034 post

136 3059 260 3101 dedit
295 3061 457 3116 optime
496 3060 688 3115 dictum3
733 3075 831 3106 nam
874 3064 918 3107 in
961 3063 1113 3108 dolore
1165 3069 1241 3108 aut
1283 3076 1501 3108 sarcasmo
1542 3062 1844 3107 similitudines

134 3155 338 3187 sonorum
386 3145 592 3187 acerbum
644 3145 860 3199 quoddam
914 3160 1095 3191 acumen
1148 3146 1319 3191 babent.
1403 3144 1599 3189 Abdidit
1644 3160 1750 3191 vero
1799 3152 1844 3190 et

133 3227 275 3284 ipsum
306 3228 362 3271 ab
405 3228 527 3271 Italis
570 3228 838 3284 profectum,
886 3232 1002 3287 quod
1042 3234 1209 3276 Vossro
1258 3231 1454 3275 fraudem
1503 3231 1634 3286 fecit,
1684 3233 1842 3275 nullius

134 3310 263 3366 pretii
308 3315 388 3353 est.
466 3310 585 3353 Bene
636 3313 748 3355 enim
796 3312 1043 3368 Hermus,
1091 3316 1350 3359 observante
1397 3315 1527 3358 etiam
1573 3314 1840 3358 Huscmuo:

129 3390 303 3443 „forma
332 3392 468 3435 latere
498 3393 700 3447 nequit.“
735 3418 790 3427 —
834 3394 975 3439 fecit
1016 3401 1075 3440 ut
1115 3398 1344 3441 infamis
1375 3405 1545 3442 esset.
1608 3397 1689 3439 Est
1718 3395 1830 3465 sec-{t
