2158 3750
321 257 423 305 368
718 247 1186 303 COMMENTAR.
1223 247 1301 301 IN
1337 250 1624 304 TIBULLI

319 411 419 444 eum
457 398 628 441 incaute
673 393 864 436 locutum
876 422 891 446 ,
937 389 1015 436 sed
1058 403 1143 435 non
1186 389 1317 434 debet
1357 396 1588 448 propterea
1629 394 1822 450 spurium
1865 395 2016 442 haberi

320 481 548 527 distichon.
579 501 639 510 --
1909 521 1914 524 .

438 563 494 606 V.
518 563 575 602 21
591 557 683 601 —ad
708 558 851 602 finem.
912 556 1114 600 Altera
1146 569 1280 612 pars
1311 557 1595 602 carminis.
1653 558 1864 603 Iterum
1895 573 2018 616 pr&-

322 651 488 690 catur
517 650 577 687 ut
607 647 805 700 parcat
835 642 1014 684 orcus
1045 642 1201 684 vitae
1230 655 1336 685 non
1366 648 1620 686 maturae
1648 645 1847 698 morti,
1877 657 2019 689 man-

323 729 531 782 datque
569 727 624 768 in
664 725 745 767 fin
761 738 785 766 e
825 723 997 766 etiam
1038 723 1244 765 amicis
1284 723 1646 779 valedicens,
1688 729 1751 777 ut
1786 739 2018 770 succur-

323 815 451 856 rant
480 815 537 854 et
567 808 934 852 sacrificium
963 806 1313 863 promittant
1341 807 1599 851 Plutoni.

440 896 496 939 V.
517 897 574 936 21
599 906 665 947 sq.
697 906 726 947 q
737 905 767 934 u
779 891 793 933 i
806 904 829 934 c
842 903 868 933 u
882 903 910 932 n
923 903 949 944 q
963 903 992 932 u
1004 902 1029 932 e
1063 894 1082 932 t
1094 902 1118 931 e
1129 902 1156 931 n
1168 890 1244 931 eti
1257 902 1294 934 s.
1353 890 1495 933 Antea
1523 892 1834 948 Proserpinam
1865 904 2020 948 preca-

322 985 393 1021 tus
423 980 518 1019 erat
529 1008 544 1030 ,
585 987 699 1017 nunc
731 974 774 1016 in
803 974 992 1028 repetita
1021 972 1275 1027 precatione
1302 972 1509 1015 intentior
1538 987 1688 1017 omnes
1719 974 1826 1018 deos
1857 974 2022 1019 inferos

323 1065 434 1105 orat.
494 1059 606 1102 Erat
635 1070 785 1100 eorum
814 1068 996 1109 magnus
1018 1068 1235 1097 numerus.
1252 1078 1310 1086 --
1355 1071 1382 1111 p
1397 1070 1421 1098 a
1435 1057 1617 1100 lien-te
1629 1070 1651 1100 s
1679 1070 1710 1100 u
1722 1070 1749 1100 n
1762 1057 1790 1100 d
1801 1070 1882 1112 as,
1908 1071 2023 1114 quae

319 1143 546 1188 includunt
576 1142 753 1185 Orcum.
813 1137 1045 1180 Pallentes
1075 1142 1126 1180 ut
1155 1151 1286 1194 supra
1310 1139 1391 1192 ΙΙΙ,
1417 1142 1462 1195 1,
1476 1143 1542 1197 2²8
1556 1156 1567 1183 ι
1592 1140 1778 1197 pallida
1807 1156 1948 1201 aqua.
1966 1166 2022 1176 —

318 1227 361 1271 D
378 1241 406 1272 u
419 1239 439 1269 r
451 1239 477 1268 a
506 1230 561 1268 te
573 1228 623 1267 rt
638 1224 686 1266 ia
728 1235 750 1265 r
763 1234 788 1264 e
800 1235 830 1276 g
844 1234 870 1263 n
883 1234 926 1264 a.
985 1220 1137 1275 Agunt
1166 1219 1236 1264 hic
1265 1221 1524 1277 interpretes
1554 1221 1610 1264 de
1640 1222 1809 1267 duobus
1839 1224 2020 1270 adieeti-

323 1310 387 1354 vis
420 1307 578 1351 diversi
607 1306 780 1361 generis
811 1305 886 1347 uni
917 1304 1184 1348 substantivo
1225 1305 1382 1348 iunctis
1397 1336 1412 1359 ,
1455 1305 1814 1358 Bnoucrumsms
1826 1339 1842 1362 ,
1885 1309 2022 1362 HR!-

322 1403 430 1435 mus
440 1423 454 1445 ‚
480 1391 687 1432 BAcmth
700 1416 712 1437 ,
741 1401 923 1443 quorum
958 1388 1122 1444 primus
1152 1401 1352 1443 magnam
1382 1389 1553 1444 copiam
1583 1391 1877 1447 exemplorum
1906 1397 2025 1438 attu-

321 1476 387 1519 lit.
448 1475 576 1518 Talia
603 1487 646 1519 v.
678 1486 716 1517 c.
748 1477 848 1515 sunt
877 1471 1087 1514 [ποιεῖ.
1118 1472 1174 1526 V,
1204 1475 1290 1514 332
1324 1470 1574 1529 Aureaque
1602 1473 1901 1528 Hesperidum
1929 1489 2026 1517 ser·
2106 1478 2110 1480 “
2135 1451 2139 1456 ’

320 1573 437 1602 vans
467 1555 698 1615 fulgentia
726 1554 848 1597 mala
877 1578 938 1588 —
967 1569 1171 1611 serpens,
1191 1555 1342 1600 -VIch
1374 1555 1482 1597 Aen.
1510 1554 1588 1609 Vl,
1620 1558 1737 1599 603:
1767 1555 1920 1600 lucent
1942 1573 2024 1617 ge-

321 1640 520 1684 nialibus
565 1627 677 1681 altis
716 1639 878 1681 Aurea
913 1637 1080 1696 fulcra
1123 1637 1252 1680 toris.
1320 1638 1416 1681 Nos
1458 1637 1514 1681 de
1558 1651 1611 1682 ea
1651 1652 1701 1683 re
1741 1639 1930 1690 diximus
1967 1641 2026 1686 ad

321 1725 527 1767 Pmmn.
566 1720 692 1775 Pyth.
731 1721 813 1774 IX,
855 1734 957 1777 pag.
987 1725 1094 1766 305.
1153 1721 1268 1767 Vide
1308 1723 1438 1766 etiam
1481 1722 1664 1768 Censor.
1697 1723 1741 1767 in
1774 1724 2026 1777 Emmanu-

323 1807 462 1851 Lr'rm.
498 1806 687 1848 Ismaris.
720 1807 850 1855 1812.
881 1803 960 1850 Nr.
993 1808 1096 1849 160.
1128 1819 1172 1861 p.
1195 1807 1297 1848 247.
1359 1805 1565 1849 Ceterum
1597 1803 1667 1848 hic
1693 1818 1798 1853 usus
1828 1807 1910 1851 etsi
1942 1820 2026 1865 pet

322 1903 373 1934 se
401 1889 576 1932 minime
617 1887 751 1930 mirus
783 1891 915 1940 atque
947 1886 1078 1928 etiam
1115 1885 1158 1928 in
1198 1899 1327 1941 prosa
1357 1887 1580 1942 oratione,
1625 1893 1676 1930 ut
1707 1901 1786 1944 pat
1815 1893 1911 1943 est,
1953 1888 2025 1935 hic

321 1972 412 2015 illic
434 1970 601 2022 obvius,
632 1968 932 2022 frequentatur
957 1972 1099 2011 tamen
1127 1968 1335 2024 imprimis
1362 1969 1405 2011 in
1431 1969 1670 2013 sublimiori
1698 1972 1835 2026 poesi.
1893 1973 2026 2028 Apud

322 2052 597 2107 Lygdamum
629 2049 745 2092 aliud
775 2050 1022 2105 exemplum
1054 2050 1239 2104 legimus
1271 2051 1384 2104 eleg.
1415 2053 1459 2104 3,
1490 2052 1588 2104 fin.,
1636 2051 1754 2097 aliud
1785 2052 2024 2100 videbimus

323 2139 437 2193 eleg.
470 2141 513 2191 6,
550 2137 622 2180 fin.
684 2134 884 2187 Tibullus
913 2146 1006 2176 rem
1035 2146 1121 2176 non
1166 2131 1312 2176 habet.
1342 2157 1403 2165 —
1451 2135 1505 2179 V.
1537 2137 1596 2176 23
1627 2148 1726 2192 sqq.-
1785 2136 2024 2192 Elysios

323 2231 574 2274 campos3
605 2215 844 2267 nambdixit
870 2228 1002 2271 supra
1031 2213 1165 2257 vitam
1195 2227 1319 2258 suam
1350 2217 1479 2271 culpa
1509 2230 1704 2261 vacuam.
1722 2242 1784 2251 —
1812 2233 2024 2276 cogno-

321 2312 515 2353 scere,
560 2299 706 2352 adire,
751 2299 906 2340 visere.
959 2298 1201 2342 PROPERT·
1237 2297 1275 2350 I,
1316 2302 1359 2351 6,
1402 2302 1482 2342 13:
1531 2314 1612 2341 nec
1651 2301 1763 2343 milli
1787 2302 1863 2348 ,sit
1901 2304 2027 2347 tanti

322 2382 479 2424 doctas
510 2395 767 2439 cognoscere
797 2381 1026 2425 Athenas.
1086 2382 1331 2424 PINDARUS
1363 2381 1538 2439 Olymp.
1569 2383 1693 2439 XHl,
1723 2389 1777 2430 3:
1806 2382 2027 2440 γνώσομαι

323 2462 408 2509 τάν
440 2462 592 2520 ὀλβίαν
621 2460 862 2522 Κόρινθον.
925 2465 1158 2520 Aptissima
1191 2465 1354 2508 locutio
1395 2466 1470 2508 ubi
1509 2479 1654 2510 sermo
1694 2468 1752 2513 de
1791 2473 2026 2526 praeclaris

321 2549 444 2592 locis.
477 2569 538 2581 —
589 2548 934 2591 Cimmerios
981 2549 1168 2604 lacus,
1217 2550 1395 2607 flumina
1441 2549 1651 2605 paludosa
1697 2558 1798 2599 ante
1845 2556 2025 2601 Orcum.

321 2632 544 2675 ALBINOV.
569 2630 627 2684 II,
660 2635 712 2673 6:
758 2631 807 2670 It
839 2630 956 2672 redit
985 2629 1034 2672 in
1063 2637 1219 2673 vastos
1249 2645 1417 2687 semper
1446 2639 1612 2674 onusta
1644 2632 1800 2683 lacus,
1845 2636 1900 2680 de
1930 2643 2024 2682 rate

318 2717 514 2757 mortuos
543 2711 861 2756 transvehente.
927 2709 1199 2757 Cimmerios,
1231 2710 1274 2753 h.
1308 2725 1345 2755 e.
1377 2712 1565 2766 inferos3
1607 2726 1704 2767 ειμι]
1737 2713 1807 2758 hic
1836 2719 2024 2774 populus

318 2792 536 2838 habitaret
574 2799 675 2837 ante
717 2795 895 2837 Orcum.
957 2792 1157 2851 Tibullus
1197 2806 1284 2835 non
1326 2798 1442 2836 amat
1484 2794 1733 2861 doctrinam
1758 2798 2025 2860 mythologi-

319 2892 432 2927 cam.
460 2902 522 2912 —-
571 2878 702 2920 Cum
742 2890 856 2920 mea
898 2857 1111 2931 rugo-sa
1140 2890 1234 2932 sqq.
1295 2878 1383 2920 Ubi
1417 2879 1609 2939 Vossius
1630 2878 1844 2939 ,Qerit
1873 2883 2026 2928 laetari

322 2964 498 3016 poetam
526 2961 648 3015 rugis
679 2959 919 3015 etfpallore
949 2959 1198 3012 senectutis,
1230 2960 1391 3002 nescio.
1423 2982 1485 2994 -
1515 2960 1588 3004 Et
1617 2957 1866 3013 refegnm
1895 2979 2026 3022 plue-

321 3045 402 3087 ris
434 3049 517 3087 etc.
578 3044 747 3086 Similia
777 3043 911 3090 verba
941 3042 1141 3086 Tibullus
1171 3043 1207 3096 I,
1244 3047 1315 3097 10,
1346 3047 1419 3087 44.
1461 3042 1620 3099 habet,
1663 3045 1743 3090 sed
1774 3038 1925 3090 sensus
1954 3049 2024 3091 lo-

323 3140 470 3170 corum
503 3127 709 3170 diversus.
770 3126 946 3169 Tibullo
977 3128 1066 3170 illic
1097 3127 1272 3171 hilarior
1306 3128 1566 3185 obversatur,
1592 3128 1739 3190 imago
1770 3130 2022 3185 senectutis,

322 3207 574 3262 Lygdamus
606 3208 662 3250 de
693 3208 868 3250 tristitia
910 3209 1003 3253 eius
1037 3210 1142 3264 agit.
1204 3211 1325 3254 Dicit
1357 3210 1494 3261 enim:
1542 3210 1613 3254 Ad
1643 3211 1806 3267 inferos
1835 3211 2020 3256 descen-

324 3289 450 3344 dam,
493 3291 568 3333 ubi
606 3290 742 3333 tristis
784 3296 985 3334 senectus
1015 3293 1180 3346 aderit,
1223 3292 1298 3335 ubi
1329 3306 1465 3348 rugae
1495 3293 1668 3336 venient
1696 3293 1762 3336 ori
1794 3298 1839 3336 et
1868 3295 2021 3350 pallor,

327 3385 408 3418 nec
449 3372 551 3429 quid
593 3386 718 3429 agam
762 3371 929 3418 habebo
971 3374 1053 3419 nisi
1093 3378 1141 3418 ut
1183 3375 1328 3431 pueris
1362 3380 1558 3434 tempora
1586 3374 1735 3431 prisca
1756 3375 2018 3422 describam.
