2086 3756
237 265 361 304 cvm
957 253 1052 304 DE
1091 251 1295 308 POESI

234 392 394 447 tionis
423 388 648 449 indicem
678 405 728 448 et
758 393 932 464 ipsum
968 395 1403 460 pulcherrimum,
1448 395 1595 450 cuius
1625 396 1948 449 luculentum

234 491 534 558 exemplum
572 490 734 556 elegia
767 492 809 554 Ι,
843 494 892 540 1.
926 491 1160 559 praebet.
1229 489 1373 543 Fieri
1411 490 1551 542 enim
1586 501 1759 559 potest
1794 491 1948 542 etiam
2021 524 2024 530 ·

232 586 363 652 hoc,
418 596 478 636 ut
519 588 696 637 thema
732 586 1190 653 elegiae-‘positum
1228 587 1286 638 in
1322 585 1634 639 exordinet
1670 585 1948 652 repetitum

232 682 291 733 in
339 681 484 732 exitu
520 690 795 748 praeterea
829 681 1009 734 redeat
1053 683 1111 733 in
1131 675 1325 735 ‘medio
1363 683 1591 734 carmine
1633 677 1947 742 identidem3

232 794 356 843 ergo
396 795 507 829 non
554 787 726 831 totum
770 787 1134 846 argumentum
1181 794 1343 832 unam
1379 778 1643 848 quandam
1676 776 1951 845 repetitam

229 870 458 924 formam
500 872 659 924 habet
706 882 768 925 ut
817 889 978 941 supra
1023 875 1081 925 in
1122 873 1295 942 primo
1343 890 1560 940 genere,
1615 869 1707 922 sed
1748 874 1949 922 summa

228 973 434 1017 tantum
473 959 730 1019 sententia
776 985 874 1036 per
918 967 1194 1021 intervalla
1226 968 1485 1035 repetitur
1521 984 1552 1016 a
1583 964 1846 1034 principio
1882 962 1948 1014 ad

231 1058 391 1112 finem
434 1079 622 1129 magna
658 1079 779 1116 cum
816 1062 898 1125 v'i,
945 1054 1388 1132 quemadmodum
1426 1061 1531 1112 iam
1567 1058 1787 1113 videbis.
1856 1057 1948 1108 Ti-

228 1155 405 1209 bullus
437 1156 686 1208 invitatus
723 1174 753 1207 a
780 1157 1007 1208 Messala
1043 1155 1109 1206 ad
1144 1157 1270 1207 belli
1304 1157 1601 1208 societatem
1633 1171 1751 1207 cum
1784 1152 1949 1204 nollet

227 1250 408 1317 sequi,
462 1247 744 1315 respondet
780 1250 892 1299 *hoc
942 1250 1200 1312 carmine,
1255 1250 1404 1301 cuius
1448 1249 1650 1301 summa
1692 1247 1948 1299 sententia

227 1344 390 1398 haec:
441 1344 655 1395 militiae
688 1345 952 1394 molestias
992 1354 1044 1394 et
1079 1361 1206 1412 opes
1242 1343 1355 1394 aliis
1392 1353 1446 1395 se
1461 1343 1808 1410 “relinquere,
1849 1341 1948 1392 sibi

227 1438 434 1504 placere
482 1438 913 1506 tranquillitatem
956 1438 1094 1490 vitae
1138 1437 1346 1491 modico
1400 1425 1691 1490 contentae.
1759 1438 1948 1504 'Atque

223 1533 356 1585 haec
402 1534 674 1585 sententia·
707 1532 926 1600 prodit,
968 1543 1029 1586 ut
1067 1551 1166 1602 par
1210 1545 1316 1598 est,
1366 1536 1538 1586 statim
1583 1537 1641 1585 in
1686 1518 1948 1602 principio

226 1638 279 1680 et
329 1619 609 1681 exordium
658 1639 895 1696 occupat.
985 1629 1096 1680 Iam
1122 1630 1200 1680 ¹·in
1251 1627 1424 1681 medio
1466 1615 1696 1681 carmine
1742 1627 1798 1678 id
1846 1627 1950 1693 agit

224 1719 411 1793 poeta,
465 1736 526 1776 ut
574 1715 935 1777 describat‘et
981 1726 1206 1777 illustret
1252 1728 1352 1777 hoc
1400 1727 1566 1778 otium
1611 1711 1853 1777 securum
1896 1735 1948 1775 et

222 1823 403 1890 paucis
448 1833 784 1886 contentum,
838 1821 982 1891 quod
1015 1821 1214 1888 degere
1250 1822 1475 1888 cogitat,
1525 1822 1597 1874 sic
1634 1820 1824 1874 divisa
1835 1831 1947 1874 tota

220 1920 559 1971 tractatione:
602 1921 839 1971 Primum
869 1921 1094 1971 rusticae
1127 1919 1265 1973 vitae
1296 1918 1675 1973 iucunditatem
1708 1919 1948 1987 explicat,

225 2016 292 2068 ad
328 2031 486 2085 quam
522 2015 696 2067 redire
727 2017 867 2079 vult,
907 2017 1024 2067 cum
1063 2018 1281 2082 negotiis
1317 1999 1581 2086 festisque
1604 2019 1734 2082 s‘uis,
1770 2014 1949 2070 dicens

222 2118 337 2161 tn'm
375 2109 440 2161 de
487 2112 741 2162 arborum
775 2111 1066 2197 vitiumque
1115 2130 1266 2164 cura
1278 2119 1327 2194 et
1369 2115 1514 2164 cultu
1551 2103 1771 2165 deorum
1814 2114 1950 2180 agri-

224 2206 488 2272 colarum,
556 2216 672 2258 tum
724 2206 789 2258 de
843 2208 1090 2274 pecuaria
1144 2220 1194 2260 et
1251 2191 1553 2276 pastoritiae
1592 2208 1732 2261 deae
1787 2210 1948 2262 c'ultu.

225 2302 480 2354 Tractatis
517 2303 724 2353 rusticis
760 2306 919 2354 rebus
952 2315 1134 2355 narrat
1168 2322 1222 2356 se
1258 2306 1413 2358 etiam
1443 2307 1652 2374 puellae
1683 2307 1946 2359 formosae

223 2397 444 2450 vinculis
499 2397 670 2449 teneri
689 2436 703 2463 ,
777 2408 933 2468 atque
992 2401 1070 2450 ita
1119 2384 1366 2452 tertiam
1391 2413 1624 2470 partem
1646 2418 1826 2453 rerum
1865 2382 1945 2453 de

222 2507 400 2544 amore
436 2493 624 2543 Deliae
673 2494 939 2559 subiungit
987 2495 1408 2548 antecedentibus
1439 2496 1680 2550 duabus
1699 2497 1945 2550 rusticam

221 2587 384 2638 vitam
418 2587 828 2650 illustrantibus,
866 2572 1186 2654 componens
1216 2576 1514 2644 universam
1542 2591 1943 2660 descriptionem

223 2679 320 2731 otii
355 2680 637 2744 fortunati,
685 2690 746 2730 ut
780 2680 955 2744 vides,
1009 2682 1150 2732 ruris
1195 2695 1246 2733 et
1291 2686 1482 2736 amoris
1521 2684 1696 2738 laude.
1779 2686 1945 2755 Atqui

223 2772 280 2824 in
318 2774 669 2826 commissuris
702 2777 929 2842 partium
960 2767 1159 2844 egregie
1188 2779 1413 2832 instituit
1441 2792 1500 2832 ut
1532 2781 1714 2833 redeat
1742 2799 1943 2835 summa

224 2869 483 2919 sententia
525 2879 579 2920 et
624 2856 697 2921 sic
734 2869 1035 2922 dominetur
1077 2877 1176 2939 per
1219 2874 1348 2926 haec
1395 2872 1601 2928 omnia.v
1663 2879 1955 2931 Postremo

225 2964 394 3016 exitus
432 2965 674 3017 carminis
713 2968 978 3035 sequitur,
1028 2970 1119 3020 ubi
1160 2971 1400 3022 ultimum
1442 2975 1701 3041 repetitur
1740 2947 1942 3026 summa

224 3061 508 3124 sententia,
561 3071 619 3112 ut
659 3062 814 3113 etiam
862 3062 1068 3114 claudat
1108 3059 1326 3116 totums
1381 3068 1556 3119 Habes
1600 3076 1718 3119 ante
1761 3072 1940 3121 oculos

225 3174 366 3207 nunc
413 3155 570 3207 etiam
616 3157 752 3207 hanc
802 3159 1072 3224 pulchram
1123 3161 1569 3226 compositionem.
1652 3159 1823 3231 Atque
1870 3166 1940 3217 ita

231 3253 457 3303 diximus
498 3251 560 3303 de
599 3252 909 3319 repetitione
957 3254 1264 3305 formarum.
1297 3285 1368 3294 -—

333 3350 662 3420 Complectar
708 3351 810 3401 iam
854 3352 1094 3415 generali·
1128 3353 1290 3404 verbo
1341 3349 1698 3404 antecedentia
1727 3352 1938 3416 omnia,
