2086 3756
283 236 467 269 Lxxxu
964 216 1061 266 DE
1103 213 1307 269 POESI

283 363 449 428 ipsam
498 358 582 410 dei
631 358 816 409 laetam
862 353 1094 407 indolem
1142 357 1406 409 illustrans
1457 358 1715 424 fastigium
1763 360 1986 428 imponit

284 457 397 507 toti.
467 454 713 505 Diximus
751 450 815 502 de
852 449 1171 516 gradationis
1206 453 1405 504 formis.

391 551 626 618 Quartum
670 564 830 613 genus
868 546 1257 613 compositionis
1293 548 1450 598 orbem
1480 564 1570 614 per
1606 551 1984 615 interpositionem

283 628 475 710 dicam,
524 646 618 696 ubi
651 644 767 695 finis
807 643 872 694 ad
901 644 1218 712 principium
1249 643 1412 709 redit,
1450 642 1610 712 idque
1647 644 1983 693 continuatur

282 751 331 790 et
368 740 659 791 absolvitur
693 738 941 803 graviter,
991 740 1049 788 in
1092 738 1264 790 medio
1310 739 1493 806 positis
1542 739 1654 789 aliis
1699 749 1748 788 et
1789 737 1914 804 ipsis
1952 755 1983 787 a

281 832 497 883 consilio
545 831 648 883 loci
695 833 908 882 minime
956 833 1155 883 alienis.
1244 831 1341 906 Sic·
1377 834 1646 900 praeclara
1694 832 1981 882 exsecratio

275 932 424 980 lenae
455 929 494 992 I,
522 932 572 991 5,
599 930 809 979 49-56.
847 926 1101 980 adornata
1135 937 1238 992 est,
1277 928 1374 977 ubi
1406 939 1565 994 poeta
1599 945 1748 979 orsus
1785 928 1850 978 ab
1882 926 1982 977 im-

276 1025 579 1092 precatione
606 1024 772 1085 famis‚
811 1022 997 1076 deinde
1022 1024 1204 1091 positis
1235 1025 1346 1074 aliis
1373 1025 1679 1089 terroribUS‚
1714 1034 1980 1091 postremo

276 1137 416 1171 nova
452 1137 571 1170 cum
604 1119 660 1170 vi
701 1117 766 1168 ad
803 1120 955 1169 famis
996 1120 1423 1186 imprecationem
1457 1106 1595 1171 redit
1630 1137 1850 1188 eamque
1889 1119 1981 1169 ab·

273 1216 448 1267 solvit.
518 1217 836 1282 Interpretes
871 1216 1024 1266 latuit
1058 1232 1171 1280 reS,
1210 1226 1287 1266 est
1314 1232 1442 1268 vero
1473 1217 1642 1281 gravis
1675 1225 1726 1266 et
1758 1231 1981 1267 nervosa

272 1313 461 1361 forma.
532 1309 781 1360 Similiter
821 1310 1140 1376 compositus
1174 1311 1321 1360 locus
1348 1310 1390 1373 Ι,
1419 1315 1466 1374 1,
1490 1313 1698 1359 61-68.
1734 1307 1799 1358 de
1833 1310 1981 1360 luctu

272 1409 324 1456 in
364 1408 550 1458 funere
587 1407 788 1457 Tibulli
837 1407 1051 1459 futuro:
1103 1424 1251 1458 orsus
1289 1426 1319 1457 a
1354 1406 1539 1458 Deliae
1579 1406 1704 1458 fletu
1741 1404 1878 1457 redit
1913 1403 1979 1457 ad

270 1504 540 1569 planctum
582 1504 816 1570 puellae,
864 1504 922 1552 in
958 1501 1132 1554 medio
1170 1502 1388 1556 disticho
1428 1503 1648 1554 aliarum
1683 1505 1979 1571 puellarum

271 1607 322 1646 et
358 1599 612 1649 iuvenum
645 1596 871 1647 lacrimis
909 1597 1223 1648 memoratis.

378 1693 548 1759 Quinto
585 1689 965 1759 denique-loco
1003 1690 1135 1741 illud
1173 1690 1563 1757 compositionis
1596 1705 1760 1755 genus
1799 1686 1976 1754 laudo,

268 1784 362 1834 ubi
404 1804 524 1852 pars
568 1789 704 1852 parti
750 1786 959 1834 subiecta
1006 1796 1074 1835 est
1121 1787 1277 1854 aliquo
1319 1786 1458 1835 modo
1503 1801 1601 1836 nec
1647 1782 1975 1836 solummodo

266 1893 488 1948 propter
532 1899 587 1932 se
635 1881 803 1947 ipsam
846 1879 1020 1945 adest,
1071 1879 1163 1931 sed
1199 1881 1348 1930 alteri
1383 1879 1804 1947 praeparandae,
1852 1880 1975 1931 illu-

265 1974 535 2039 strandae,
569 1972 883 2039 firmandae,
918 1973 1224 2042 probandae
1254 1976 1471 2028 inservit
1505 1971 1727 2046 (Formen
1758 1977 1846 2027 der·
1871 1978 1975 2028 Ab·

265 2072 551 2136 hci‘ngr‘gkez't‚
602 2074 887 2135 Motz'virung
898 2109 914 2134 ,
965 2074 1015 2121 V
1006 2073 1296 2135 orbereitung
1329 2076 1450 2122 ethes
1488 2074 1661 2123 ΊῚιείῖεε
1693 2074 1848 2123 durch
1883 2074 1974 2123 den

266 2163 499 2232 andern).
587 2165 848 2233 Exquisiti
896 2166 1019 2215 hinc
1070 2167 1315 2216 oriuntur
1362 2165 1534 2230 modi,
1603 2169 1795 2235 quibus
1845 2169 1972 2218 alias

265 2258 596 2311 describendi
646 2278 728 2311 ars
783 2263 981 2326 egregie
1029 2262 1226 2327 utitur3
1299 2261 1439 2328 apud
1486 2263 1758 2314 Tibullum
1805 2283 1972 2315 unum

263 2366 434 2407 exstat
467 2357 634 2407 maius
670 2357 827 2407 huius
857 2356 1246 2423 compositionis
1279 2358 1605 2424 exemplum,
1647 2369 1818 2410 cetera
1847 2359 1972 2410 sim-

261 2451 419 2517 plicia
455 2461 576 2501 sunt
613 2461 664 2500 et
698 2468 882 2517 pauca.
956 2451 1106 2501 Talia
1141 2452 1303 2502 habes
1338 2453 1394 2502 in
1433 2453 1660 2503 carmine
1697 2453 1738 2516 1,
1771 2458 1820 2502 3.
1888 2455 1971 2504 lbi

259 2549 449 2612 legitur
493 2548 656 2613 Elysii
706 2557 756 2596 et
795 2548 1002 2596 Tartari
1051 2546 1355 2613 descripti0‚
1411 2557 1635 2615 utraque
1684 2551 1971 2616 composita

260 2645 333 2696 sic
350 2682 365 2708 ,
435 2654 494 2694 ut
541 2644 690 2709 prior
738 2659 861 2708 pars
916 2652 1134 2709 propter
1187 2644 1532 2709 posteriorem
1584 2644 1730 2697 adsit.
1830 2647 1969 2700 Nam

259 2739 426 2807 Elysii
468 2739 698 2805 primum
747 2735 1062 2787 describitur
1110 2754 1329 2788 amoena
1372 2739 1598 2791 suavitas
1628 2743 1794 2807 ‘plane
1832 2743 1968 2794 facta

260 2834 326 2887 ad
359 2836 627 2885 molliores
664 2835 880 2884 affectus
918 2832 1160 2898 alemioe,
1205 2843 1264 2884 ut
1298 2832 1483 2884 deinde
1518 2836 1755 2901 ipsorum
1787 2855 1967 2888 aman-

255 2930 390 2979 tium
424 2919 567 2979 beati
605 2929 750 2979 lusus
785 2930 840 2978 in
878 2928 979 2979 hoc
1017 2930 1129 2978 solo
1167 2931 1382 2978 exerciti
1415 2947 1572 2996 quam
1603 2930 1965 2983 iucundissimi

255 3021 550 3075 videantur.
633 3022 883 3072 Similiter
931 3022 985 3071 in
1027 3022 1233 3071 Tartari
1274 3014 1621 3093 descriptione
1667 3029 1810 3095 quod
1853 3032 1964 3097 pri—

255 3131 402 3167 mum
451 3117 666 3167 omnino
717 3116 923 3167 tristitia
970 3117 1073 3168 loci
1122 3115 1447 3184 depingitur,
1505 3121 1700 3174 factum
1744 3135 1964 3191 propter

257 3209 621 3262 damnatorum
665 3212 1124 3264 celeberrimorum
1165 3231 1362 3281 poenas
1409 3213 1596 3266 deinde
1635 3231 1960 3286 memorataS,

255 3324 384 3376 quas
423 3309 577 3358 etiam
608 3307 859 3360 rivalibus
893 3308 1158 3376 obtingere
1191 3314 1319 3365 vult.
1391 3313 1511 3380 Ipsa
1541 3331 1623 3367 res
1652 3316 1737 3368 hic
1771 3317 1962 3368 obtulit
