2086 3756
267 248 431 284 xuvm
952 228 1047 276 DE
1087 223 1284 280 POESI

410 372 539 422 Dixi
587 371 650 422 de
703 371 884 422 Deliae
937 388 1142 435 amore,
1193 370 1277 421 cui
1324 388 1434 422 non
1475 370 1760 423 absimilem
1800 371 1958 420 fuisse

270 467 476 519 credam
525 470 751 536 Glycerae
813 485 1058 518 amorem.
1147 466 1251 517 Sed
1297 468 1476 518 ultima
1532 477 1712 517 amata
1755 467 1962 518 Nemesis

266 563 398 624 fuit,
451 581 608 630 quam
643 580 783 613 nunc
820 560 1280 613 considerabimus,
1364 562 1490 613 Erat
1523 562 1700 628 puella
1735 560 1965 610 formosa

266 658 407 709 haud
461 657 617 709 dubie
666 668 716 707 et
766 660 996 722 elegans,
1061 655 1150 708 sed
1201 658 1458 724 probitate
1518 657 1673 707 Delia
1730 641 1965 714 inferior,

268 754 463 820 quippe
521 751 768 803 meretrix
827 753 931 802 iam
989 762 1102 802 tum
1160 770 1277 802 cum
1332 752 1543 803 Tibullo
1598 751 1964 800 innotesceret.

266 848 524 899 Pecuniae
572 848 767 900 servire
821 857 1064 914 coeperat
1112 858 1377 914 postremo
1430 847 1585 896 etiam
1637 845 1819 907 Delia,
1875 842 1966 894 sed

265 946 500 997 Nemesis
549 963 704 998 avara
749 955 886 995 erat:
941 946 1182 996 luxuriae
1219 946 1359 995 ultra
1404 942 1620 994 modum
1663 938 1835 989 dedita
1873 936 1967 1005 (Ut

265 1061 382 1094 mea
425 1042 639 1094 luxuria
683 1043 919 1094 Nemesis
970 1043 1126 1104 fluat,
1177 1053 1339 1109 utque
1380 1058 1478 1107 per
1527 1041 1714 1089 urbem
1759 1034 1968 1087 incedat

268 1138 419 1189 donis
457 1137 820 1204 conspicienda
858 1136 1003 1187 meis.
1074 1137 1170 1187 Illa
1204 1147 1347 1200 gerat
1378 1144 1547 1186 vestes
1588 1143 1796 1194 tenues,
1836 1147 1965 1198 quas

266 1231 460 1282 femina
499 1230 610 1280 Coa
644 1230 838 1293 texuit,
892 1239 1097 1279 auratas
1148 1227 1507 1295 disposuitque
1551 1229 1692 1279 vias:
1747 1227 1831 1275 Illi
1865 1226 1970 1275 sint

267 1325 479 1375 comites
516 1323 674 1387 fusci,
717 1340 849 1391 quos
888 1322 1039 1373 India
1070 1332 1263 1386 torret,
1305 1322 1427 1373 solis
1467 1331 1519 1372 et
1553 1320 1773 1373 admotis
1807 1320 1969 1371 inficit

265 1420 397 1485 ignis
436 1419 615 1486 equis:
658 1419 742 1468 Iffi
778 1420 994 1469 selectos
1033 1429 1230 1468 certent
1262 1420 1516 1486 praebere
1553 1421 1752 1470 colores
1789 1417 1968 1467 Africa

265 1518 548 1583 puniceum
582 1532 1014 1583 purpureumque
1049 1512 1259 1584 Tyros),
1301 1533 1581 1566 munerum
1616 1516 1970 1582 pretiosorum

266 1611 341 1662 ita
378 1621 488 1663 erat
526 1610 742 1678 cupida,
776 1622 836 1661 ut
867 1613 987 1661 satis
1025 1611 1139 1662 dari
1179 1630 1287 1664 non
1322 1623 1513 1679 posset.
1583 1613 1658 1661 Ac
1701 1627 1818 1661 cum
1859 1610 1968 1660 De-

273 1709 344 1759 lia
394 1711 538 1759 bona
590 1719 642 1759 et
689 1709 857 1772 mitis,
908 1707 1001 1759 sed
1044 1710 1198 1759 nimis
1232 1711 1360 1760 levis
1395 1711 1605 1771 fuisset,
1657 1708 1784 1757 liaeo
1821 1705 1968 1770 dura,

271 1822 468 1871 aspera,
506 1821 674 1868 saeva,
713 1805 950 1869 superba,
997 1806 1131 1854 male
1168 1803 1352 1854 callida
1389 1805 1505 1866 fuit,
1543 1804 1654 1854 aliis
1691 1803 1968 1854 ditioribus

266 1900 448 1963 facilis,
482 1900 694 1951 Tibullo
732 1899 1049 1965 difficillima,
1089 1918 1245 1968 quem
1280 1902 1574 1967 saepissime
1611 1902 1906 1952 remittebat
1939 1916 1970 1948 a

267 1996 463 2045 limine.
547 1992 705 2056 Quod
752 1994 891 2044 enim
926 1995 983 2044 in
1018 1996 1120 2045 fine
1160 1996 1348 2060 elegiae
1386 2005 1562 2046 sextae
1596 1995 1719 2045 libri
1757 1991 1969 2044 secundi

267 2093 416 2140 lenae
453 2106 663 2140 omnem
700 2091 906 2155 culpam
942 2089 1140 2153 tribuit,
1176 2090 1406 2156 puellam
1439 2105 1567 2142 vero
1604 2089 1798 2139 bonam
1836 2087 1970 2149 dicit,

268 2195 598 2250 persuaserat
637 2184 737 2235 sibi
771 2186 872 2235 hoc
910 2202 1058 2236 amor
1090 2196 1301 2251 poetae,
1347 2203 1533 2238 revera
1572 2195 1745 2235 autem
1778 2183 1970 2234 Neme-

268 2278 337 2327 sis
377 2295 488 2328 non
534 2277 744 2329 videtur
781 2277 936 2343 digna
981 2279 1143 2330 fuisse
1188 2297 1249 2329 ea
1291 2278 1475 2343 laude,
1527 2297 1684 2347 quam
1722 2278 1968 2330 credibile

272 2385 348 2424 est
389 2391 500 2424 non
541 2390 737 2424 amasse
775 2375 918 2424 bona
957 2373 1057 2423 fide
1094 2374 1393 2440 Tibullum,
1449 2374 1540 2426 sed
1579 2374 1634 2425 id
1671 2376 1829 2441 egisse
1866 2375 1970 2425 cal-

269 2468 375 2520 lida
413 2479 549 2533 arte,
585 2467 756 2519 iudice
797 2468 952 2518 etiam
986 2470 1265 2533 Passovio,
1301 2480 1361 2520 ut
1396 2488 1695 2520 crumenam
1730 2473 1839 2520 eius
1878 2488 1970 2520 ex-

270 2554 520 2614 hauriret.
602 2565 712 2616 Non
756 2568 950 2631 prosunt
1000 2567 1140 2628 elegi,
1199 2563 1346 2628 dicit,
1399 2585 1483 2615 neo
1533 2571 1754 2618 carminis
1801 2578 1969 2637 auctor

271 2660 465 2725 Apoll0,·
521 2658 602 2706 illa
648 2675 770 2707 cava
808 2662 1008 2724 pretium
1051 2659 1252 2725 flagitat
1299 2678 1444 2727 usque
1485 2679 1644 2714 manu.
1733 2662 1808 2712 Ac
1861 2680 1969 2714 non

270 2753 514 2803 habuisse
568 2768 682 2801 eam
744 2749 999 2802 delectum
1056 2764 1373 2817 amatorum,
1441 2756 1484 2804 si
1538 2755 1694 2805 modo
1745 2759 1970 2822 pecunia

273 2860 414 2901 certa
451 2859 611 2911 esset,
666 2848 786 2900 satis
826 2847 1050 2900 ostendit
1095 2867 1300 2899 carmen
1339 2852 1551 2901 tertium
1586 2854 1710 2903 libri
1744 2855 1971 2917 secundi,

273 2945 367 2996 ubi
405 2943 467 2994 de
507 2955 736 2995 amatore
775 2943 991 3007 dicitur,
1049 2962 1229 2996 servus
1268 2947 1358 3012 qui
1393 2948 1563 2998 fuerat
1599 2968 1752 3017 saepe
1788 2951 1969 3002 vendi-

273 3049 371 3089 tus·
441 3039 680 3090 Tibullus
717 3051 820 3091 tres
859 3043 906 3092 ei
936 3043 1148 3108 scriptas
1185 3043 1368 3107 elegias
1403 3046 1629 3112 reliquit.
1698 3048 1968 3101 Erraveris

275 3254 448 3293 etcum
487 3252 808 3296 sublimioribus
846 3255 1039 3299 sensibus
1083 3257 1171 3300 suis
1214 3257 1456 3312 coniungit,
1499 3257 1670 3301 minime
1716 3270 1819 3301 vero
1864 3271 1966 3303 con-

278 3326 396 3368 tinuo
425 3326 491 3368 sui
519 3327 566 3369 fit
599 3326 824 3371 dissimilis.
