2158 3750
251 248 351 293 120
647 237 1116 294 COMMENTAR.
1149 238 1226 291 IN
1262 235 1552 290 TIBULLI

247 385 349 429 nine
381 384 602 429 Cnunno
633 381 755 425 audit
798 379 989 438 Epithal.
1019 385 1120 436 28„
1161 381 1276 426 unde
1318 381 1447 424 etiam
1491 383 1762 429 certaverant
1804 379 1859 424 de
1901 392 1954 423 ea

250 469 447 525 Iuppiter
491 472 537 509 et
583 465 829 522 Neptunus.
857 484 918 497 —
963 462 1238 507 fraenato
1280 463 1468 519 pisce,
1514 459 1742 517 delphino,
1791 467 1843 504 ut
1882 474 1953 517 ap.

251 553 431 595 Vnam.
465 549 633 591 chc.
664 547 700 601 Ι,
735 550 820 590 130
849 560 944 602 sqq.
1006 549 1106 593 Quo
1153 547 1285 590 etiam
1324 546 1420 588 aliis
1460 546 1729 602 temporibus
1772 543 1957 598 vehitur,

252 634 307 676 cf.
341 631 478 673 Ovu).
509 630 617 672 Met.
649 629 730 683 XI,
757 632 861 673 237.
920 628 1058 672 Notat
1086 630 1459 672 Bnouciumsms,
1521 628 1589 671 De
1629 641 1670 671 v.
1700 625 1958 684 fraenatus

253 715 597 756 Bssnrunmmrs
617 711 890 754 Cinnamus
920 711 1089 754 confert
1117 710 1261 754 Smm.
1294 710 1449 754 Achill.
1480 710 1516 763 Ι,
1543 712 1631 752 221
1649 725 1662 752 :
1692 707 1833 750 Elicit
1858 707 1961 749 inde

247 795 393 853 fretis
424 803 471 836 et
502 795 666 837 murice
698 795 866 853 frenat
897 803 1034 837 acuto
1075 795 1309 852 delphinas
1341 793 1513 852 biiuges
1543 799 1626 836 etc.
1689 793 1875 836 Omnino
1907 791 1963 835 de

256 877 511 920 animalibus
547 878 747 932 marinis,
788 877 943 933 quibus
986 877 1175 920 insident
1215 877 1275 920 dii
1320 877 1499 931 marini,
1545 877 1655 920 dixit
1694 874 1882 919 Vossms
1919 875 1964 918 in

257 961 399 1017 Epist.
431 959 618 1015 Mythol.
649 961 707 1004 Τ.
735 961 794 1014 11,
826 974 895 1017 ep.
927 963 1087 1004 22-28.
1148 959 1315 1003 Ibidem
1349 960 1612 1016 explicatum
1644 964 1711 1002 est
1743 956 1964 1014 epitheton

259 1044 466 1087 usitatum
504 1046 804 1100 caerulus,
844 1045 962 1100 quod
1004 1044 1060 1088 de
1099 1046 1284 1088 vestium
1313 1046 1462 1088 colore
1493 1045 1695 1087 caeruleo
1727 1048 1795 1086 est
1836 1042 1967 1085 intel-

259 1129 493 1184 ligendum.
556 1128 616 1171 Et
658 1127 727 1171 hic
772 1129 946 1183 quidem
989 1122 1219 1171 maffifesto
1265 1127 1321 1170 ad
1363 1132 1563 1170 ornatum
1609 1128 1854 1193 appositum
1899 1131 1968 1169 est

259 1213 576 1270 pulcherrimae
621 1212 744 1255 deae.
806 1211 962 1267 Neque
995 1213 1110 1254 enim
1140 1213 1328 1254 otiosum
1359 1210 1508 1254 haberi
1555 1211 1699 1257 debet.
1762 1210 1966 1254 Ceterum

261 1298 381 1340 varie
419 1300 606 1339 tractata
646 1308 673 1337 a
715 1295 858 1351 poetis
900 1294 1046 1338 fabula
1086 1294 1141 1338 de
1173 1293 1238 1338 his
1269 1295 1456 1350 nuptii5‚
1502 1292 1557 1336 cf.
1599 1293 1758 1338 Hem.
1789 1291 1830 1336 h.
1862 1293 1893 1338 1.
1925 1298 1970 1337 et

260 1381 400 1424 Pmn.
433 1379 559 1423 Nem.
590 1380 669 1432 lv,
700 1383 759 1422 62
789 1393 883 1435 sqq.
916 1384 962 1422 et
991 1378 1142 1423 Isthm.
1174 1380 1272 1423 Vll.
1304 1401 1366 1412 -

382 1465 437 1508 V.
481 1467 659 1507 47-66.
734 1464 982 1509 Medium
1030 1477 1272 1508 carmen.
1346 1464 1492 1507 Pars
1537 1463 1724 1506 altera
1769 1472 1967 1504 rerum.

264 1546 617 1590 Dehortatur
666 1547 884 1590 Deliam
931 1547 1196 1601 graviter
1242 1559 1268 1589 a
1317 1545 1658 1603 praeceptis
1705 1544 1871 1587 lenae
1918 1546 1972 1586 et

266 1630 546 1685 pauperis
577 1631 854 1672 amatoris
885 1629 1090 1673 officia
1122 1629 1330 1674 laudat.

384 1713 439 1756 V.
465 1715 525 1755 47
547 1726 611 1767 sq.
645 1712 800 1755 Haec
833 1725 1084 1756 nocuere
1114 1711 1276 1765 mihi,
1307 1710 1456 1767 quod
1481 1715 1565 1754 etc.
1627 1711 1740 1754 Sunt
1769 1709 1843 1766 qui
1875 1714 1975 1767 post

267 1793 378 1836 milzi
417 1796 623 1838 maiorem
665 1795 983 1838 distinctionem
1028 1799 1190 1850 ponant
1230 1798 1275 1837 et
1308 1793 1362 1836 ad
1395 1792 1695 1836 antecedentia
1725 1794 1853 1836 colon
1883 1796 1974 1835 tra-

268 1879 395 1933 hant,
440 1882 574 1923 veluti
606 1881 742 1922 Ovm.
782 1880 891 1923 Met.
923 1879 1003 1933 IX,
1033 1883 1136 1922 612.
1182 1880 1506 1922 enumeratione
1547 1891 1689 1922 rerum
1729 1878 1975 1922 nocentium

268 1963 389 2005 finita
419 1962 540 2005 addit
570 1964 722 2006 eadem
754 1964 898 2007 verba.
976 1964 1067 2007 Sed
1110 1965 1295 2016 primum
1340 1965 1454 2007 mala
1494 1961 1564 2006 hic
1596 1967 1663 2006 est
1703 1962 1802 2005 talis
1846 1975 1976 2018 repe·-

269 2044 390 2096 titio,
420 2046 542 2099 quasi
573 2044 679 2087 illud
712 2045 899 2088 maxime
931 2044 1077 2088 doleat
1109 2051 1152 2089 et
1182 2047 1342 2091 iterum
1373 2046 1618 2100 iterumque
1648 2045 1867 2087 inculcare
1899 2057 1976 2086 ve-

269 2127 346 2180 lit,
390 2127 506 2181 quod
547 2128 613 2171 vis
655 2130 846 2172 mascula
887 2142 986 2172 eum
1017 2128 1226 2172 destituat
1264 2130 1307 2173 in
1338 2130 1434 2172 istis
1463 2128 1760 2186 amplexibus3
1803 2128 1978 2171 namin

268 2206 352 2251 hoc
395 2221 511 2252 nexu
555 2224 708 2252 nocere
751 2212 879 2254 aliter
923 2211 1110 2266 intelligi
1151 2225 1238 2254 non
1286 2217 1451 2268 posset.
1512 2211 1682 2255 Deinde
1722 2223 1822 2254 cum
1864 2223 1978 2254 nunc

269 2290 377 2334 haec
418 2293 476 2334 sit
506 2293 726 2346 sequentis
756 2294 999 2336 sententiae
1030 2295 1168 2336 ratio:
1217 2293 1351 2351 Quod
1387 2293 1517 2335 adest
1557 2291 1664 2335 huic
1697 2291 1823 2335 dives
1851 2306 1979 2334 ama·-

268 2383 366 2423 tor,
412 2375 540 2418 lenae
583 2375 712 2419 debeo
753 2377 801 2419 in
842 2377 1029 2419 exitium
1061 2393 1204 2420 meum
1235 2393 1350 2437 quae
1382 2378 1501 2421 venit
1534 2386 1579 2420 et
1610 2377 1809 2435 corrupit
1845 2377 1982 2436 puel-

269 2456 383 2505 lam,
425 2472 512 2512 quo
545 2459 718 2503 tandem
749 2473 863 2503 nexu
895 2460 1002 2504 haec
1034 2474 1131 2505 cum
1163 2462 1521 2504 antecedentibus
1553 2461 1824 2517 iunguntur?
1884 2461 1980 2505 Re-

269 2541 484 2598 spondeas
515 2557 596 2598 per
626 2545 944 2600 oppositionem
979 2546 1115 2602 iungi.
1177 2546 1403 2602 Intelligas
1432 2547 1567 2602 igitur
1604 2547 1692 2590 sic:
1741 2545 1868 2590 Haec
1896 2559 1981 2590 no-

272 2637 401 2667 cuere
437 2624 539 2668 mihi
570 2627 613 2668 iu
645 2628 874 2682 amplexu,
905 2628 1020 2683 quod
1054 2641 1158 2672 vero
1187 2629 1309 2671 dives
1339 2634 1507 2672 amator
1537 2628 1636 2672 huic
1666 2628 1816 2683 adest,
1846 2629 1890 2672 in
1923 2642 1979 2673 eo

269 2708 367 2748 lena
398 2706 501 2750 milii
533 2709 693 2751 nocuit.
756 2710 926 2764 Audio,
968 2711 1045 2754 sed
1090 2724 1176 2754 non
1217 2712 1327 2753 dixit
1358 2712 1419 2754 ita
1449 2712 1663 2756 Tibullus.
1724 2712 1836 2755 Cum
1866 2713 1980 2756 enim

267 2789 452 2830 nocendi
480 2790 599 2832 notio
632 2804 747 2834 nunc
776 2792 820 2834 in
851 2797 1036 2847 utraque
1067 2796 1280 2836 sententia
1309 2794 1425 2848 insit,
1459 2797 1678 2853 oppositio
1709 2809 1795 2839 non
1823 2797 1868 2839 in
1900 2795 1981 2840 hac

269 2878 415 2929 potest
444 2887 557 2928 esse,
585 2876 663 2919 sed
694 2882 761 2919 est
785 2878 1033 2920 necessario
1056 2878 1100 2920 in
1125 2877 1352 2932 adiunctis,
1383 2880 1498 2923 unde
1529 2894 1614 2935 ego
1648 2881 1794 2925 addidi
1822 2883 1978 2927 verba:

266 2955 310 2997 in
343 2958 572 3013 amplexu,
610 2960 753 3012 qualia
785 2960 917 3003 etiam
947 2960 1150 3006 Tibullus
1181 2963 1341 3007 addere
1372 2964 1610 3008 debuisset.
1681 2965 1850 3009 Deinde
1879 2981 1977 3012 cum

268 3053 323 3083 ex
356 3041 439 3084 ista
469 3042 638 3085 ratione
668 3056 752 3085 non
797 3057 835 3086 v.
869 3044 1024 3091 adest,
1068 3047 1147 3090 sed
1189 3061 1230 3090 v.
1264 3047 1388 3091 dives
1418 3056 1624 3094 amator,
1667 3062 1755 3094 non
1784 3064 1824 3093 v.
1857 3050 1980 3093 venit

263 3121 312 3163 in
341 3122 557 3169 exitium,
597 3125 675 3167 sed
706 3139 746 3170 v.
777 3126 880 3167 lena
911 3129 1097 3183 primum
1127 3130 1270 3175 locum
1302 3136 1452 3174 tenere
1483 3131 1670 3175 debeant
1700 3132 1744 3175 in
1774 3131 1978 3176 membris

264 3205 381 3258 suis,
434 3208 565 3251 etiam
605 3207 688 3252 hoc
730 3222 858 3252 secus
900 3209 1060 3256 habere
1102 3214 1236 3259 vides.
1299 3218 1447 3262 Quare
1478 3221 1570 3259 tota
1600 3217 1682 3259 ista
1723 3217 1834 3260 ratio
1875 3231 1977 3274 per-

269 3298 408 3341 versa,
440 3301 495 3331 ne
528 3289 651 3344 plura
684 3290 854 3335 addam.
917 3292 1164 3339 Teneamus
1195 3297 1331 3352 igitur
1359 3299 1542 3342 alteram
1573 3300 1655 3342 loci
1686 3302 1976 3344 constructio·

262 3381 362 3412 nem
396 3369 615 3426 Hermo,
649 3373 1052 3431 Wrmmmmwm,
1084 3379 1378 3424 LAcmnANNo
1412 3381 1662 3436 probatam,
1706 3395 1816 3435 quae
1846 3381 1973 3427 unice
