2158 3750
666 274 848 328 LIBR.
886 277 925 327 1.
999 275 1203 328 ELEG.
1239 275 1382 327 VIII.
1772 279 1869 326 169

174 416 242 460 dei
285 416 391 460 iram
434 429 582 461 revera
625 418 866 469 excitasse,
915 422 964 459 ut
1002 416 1094 460 sine
1138 428 1344 460 successu
1374 412 1487 471 apud
1519 410 1714 457 Pholoen
1747 419 1871 457 esset

170 496 358 542 studium
414 499 579 543 formae
629 498 1017 555 diligentissimum.
1102 501 1199 543 Lex
1251 503 1394 542 autem
1447 496 1745 552 descriptionis
1797 509 1869 539 se-

170 581 341 632 quentis
382 579 488 625 haec
517 587 609 640 est,
651 586 702 625 ιιι
740 581 978 625 descendat
1015 581 1282 636 enumeratio
1322 594 1349 623 a
1388 581 1531 637 capite
1560 579 1615 624 ad
1654 578 1788 636 pedes
1820 583 1866 621 et

171 662 484 716 complectatur
513 663 681 719 potiora
720 662 805 706 sibi
844 662 965 719 paria
1000 660 1366 718 (Coordination)
1411 676 1467 706 ex
1499 661 1579 706 hoc
1609 674 1770 717 genere
1801 674 1870 704 re-

174 755 280 787 rum.
307 765 366 776 —·
400 746 660 789 coluisse
689 745 966 801 capillos,
997 743 1108 787 bene
1138 748 1340 800 pectere,
1371 744 1598 788 delibuere
1628 742 1871 798 unguentis,

174 828 328 871 tollere
357 827 594 871 deteriores
622 827 763 871 crines
792 833 840 872 et
878 828 916 870 si
954 826 1060 882 quid
1091 825 1160 870 hic
1190 828 1280 871 illic
1310 829 1437 872 nimis
1467 829 1680 883 luxuriat,
1721 840 1874 871 cavere

175 908 382 962 quidquid
418 909 617 952 mollitiei
655 909 770 952 obsit
809 912 887 951 aut
923 907 1060 951 colori
1091 920 1252 951 nocere
1282 909 1420 965 possit
1449 914 1495 954 et
1524 923 1636 964 quae
1664 914 1765 952 sunt
1792 910 1874 952 alia

175 989 430 1036 huiusmodi.
462 1011 523 1023 —-
570 992 760 1048 Saepe
803 995 1080 1046 mutatas,
1123 991 1252 1035 aliter
1282 998 1417 1047 atque
1446 993 1573 1035 aliter
1602 994 1877 1048 compositas,

174 1072 318 1128 positu
340 1074 539 1128 variatas,
568 1079 620 1118 ιιι
642 1075 781 1120 Ovm.
802 1074 913 1120 Met.
936 1075 993 1130 ΙΙ,
1015 1078 1120 1119 412.
1147 1075 1265 1119 dicit.
1324 1078 1390 1120 Ac
1419 1076 1729 1133 disponere
1749 1091 1877 1133 saepe

175 1164 380 1201 mutatas
409 1164 503 1203 est:
531 1172 663 1216 saepe
691 1164 858 1204 mutare
887 1165 934 1204 et
961 1161 1090 1204 aliter
1122 1161 1377 1217 disponere,
1407 1166 1510 1204 nota
1540 1161 1678 1205 forma
1706 1161 1877 1205 dicendi

177 1243 484 1287 contractiore.
543 1244 620 1288 Sic
648 1257 782 1301 supra.
809 1245 846 1299 Ι,
874 1247 920 1299 2,
948 1247 1004 1288 22
1051 1251 1236 1301 occupet
1277 1251 1332 1286 ut
1373 1243 1546 1286 luminu
1582 1243 1708 1287 victa
1750 1258 1879 1300 sopor

177 1324 289 1367 dixit
315 1337 383 1382 pr.
411 1330 462 1368 ut
499 1338 675 1370 somnus
716 1329 860 1372 vincat
904 1329 1062 1372 lumina
1102 1329 1360 1372 reluctantia
1402 1333 1448 1372 et
1489 1333 1688 1384 occupet.
1762 1327 1879 1370 Cave

177 1407 261 1450 lioc
287 1419 427 1462 genus
453 1408 691 1452 confundas
720 1422 819 1453 cnm
851 1410 1041 1467 prolepsi
1066 1409 1394 1464 adiectivorum,
1424 1409 1498 1452 ubi
1524 1409 1640 1465 qnod
1667 1409 1880 1452 adiectivo

178 1491 460 1549 exprimitur,
500 1493 716 1548 posterius
745 1497 817 1536 est
845 1492 995 1536 verbo.
1067 1492 1157 1536 Sed
1188 1497 1238 1535 ιιι
1271 1493 1446 1536 redeam
1479 1491 1533 1534 ad
1565 1504 1711 1535 comas
1742 1492 1881 1534 varia-

178 1582 272 1628 tas,
317 1575 542 1618 mulierum
581 1576 626 1618 in
666 1573 749 1618 hoc
787 1588 950 1630 genere
989 1576 1143 1619 modos
1181 1576 1324 1620 varios
1355 1576 1554 1618 Ovumss
1586 1579 1758 1617 enarrat
1787 1574 1881 1617 Art.

180 1659 274 1701 Am.
303 1657 382 1711 111,
412 1661 499 1700 137
516 1670 611 1712 sqq.
670 1657 739 1701 Ad
770 1659 912 1701 locum
943 1657 1162 1702 Hermus
1195 1657 1365 1701 confert
1395 1657 1594 1700 Csnmn.
1629 1655 1740 1698 Lav.
1769 1655 1882 1699 Pall.

178 1744 264 1784 222
309 1737 494 1783 πολλάκι
530 1736 613 1783 ‘triv
652 1737 792 1783 αιῗτιὲν
819 1743 891 1790 δὶς
921 1743 1132 1798 μετέθηκε
1162 1737 1324 1792 κόμαν,
1362 1746 1408 1784 et
1436 1740 1577 1782 simile
1606 1738 1884 1794 Epigramma

184 1824 333 1866 Psunr
376 1823 574 1867 Susum.
604 1822 753 1868 XXII.
795 1823 987 1867 Brunck.
1021 1825 1218 1867 Analect.
1261 1823 1319 1866 T.
1348 1823 1447 1876 ΙΙΙ,Δ
1472 1837 1515 1878 p.
1545 1825 1619 1885 78.
1680 1820 1800 1864 Idem
1830 1820 1883 1862 ad

182 1909 321 1947 totum
351 1905 494 1947 locum
523 1909 694 1948 monet:
736 1906 901 1959 „Pueri
932 1904 975 1948 hi
1005 1904 1180 1948 delicati
1211 1916 1380 1948 comam
1410 1904 1584 1947 alebant
1619 1915 1760 1957 neque
1791 1915 1883 1945 eain

181 1985 399 2041 ponebant
427 1990 503 2028 aut
532 1991 681 2040 togam
710 1987 876 2029 virilem
902 1985 1134 2030 sumebant
1164 1991 1214 2028 ut
1243 1986 1361 2028 cives
1387 1984 1602 2036 Romani3
1634 1997 1733 2026 nam
1763 1992 1885 2026 erant

180 2080 365 2124 peregre
393 2067 562 2111 advecti
590 2080 647 2110 ex
677 2067 781 2110 Asia
808 2066 903 2110 fere
930 2070 1009 2110 aut
1037 2067 1289 2121 Syria.“--
1319 2079 1493 2109 succo
1523 2064 1884 2120 splendente.

183 2149 250 2193 Ad
278 2149 454 2193 modum
493 2148 720 2192 mulierum
762 2151 885 2206 pueri
925 2147 1144 2193 delicatuli
1188 2154 1239 2192 ut
1277 2149 1388 2192 cutIs
1433 2148 1620 2201 candor,
1664 2148 1884 2204 splendor,

181 2236 302 2279 levor
330 2239 688 2288 conservaretur,
729 2234 1039 2278 incrustatione
1070 2233 1192 2290 panis
1222 2235 1336 2278 lacte
1365 2235 1532 2277 asinino
1560 2232 1791 2276 madefacti
1822 2232 1886 2275 fa-

181 2321 292 2363 ciem
315 2319 612 2375 obtegebant,
653 2331 740 2374 qua
767 2319 962 2362 abstersa
991 2319 1110 2362 succi
1139 2319 1359 2362 aromatici
1391 2318 1668 2362 illinebantur
1695 2322 1744 2359 ut
1773 2319 1888 2359 nite-

184 2406 252 2444 ret
282 2401 407 2444 cutis.
469 2400 594 2444 Haec
625 2405 867 2455 smegmata
895 2389 1025 2455 sunt,
1065 2400 1172 2443 illud
1203 2401 1481 2455 cataplasma.
1542 2399 1657 2443 Vide
1688 2400 1884 2442 Samis.

185 2482 239 2526 ad
280 2483 440 2537 Script.
480 2482 597 2526 Eiet.
638 2484 752 2538 Aug.
784 2482 840 2526 T.
871 2481 907 2526 l.
949 2497 992 2538 p.
1027 2484 1099 2525 42.
1145 2487 1189 2525 et
1233 2482 1465 2525 Boss'r‘rle.
1499 2481 1648 2524 Sabin.
1692 2481 1819 2524 Tom.
1851 2481 1885 2524 1.

186 2583 229 2623 p.
258 2570 332 2609 22.
380 2571 425 2609 et
466 2578 579 2621 qnae
615 2566 671 2609 ad
710 2566 935 2610 Tibullum
972 2571 1124 2610 notant
1164 2567 1440 2623 interpretes.
1500 2563 1646 2621 A'tque
1679 2564 1760 2608 hoc
1790 2567 1885 2608 loco

184 2652 422 2693 Semnan
444 2661 598 2704 panem
619 2647 907 2692 madefactum
935 2649 1205 2703 intelligebat
1229 2662 1404 2691 succum
1428 2647 1723 2704 splendentem
1739 2679 1752 2701 ,
1778 2648 1887 2690 miro

183 2747 346 2790 genere
374 2732 571 2785 dicendi3
601 2733 732 2775 immo
762 2741 891 2790 poeta
922 2734 1165 2788 elegantius
1197 2734 1378 2777 alteram
1403 2738 1569 2789 partem
1593 2731 1885 2776 medicaminis

184 2816 397 2868 nominat,
440 2827 493 2858 ac
533 2815 783 2869 smegmatis
825 2814 1025 2859 convenit
1067 2814 1245 2858 verbum
1275 2827 1512 2869 ornare,
1559 2827 1646 2858 non
1675 2815 1885 2858 incrusta-

187 2900 307 2953 tioni,
339 2898 456 2954 quod
485 2899 725 2942 Scsnxcssn
754 2899 799 2942 in
830 2913 1036 2941 onerasse
1066 2899 1248 2943 mutavit
1277 2912 1382 2942 suae
1414 2898 1712 2955 explicationis
1743 2910 1884 2940 causa.

187 2983 391 3026 Ceterum
420 2982 476 3025 de
503 2980 716 3025 adiectivo
746 2980 980 3038 splendens
1010 2982 1124 3026 conf.
1155 2982 1211 3026 ad
1251 2996 1290 3026 v.
1324 2986 1395 3027 17.
1435 3006 1493 3015 --
1541 2995 1765 3038 ungues
1806 2995 1886 3024 ar«

187 3066 379 3109 tisicis
422 3076 578 3107 manu
618 3063 1016 3118 subsecuisse,
1066 3063 1105 3109 h.
1136 3079 1175 3108 e.
1217 3067 1430 3120 tonsoris,
1473 3066 1545 3121 qui
1590 3067 1632 3109 in
1679 3066 1888 3108 tonstrina

187 3149 443 3194 subsecabat
474 3159 642 3202 ungues
673 3157 890 3201 manuum,
920 3147 976 3192 cf.
1007 3149 1183 3192 Pmnr·
1217 3148 1358 3193 Aulul.
1388 3150 1444 3203 ll,
1471 3151 1514 3202 4,
1545 3151 1618 3191 34.
1649 3148 1887 3191 Murrum.

191 3231 266 3284 ΙΙΙ,
294 3233 367 3274 74.
413 3234 590 3273 notante
636 3230 815 3275 meo
848 3235 893 3273 et
926 3232 1112 3275 maxime
1144 3232 1438 3276 doctissimum
1473 3234 1817 3275 Boss'r‘mcssnuu
1851 3234 1890 3274 in

190 3314 333 3357 Sabin.
369 3314 493 3357 Tom.
521 3313 576 3357 ll.
609 3325 707 3369 pag.
730 3315 803 3356 62.
867 3312 931 3356 Ad
963 3311 1237 3357 subsecuisse
1268 3314 1325 3359 cf.
1357 3317 1493 3358 Ovm.
1528 3315 1644 3358 Fast.
1679 3314 1754 3367 vl,
1774 3317 1892 3360 230..

192 3398 243 3439 ad
290 3398 456 3440 docta
503 3399 592 3442 Art.
643 3399 732 3440 Am.
769 3396 802 3444 1,
839 3399 942 3439 518.
976 3421 1031 3429 -
1089 3399 1142 3441 V.
1178 3403 1233 3442 13
1266 3414 1331 3453 sq.
1393 3404 1602 3448 vestes,
1649 3396 1890 3440 indumenta
