2086 3756
849 251 1153 302 'l'lBULLL
1766 268 1854 300 mx

149 406 260 445 tum
310 394 522 462 quidem
571 394 728 446 huius
774 398 894 448 loci.
977 397 1077 450 Hic
1112 398 1356 452 Neaeram
1403 398 1623 448 amabat.
1691 398 1854 449 Vole-

146 490 238 539 bat
273 499 447 541 autem
481 491 537 540 in
571 479 960 542 matrimonium
1010 509 1125 543 eam
1175 491 1392 559 ducere,
1446 492 1587 544 unde
1623 511 1710 546 vv.
1745 510 1858 543 cona

145 590 288 649 ianm,
325 590 613 650 coniugium,
643 602 814 650 gener,
850 591 944 651 vir,
992 588 1050 638 in
1085 590 1187 640 hoc
1222 591 1360 640 libro
1396 591 1670 655 leguntur,
1718 604 1853 656 quae

146 683 315 731 aliena
370 683 435 731 ab
492 683 758 734 amoribus
811 684 1010 734 Tibulli
1071 703 1233 752 supra
1294 685 1579 752 descriptis·
1678 684 1852 752 Atque

144 775 288 824 omni
337 773 494 824 laude
542 776 713 826 maior
761 777 964 827 castitas
1011 795 1260 830 sensuum
1298 792 1402 845 est,
1457 799 1562 849 qua
1597 780 1853 849 Lygdami

144 869 375 919 carmina
410 871 482 920 ita
519 869 758 921 distincta
795 881 945 935 sunt,
995 880 1056 920 ut
1091 873 1224 922 nihil
1260 874 1424 924 simile
1465 876 1761 942 reperiatur
1795 874 1852 924 in

142 967 293 1032 poesi
327 965 582 1017 Romana.
666 966 965 1019 Similitudo
1001 985 1129 1020 vero
1169 980 1348 1036 aperta
1383 971 1512 1021 haec
1550 981 1654 1036 est,
1707 969 1853 1037 quod

144 1078 263 1111 cum
287 1061 496 1113 Neaera
521 1063 680 1114 alium
704 1063 950 1116 iuvenem
974 1066 1294 1132 praeferret,
1333 1066 1488 1116 etiam
1512 1067 1596 1116 hic
1623 1075 1684 1115 ut
1709 1063 1852 1131 apud

141 1157 411 1209 Tibullum
446 1161 776 1227 querimonia
801 1172 998 1227 regnat,
1038 1161 1142 1212 nisi
1174 1161 1319 1229 quod
1354 1172 1531 1212 tamen
1567 1171 1712 1212 sexta
1749 1161 1853 1210 ele-

140 1255 225 1320 gia
260 1254 650 1322 quodammodo
677 1255 978 1323 discrepare
998 1255 1226 1309 videtur.
1293 1256 1431 1307 Nam
1465 1257 1696 1323 postulat
1733 1255 1850 1323 qui-

142 1351 262 1403 dem
297 1351 453 1402 etiam
489 1352 733 1403 Tibullus
769 1354 810 1417 I,
847 1359 912 1416 2,·
932 1353 1044 1404 init.
1095 1353 1280 1405 vinum
1327 1353 1386 1402 in
1434 1354 1605 1420 primo
1651 1351 1852 1414 dolore,

141 1459 200 1499 ut
235 1449 508 1515 consopiat
551 1447 908 1501 intolerabiles
956 1466 1234 1500 aerumnas
1280 1450 1470 1499 amoris
1487 1485 1500 1510 ‚
1554 1447 1647 1498 sed
1681 1448 1852 1498 statIm

139 1553 421 1608 resurgunt
469 1552 519 1593 et
566 1561 666 1610 per
700 1552 871 1594 totum
909 1559 1120 1593 carmen
1156 1552 1463 1594 tractantur.
1549 1541 1849 1609 Lygdamus

139 1656 267 1691 vero
314 1638 371 1690 id
418 1639 522 1705 agit
568 1651 857 1690 memorato
903 1641 962 1690 in
1013 1641 1271 1703 carmine,
1320 1650 1380 1690 ut
1429 1639 1495 1690 ad
1541 1651 1850 1708 perpetuam.

140 1736 459 1788 oblivionem
503 1754 897 1801 aerumnarum,
939 1753 1073 1804 quae
1107 1737 1282 1804 ipsum
1321 1747 1439 1787 ante
1477 1739 1612 1787 male
1649 1737 1850 1786 habue-

138 1842 276 1895 runt,
312 1848 366 1882 se
404 1832 592 1882 excitet
625 1833 751 1884 vino
791 1842 842 1881 et
877 1831 1132 1884 valedicat
1157 1832 1410 1895 Neaerae,
1450 1834 1604 1900 quale
1640 1850 1850 1883 carmen

139 1927 280 1995 apud
326 1928 595 1980 Tibullum
641 1946 754 1979 non
803 1939 998 1991 exstat,
1054 1947 1150 1979 nec
1200 1928 1411 1981 videtur
1460 1930 1524 1979 ab
1577 1945 1639 1980 eo
1691 1928 1850 1978 scribi

136 2024 385 2092 potuisse.
456 2016 591 2076 Cufn
626 2025 712 2076 hic
749 2025 958 2077 Deliam
993 2026 1345 2093 relinqueret,
1396 2024 1580 2075 tacitus
1619 2023 1851 2074 discessit

48 2119 53 2123 ’
139 2139 257 2174 cum
292 2121 493 2174 dolore.
577 2121 661 2174 Ad
706 2120 806 2173 alia
850 2133 910 2173 ut
953 2123 1190 2188 veniam,
1239 2121 1499 2172 desiderat
1533 2122 1754 2172 Vossius
1791 2121 1850 2170 in

68 2249 73 2252 -
136 2215 406 2284 Lygdamo
442 2217 666 2270 furtivos
703 2217 878 2281 dolos,
924 2234 1058 2284 quos
1093 2217 1151 2266 in
1187 2217 1386 2268 Tibulli
1423 2219 1625 2285 aliquot
1663 2216 1847 2267 carmi-

140 2314 294 2364 nibus
331 2313 532 2378 egregie
569 2311 858 2380 descriptos
895 2312 1159 2377 videmus;
1198 2313 1290 2363 sed
1325 2315 1383 2363 hi
1418 2331 1514 2364 nec
1549 2331 1648 2380 per
1678 2324 1849 2364 totum

138 2409 410 2459 Tibullum
445 2408 710 2458 habentur
743 2417 795 2457 et
823 2408 888 2457 ab
914 2407 1015 2457 hoc
1043 2407 1261 2459 castiore
1288 2423 1465 2457 amore
1497 2407 1654 2457 alieni
1681 2416 1844 2468 erant,

138 2503 337 2557 etiamsi
372 2503 625 2571 potuisset
659 2503 784 2553 talia
813 2502 1112 2570 Lygdamus
1151 2502 1442 2554 describere
1481 2505 1636 2553 bene.
1709 2501 1848 2553 Illud

138 2609 308 2648 autem
344 2598 629 2647 rectissime
665 2607 831 2662 urget,
870 2597 1016 2664 quod
1052 2599 1188 2650 vitae
1225 2599 1447 2668 {usticae
1486 2600 1693 2648 nullum
1733 2606 1844 2648 s‘tu-

137 2693 282 2745 dium
316 2692 727 2761 deprehenditur
761 2694 819 2744 in
853 2694 936 2745 his
973 2694 1308 2746 carminibus·
1379 2693 1537 2756 Quod
1565 2695 1705 2746 enim
1736 2694 1847 2745 aliis

134 2790 300 2841 levius
335 2791 437 2842 hoc
474 2789 753 2842 discrimen
787 2792 963 2842 visum
1000 2802 1091 2856 est,
1128 2802 1190 2842 ut
1222 2791 1436 2855 Bachio,
1473 2793 1530 2842 in
1559 2808 1621 2841 eo
1652 2791 1845 2841 fallun-

135 2895 225 2937 tur
273 2886 502 2952 egregie:
575 2885 1048 2940 demonstravimus
1096 2905 1258 2953 supra
1309 2904 1468 2955 quam
1523 2895 1661 2936 arcte
1708 2886 1846 2936 vitae

135 2980 358 3031 rusticae
414 2980 646 3033 studium
710 2998 830 3033 cum
892 2981 1084 3034 amoris
1133 2981 1422 3032 Tibulliani
1469 2997 1597 3034 vera
1642 2979 1846 3042 ratione

138 3076 475 3127 coniunctum
522 3076 711 3140 fuerit,
762 3086 815 3127 et
858 3077 1016 3143 plane
1069 3077 1284 3142 cogitari
1334 3077 1522 3145 nequit
1574 3076 1767 3142 scripta
1815 3092 1846 3124 a

136 3173 348 3224 Tibullo
396 3189 491 3224 sex
538 3172 769 3224 carmina
818 3173 883 3225 de
935 3173 1201 3226 amoribus
1251 3174 1386 3238 suis,
1439 3173 1495 3223 in
1547 3172 1738 3240 quibus
1776 3186 1843 3219 ne

139 3270 357 3320 verbum
394 3267 607 3337 quidem
642 3271 781 3322 ruris
819 3283 1142 3338 occurreret3
1195 3289 1315 3321 nam
1353 3279 1410 3320 ut
1450 3268 1749 3319 adolescens
1788 3265 1843 3314 in

139 3364 309 3430 primo
359 3365 583 3417 carmine
632 3361 697 3435 (1,
749 3363 855 3435 10.)
904 3384 1032 3418 rura
1081 3368 1332 3428 celebrat,
1381 3366 1454 3416 ita
1505 3364 1638 3414 circa
1687 3360 1843 3411 finem
