2158 3750
355 246 436 307 68
838 242 1145 301 TIBULLI
1209 242 1351 299 LIB.
1389 243 1484 299 ΙΙΙ.
1516 253 1560 302 4.

417 402 488 461 Et
533 424 658 461 cum
706 412 1010 458 contexunt
1053 398 1358 457 amarantis
1402 395 1530 455 alba
1574 393 1793 476 puellae

506 508 650 566 Lilia
695 520 748 565 et
793 520 1064 564 autumno
1111 504 1357 564 candida
1398 502 1546 563 mala
1589 502 1810 561 rubent.

348 632 406 673 35
424 619 539 675 Ima
589 614 888 674 videbatur
936 613 1059 673 talis
1102 613 1339 672 illudere
1387 611 1566 694 palla:

496 726 755 804 Namque
797 722 936 782 haec.
980 722 1040 781 in
1086 722 1267 781 nitido
1315 744 1552 803 corpore
1601 719 1764 779 vestis
1810 731 1940 776 erat.

412 831 567 890 Artis
613 854 757 912 opus
803 854 995 903 rarae,
1048 829 1275 910 fulgens
1327 828 1605 889 testudine
1652 842 1705 886 et
1749 850 1887 886 auro

493 938 788 997 Pendebat
841 937 997 998 laeva
1049 938 1277 1018 garrula
1322 953 1481 1020 parte
1526 936 1664 1023 lyra.

404 1049 568 1106 Hanc
613 1047 860 1128 primum
901 1046 1132 1106 veniens
1176 1046 1391 1128 plectro
1435 1044 1761 1104 modulatus
1808 1043 2045 1112 eburn0‚

341 1166 402 1212 40
497 1154 711 1213 Felices
761 1168 958 1212 cantus
1009 1177 1104 1212 ore
1147 1168 1385 1213 sonante
1437 1152 1622 1211 dedit:

406 1263 521 1323 Sed
560 1277 861 1344 postquam
907 1260 1132 1320 fuerant
1171 1260 1334 1342 digiti
1375 1283 1502 1320 cum
1543 1281 1678 1318 voce
1719 1257 1924 1330 locuti,

489 1370 688 1429 Edidit
733 1369 873 1429 haee
918 1368 1072 1429 dulci
1113 1369 1293 1428 tristia
1339 1367 1508 1428 verba
1549 1365 1738 1426 modo,

406 1478 626 1550 ‘Salve‚
685 1502 820 1538 cura
866 1478 1068 1537 deum:
1125 1492 1279 1538 casto
1324 1501 1458 1536 nam
1502 1477 1607 1536 rite
1653 1490 1851 1558 poetae

484 1588 867 1670 Phoebusque
915 1602 967 1646 et
1012 1586 1275 1646 Bacchus
1324 1585 1693 1667 Pieridesque
1745 1585 1965 1643 favent:

335 1705 395 1752 45
415 1696 529 1755 Sed
574 1695 763 1777 proles
809 1694 1056 1755 Semeles
1094 1695 1358 1755 Bacchus
1403 1694 1714 1776 doctaeque
1757 1713 1983 1752 sorores

486 1803 690 1862 Dicere
740 1827 858 1862 non
906 1818 1151 1875 norunt,
1206 1801 1346 1884 quid
1390 1801 1536 1860 ferat
1581 1801 1724 1860 hora
1769 1822 2041 1883 sequens:

400 1910 476 1970 At
521 1910 662 1968 mihi
711 1911 958 1969 fatorum
1006 1909 1157 1990 leges
1209 1909 1441 1992 aevique
1488 1908 1665 1968 futuri

486 2018 772 2077 Eventura
822 2033 984 2100 pater
1031 2041 1199 2100 posse
1246 2017 1437 2077 videre
1486 2017 1658 2077 dedit.

400 2125 594 2204 Quare
645 2150 749 2206 ego
799 2149 944 2208 quae
997 2126 1125 2185 dico
1176 2150 1293 2185 nou
1342 2124 1513 2185 fallax
1562 2125 1756 2207 accipe
1805 2138 1988 2198 vateS‚

333 2247 395 2292 50
494 2233 782 2315 Quodque
835 2234 974 2292 deus
1021 2257 1154 2293 vero
1204 2233 1482 2318 Cynthius
1533 2256 1628 2292 ore
1677 2233 1873 2292 feram.

400 2342 645 2399 Tantum
699 2365 830 2400 cara
878 2341 1013 2414 tibi,
1068 2355 1343 2423 quantum
1393 2364 1498 2400 nec
1547 2339 1664 2400 filia
1709 2340 1906 2413 matri,

482 2448 778 2528 Quantum
825 2472 931 2508 nec
983 2449 1194 2531 cupido
1246 2448 1395 2509 bella
1445 2447 1635 2531 puella
1682 2448 1834 2522 viro,

397 2557 511 2617 Pro
560 2581 671 2639 qua
723 2556 990 2616 sollicitas
1041 2557 1299 2617 caelestia
1346 2557 1583 2616 numina
1628 2556 1800 2629 votiS‚

483 2665 647 2745 Quae
696 2666 800 2726 tibi
851 2689 1082 2726 securos
1133 2689 1250 2725 nou
1302 2665 1436 2725 sinit
1486 2666 1568 2724 ire
1618 2665 1768 2738 dies,

447 2922 500 2967 V.
522 2926 594 2966 33.
637 2923 708 2966 Et
738 2924 952 2967 mellores.
1014 2924 1100 2967 Alii
1132 2926 1219 2979 Ut,
1260 2924 1376 2980 quod
1408 2929 1665 2981 receperunt
1691 2924 2030 2977 Bnouxmrsms,

325 3002 569 3058 Hmmms,
609 3005 826 3059 Vossms,
867 3006 1162 3061 Huscnxms,
1206 3007 1437 3062 Bmmus,
1480 3009 1786 3060 GonnssRYu33
1835 3006 1911 3050 sed
1951 3019 2038 3049 non

325 3099 434 3142 opus
471 3086 674 3142 emphasi.
735 3089 934 3131 Puccms
967 3090 1085 3132 Aut.
1117 3113 1176 3120 —
1247 3091 1302 3134 V.
1322 3094 1396 3134 34.
1438 3095 1505 3133 et.
1567 3091 1714 3144 Vulgo
1749 3098 1802 3130 ut
1833 3089 1888 3132 de
1926 3102 2034 3131 con-

321 3170 485 3212 iectura
524 3169 847 3224 Buonmmsn,
905 3171 983 3214 sed
1026 3173 1069 3214 in
1110 3172 1261 3216 ultimo
1305 3174 1498 3216 membro
1546 3174 1675 3216 etiam
1720 3172 1860 3215 minor
1902 3185 2033 3214 causa

322 3255 415 3293 erat
457 3252 657 3294 eiiciendi
703 3254 927 3308 copulam,
985 3259 1029 3295 et
1070 3253 1231 3297 frustra
1270 3253 1540 3300 Huscmcms
1580 3256 1710 3299 etiam
1754 3255 1809 3299 ad
1856 3255 2031 3299 codices

325 3333 532 3389 quosdam
571 3333 786 3378 inferioris
819 3334 980 3378 ordinis
1012 3341 1234 3391 provocat.
