2158 3750
668 268 852 322 LIBR.
885 269 976 321 ΙΙΙ.
1050 265 1253 322 ELEG.
1286 267 1380 320 IV.
1763 276 1865 323 351

165 417 438 470 asservatur,
482 414 676 471 mireque
714 420 943 472 postquam
985 414 1187 462 defecere
1227 414 1370 458 cuncti
1399 413 1556 468 flores,
1597 412 1862 459 madefactus

165 511 278 553 aqua
317 499 537 543 reviviscit
567 504 612 544 et
642 499 842 544 hibernas
884 512 1069 544 coronas
1098 498 1249 543 fucit.“
1278 521 1338 530 —
1385 499 1582 554 Denique
1609 497 1863 553 Lygdamus

166 581 312 626 addit:
345 587 404 626 et
432 582 680 626 candida
707 583 850 627 mala
880 583 1104 627 rubent.
1135 584 1213 627 Sic
1240 583 1433 627 Loxe-us
1462 583 1632 627 Pastor.
1655 581 1692 637 Ι,
1722 598 1767 640 p.
1787 585 1864 628 22.

165 665 234 710 ed.
261 667 489 712 Semnum
519 661 543 708 ὅ
571 667 623 709 δὲ
649 665 853 722 (εἴκασεν)
872 660 995 724 μήλῳ
1016 663 1070 708 vd
1095 661 1324 724 πρόσωπον
1349 662 1499 723 αὐτῆς,
1530 659 1600 708 ὅτι
1623 661 1772 708 λευκδν
1795 667 1870 708 καὶ

163 748 381 804 ἐνερευθὲς
413 736 480 804 ἧν.
507 771 581 782 --
617 749 943 806 Repetitionem
971 761 1077 792 vero
1116 749 1309 792 eiusdem
1349 749 1552 792 vocabuli
1592 746 1778 792 rubente
1805 771 1866 782 --

164 828 326 871 rubent
369 830 488 886 quod
529 831 708 884 attinet,
753 829 881 874 huius
923 829 1096 886 generis
1139 830 1225 872 alia
1271 830 1454 874 vidimus
1494 831 1551 874 ad
1592 831 1627 886 1,
1661 835 1703 886 1,
1733 835 1776 876 6.
1806 854 1868 866 —

161 912 218 956 V.
245 915 306 955 35
336 925 402 968 sq.
433 913 617 968 palla,
648 913 803 968 longa,
837 912 1010 966 tuleris,
1041 910 1360 968 citharoedica,
1390 913 1447 957 de
1478 927 1564 969 qua
1594 915 1778 960 vidimus
1807 916 1864 961 nd

158 992 220 1046 ll,
246 997 292 1047 5,
322 998 366 1038 7.
427 994 488 1036 Ut
526 1006 633 1038 vero
678 993 750 1038 hic
794 999 930 1052 poeta
974 995 1201 1051 eleganter
1246 995 1358 1039 dixit
1404 998 1544 1041 talis
1590 998 1863 1054 illudere,

157 1075 233 1118 ulii
265 1073 414 1132 ferire
449 1075 587 1132 pedes
622 1081 674 1120 ut
713 1077 893 1123 Vana.
921 1077 1093 1121 chc.
1122 1077 1159 1132 Ι,
1189 1082 1295 1124 385.
1336 1079 1413 1122 ubi
1451 1080 1564 1124 conf.
1603 1080 1863 1138 interprett.‚

157 1165 289 1215 atque
330 1161 468 1204 Ovm.
499 1161 610 1206 Met.
638 1161 720 1216 XI,
751 1165 854 1207 166.
898 1163 999 1206 loco
1039 1163 1193 1207 simili:
1245 1162 1387 1206 verrit
1427 1162 1610 1205 humum
1658 1163 1866 1221 (Apollo)
1918 1183 1921 1189 -

161 1241 299 1300 Tyrio
337 1251 559 1286 saturata
597 1243 763 1287 murice
798 1244 948 1304 palla.
1008 1247 1215 1289 Ceterum
1243 1251 1380 1302 agunt
1409 1246 1465 1290 de
1501 1249 1616 1304 palla
1646 1248 1866 1291 Bnotscx-

159 1341 322 1371 nusms
353 1334 400 1372 et
429 1330 655 1374 Vmaems.
682 1353 744 1364 —
785 1329 1037 1387 Namque
1072 1329 1212 1374 baec
1242 1337 1325 1375 etc.
1370 1345 1555 1388 namque
1585 1331 1667 1377 hae
1695 1335 1866 1388 magni-

157 1414 241 1457 fica
269 1419 392 1457 veste
422 1419 600 1458 ornatus
629 1419 725 1459 erat
753 1415 886 1471 deus,
926 1416 1022 1472 ipsa
1050 1417 1165 1460 stola
1198 1415 1358 1471 Pythia
1388 1417 1506 1460 venit
1535 1417 1737 1460 vestitus.
1795 1417 1866 1460 Ita

156 1496 351 1540 defendit
392 1497 663 1543 Huscmnns
692 1505 883 1558 poetam
927 1505 1080 1544 contra
1119 1500 1339 1545 Vmfflnm
1383 1507 1430 1544 et
1473 1501 1734 1555 Humum,
1785 1501 1866 1556 qui

157 1579 348 1624 ieiunum
400 1581 553 1627 dixere
602 1589 949 1641 pentametrum,
999 1599 1052 1630 ac
1101 1586 1320 1629 lucramur
1367 1585 1529 1640 aliquid
1576 1585 1730 1628 saltem
1781 1583 1866 1627 hoc

157 1664 301 1709 modo.
333 1689 394 1699 —
424 1668 500 1712 -V.
529 1672 590 1712 37
620 1683 687 1725 sq.
739 1671 970 1728 fulgens
1010 1673 1312 1716 testudine
1353 1676 1409 1716 et
1449 1685 1602 1715 auro.
1676 1670 1862 1715 Constat

157 1749 288 1791 variis
316 1749 456 1794 modis
493 1752 612 1806 lyras
641 1759 886 1808 exornatas,
917 1767 1039 1810 auro,
1070 1755 1269 1810 gemmis,
1300 1754 1448 1808 ebore,
1478 1753 1723 1807 testudine3
1762 1751 1864 1796 hine

155 1836 307 1875 aurata
348 1835 468 1889 lyra,
509 1835 726 1890 eburnea,
766 1836 1043 1893 ἐλεφαντίνη,
1084 1837 1295 1880 instructa
1324 1837 1506 1892 gemmis
1556 1835 1717 1891 (Ovn).
1750 1835 1862 1878 Met.

154 1912 235 1967 Xl,
265 1917 420 1972 167.);
462 1922 594 1973 atque
622 1920 849 1966 Amnum.
884 1920 1052 1964 Florid.
1082 1920 1121 1974 I,
1156 1936 1199 1976 p.
1235 1923 1339 1963 342.
1383 1920 1440 1963 de
1481 1920 1707 1976 Apolline:
1754 1918 1868 1979 quid

155 1998 278 2055 quod
301 2007 349 2041 et
379 1999 484 2057 lyra
514 2001 613 2044 eius
642 2017 757 2046 auro
777 2003 1037 2063 fulgurat,
1074 2003 1200 2046 ebore
1233 2002 1469 2050 candicat,
1497 2001 1682 2060 gemmis
1713 2000 1865 2043 varie-

152 2087 311 2138 gatur.
372 2083 470 2127 Nec
500 2086 641 2128 minus
672 2085 903 2129 testudinis
935 2086 1132 2129 marinae
1163 2085 1398 2129 corticibus
1428 2085 1472 2127 in
1503 2084 1681 2127 laminas
1710 2087 1866 2126 tenues

154 2162 352 2208 dissectis
381 2166 438 2208 ad
466 2167 701 2212 ornandam
732 2169 871 2223 lyram
897 2169 1149 2223 utebantur,
1181 2174 1231 2212 ut
1261 2169 1318 2212 ad
1349 2169 1435 2212 alia
1463 2181 1612 2224 opera.
1674 2167 1866 2210 Monue-

154 2251 256 2288 runt
285 2246 341 2290 de
381 2247 447 2291 his
487 2250 626 2292 rebus*
649 2251 1011 2296 Bnoucmmsms
1044 2258 1091 2296 et
1120 2254 1341 2298 Vanus·
1403 2252 1610 2295 Ceterum
1649 2251 1865 2305 antiquis·

154 2330 251 2372 simi
287 2336 445 2386 poetae
473 2333 758 2389 simpliciores
786 2339 925 2388 erant,
967 2335 1083 2391 apud
1113 2348 1222 2389 quos
1249 2347 1383 2377 aurea
1414 2339 1483 2376 est
1515 2335 1609 2387 lyra
1640 2332 1725 2386 dei,
1757 2330 1863 2374 nihil

154 2415 355 2471 amplius.
385 2438 446 2447 —
488 2417 787 2461 Pendebat
828 2419 995 2462 laeva
1038 2424 1229 2476 parte,
1278 2419 1401 2461 laevo
1430 2416 1610 2460 humero
1641 2429 1865 2472 suspensa,

155 2502 204 2540 ut
235 2499 378 2543 moris,
410 2522 470 2531 —-
524 2501 581 2544 V.
610 2503 672 2543 39
699 2513 795 2557 sqq.
839 2503 1083 2558 primum
1126 2502 1394 2554 veniens,
1444 2499 1488 2543 h.
1519 2512 1558 2542 e.
1602 2498 1864 2552 simulatque

155 2583 401 2628 advenerat.
463 2584 575 2629 Vide
614 2598 729 2641 quae
766 2587 956 2631 Vossius
991 2585 1137 2629 laudat
1177 2585 1233 2628 ad
1269 2586 1411 2630 Vmor.
1441 2585 1611 2639 Georg.
1643 2582 1725 2636 111,
1758 2584 1864 2634 398,

155 2681 197 2721 p.
228 2670 334 2709 632.
364 2690 422 2698 —
467 2667 808 2711 modulatus.
871 2669 1017 2724 Vulgo
1064 2669 1212 2712 dicunt
1255 2681 1456 2722 carmen,
1502 2679 1661 2721 sonos,
1711 2677 1865 2710 versus

156 2751 392 2804 modulari,
433 2751 646 2796 modulari
676 2764 851 2794 carmen
882 2752 1004 2806 lyra,
1051 2752 1223 2796 fidibus.
1285 2750 1454 2794 Deinde
1491 2750 1671 2793 verbum
1703 2747 1864 2804 passim

156 2833 211 2875 ad
251 2834 584 2878 instrumentum
610 2839 681 2878 est
711 2835 995 2889 translatum,
1039 2839 1090 2877 ut
1120 2835 1232 2878 bene
1262 2835 1448 2878 illustrat
1479 2834 1696 2887 Vossms,
1742 2844 1864 2876 com·-

157 2930 312 2974 parans
361 2918 620 2962 Cmmmm.
661 2918 873 2973 XXXIV,
911 2923 996 2962 152
1043 2918 1304 2961 modulatus
1347 2916 1527 2975 pectine
1573 2930 1755 2963 nervos,
1819 2923 1865 2959 et

157 3003 332 3045 Sssmzc.
365 3001 485 3046 Med.
514 3004 631 3046 6262
676 3001 808 3045 ouius
838 3002 901 3044 ad
928 3002 1118 3046 chordas
1150 3001 1410 3045 modulante
1441 3001 1562 3056 (eas)
1587 2999 1763 3058 plectro
1794 3015 1863 3041 re-

156 3086 283 3129 stitit
315 3093 504 3130 torrens.
575 3083 711 3130 Addit
746 3085 1155 3130 wunnnnmcnms
1199 3086 1356 3129 Horat.
1388 3085 1426 3138 l,
1455 3087 1530 3138 32,
1560 3086 1603 3127 4.
1663 3082 1747 3125 Est
1777 3083 1863 3138 igi-

158 3175 231 3214 tur
260 3168 487 3213 modulari
516 3181 628 3214 nunc
654 3170 718 3214 ita
758 3169 973 3215 moderari
1012 3171 1175 3226 lyram,
1219 3176 1269 3214 ut
1300 3183 1431 3214 sonos
1464 3169 1596 3212 certis
1626 3167 1767 3211 modis
1794 3168 1862 3210 in·

160 3254 297 3296 flexos
337 3258 383 3296 et
421 3256 688 3310 temperatos
726 3250 895 3297 redoet.
955 3253 1135 3311 Optime
1177 3266 1281 3311 vero
1313 3254 1517 3297 observat
1547 3251 1862 3295 Emns'mmus

159 3340 203 3381 in
234 3338 607 3382 commentatione
651 3343 822 3397 quarta
866 3337 919 3380 cle
960 3339 1190 3397 Lygdami
1232 3334 1502 3381 carminibus
1545 3349 1685 3393 nuper
1727 3347 1862 3379 mens.

158 3419 289 3465 Febr.
322 3433 417 3464 ann.
453 3432 795 3466 cmlocecxxxv.
826 3422 967 3477 editu,
1011 3436 1139 3479 quam
1169 3423 1357 3469 nondum
1388 3422 1577 3469 videram
1617 3434 1714 3466 cum
1753 3420 1863 3466 Vita
