2158 3750
328 240 431 282 273
722 228 1197 282 COMMENTAR.
1228 230 1304 279 IN
1343 231 1387 279 T
1391 231 1648 286 IBULLI!

335 379 402 422 sit.
468 377 702 430 Vulgarem
736 374 979 429 opinionem
1013 385 1095 415 non
1126 374 1267 428 potuit
1298 387 1382 415 non
1413 375 1536 428 sequi
1565 374 1775 419 Tibullus.
1836 375 1919 419 Est
1951 377 2036 430 igi-

334 465 404 504 tur
436 457 678 512 Erythraea
701 457 892 509 Sibylla,
923 455 979 497 de
1009 468 1095 509 qua
1126 469 1238 498 nunc
1268 457 1459 510 loquitur
1487 456 1713 510 Tibullus,
1741 470 1868 511 quam
1898 449 2034 502 solam

333 541 616 595 genuinorum
672 538 878 585 librorum
926 541 1147 581 auctorem
1196 536 1340 580 habet.
1381 561 1441 569 —
1507 538 1561 583 V.
1609 542 1665 582 17
1707 552 1774 594 sq.
1839 553 2036 584 saetas

334 622 558 666 chartas
599 633 845 676 papyracea
886 620 1103 663 volumina
1143 619 1276 663 fuisse
1318 625 1450 676 puta,
1497 621 1654 676 quibus
1694 634 1844 665 versus
1876 623 2038 666 Graeci

335 704 532 759 inscripti
562 708 733 758 essent;
764 703 1007 758 antiquiora
1039 704 1229 747 carmina
1259 705 1303 747 in
1332 704 1447 747 foliis
1481 706 1719 761 palmarum
1749 705 1911 761 scripta
1941 706 2039 749 fue-

336 791 459 840 rant,
506 786 563 830 cf.
596 788 736 832 δην.
768 787 823 835 ad
855 789 979 844 Virg.
1011 788 1118 832 Aen.
1151 789 1231 843 ΙΙΙ,
1262 791 1363 832 444.
1396 789 1473 843 VI,
1501 792 1575 835 74.
1607 793 1651 836 et
1681 788 1793 832 adde
1827 788 2042 832 Nmnun-

331 884 450 918 munt
496 872 539 914 in
581 871 697 922 Hist.
741 872 871 917 Rom·
911 872 1106 921 Tom.1.
1150 888 1197 929 p.
1227 876 1317 916 360
1347 886 1442 927 sqq.
1487 872 1557 922 ed.
1598 873 1677 919 ult.
1716 871 1940 927 ingeniose
1983 870 2040 914 de

335 952 559 1006 Sibyllinis
587 953 707 996 libris
739 953 1042 1010 disputantem.
1075 978 1133 986 —
1182 954 1330 1009 quod
1372 959 1545 999 canat
1586 955 1689 998 illa
1732 954 1897 1007 doce,
1941 959 2046 997 nam*

340 1037 488 1080 abdita
517 1042 618 1080 sunt
648 1038 844 1085 versibus
873 1037 989 1091 fata,
1029 1042 1078 1086 ut
1109 1038 1245 1092 dixit,
1275 1051 1358 1082 uec
1387 1039 1470 1081 nisi
1500 1038 1650 1081 affiatu
1680 1037 1866 1095 quodam
1899 1037 2042 1080 divino

336 1120 522 1175 intelligi
564 1124 610 1164 et
651 1120 858 1176 explicari
902 1124 1023 1162 recte
1065 1123 1260 1174 possunt.
1333 1119 1398 1162 Ac
1433 1119 1732 1165 Nlnnummss
1770 1101 1945 1174 quidem
1982 1119 2045 1160 ita

339 1205 538 1248 consulta
579 1205 768 1248 carmina
810 1208 983 1257 censet,
1028 1207 1078 1246 ut
1117 1202 1324 1258 quidquid
1366 1203 1550 1258 primum
1581 1215 1629 1245 se
1660 1183 1892 1247 obtulisset
1921 1205 2046 1245 evol-

338 1286 566 1340 ventibus,
610 1286 655 1329 id
697 1300 778 1343 pro
819 1300 1029 1343 responso
1073 1288 1370 1343 acciperetur,
1417 1285 1779 1342 quemadmodum
1820 1299 1847 1328 a
1888 1285 2046 1331 Turcis

338 1372 489 1414 Koran
521 1372 773 1419 consulitur.
837 1373 972 1419 Quod
1012 1377 1159 1418 tamen
1200 1387 1289 1416 uon
1332 1371 1479 1417 credo.
1542 1371 1751 1420 Ceterum
1792 1383 1940 1413 verum
1979 1374 2049 1418 est
2110 1407 2116 1415 .

343 1455 465 1512 quod
492 1455 534 1499 h.
567 1470 608 1499 e.
639 1456 684 1499 id
720 1457 866 1511 quod,
897 1459 1031 1501 veluti
1067 1471 1166 1501 cum
1199 1457 1383 1502 dicitur:
1433 1470 1518 1503 non
1551 1455 1690 1503 habeo
1720 1455 1838 1512 quod
1866 1469 2048 1512 respon-

2135 1415 2158 1498 (ιη.
2127 1083 2158 1385 ..Μιω,·ᾲ,·,ίπ
2144 1040 2158 1057 1

343 1538 483 1581 deam.
510 1562 517 1565 -
545 1539 671 1584 Conf.
703 1539 929 1583 Bnmmffl
961 1539 1015 1583 ad
1049 1539 1224 1584 Cornel.
1252 1539 1368 1596 Nep.
1396 1539 1549 1596 Epam.
1576 1539 1700 1607 Vin,
1724 1541 1768 1586 1.
1828 1537 2048 1583 Bicunm

345 1621 398 1664 ad
432 1621 474 1667 h.
505 1624 534 1666 1.

466 1706 520 1748 V.
555 1707 734 1749 19-66.
797 1705 1047 1751 Medium
1086 1718 1320 1753 carmen.
1383 1706 1571 1754 Prima
1615 1717 1755 1762 pars.
1817 1703 2050 1759 Sibylla

344 1788 570 1831 Aeneae
612 1792 801 1831 sortes
841 1787 947 1831 dat.

465 1869 520 1913 V.
551 1871 608 1911 19
640 1883 734 1924 sqq.
797 1869 953 1914 Haec
995 1869 1162 1913 dedit
1195 1871 1425 1913 Aeneae
1466 1874 1676 1915 sortes.
1736 1870 1928 1915 Vossxus
1960 1870 2051 1913 Cu·-

347 1953 426 1994 mis
456 1954 500 1996 in
531 1953 657 1997 Italia
689 1955 912 1998 contendit
951 1956 1172 1998 oraculum
1218 1954 1336 2000 heroi
1369 1955 1516 1998 datum
1555 1969 1654 2000 cum
1695 1956 1958 2012 appulisset,
2000 1959 2052 1996 ut

346 2036 463 2092 apud
494 2038 757 2086 Vmemum
793 2043 874 2080 est.
936 2038 1069 2080 Male.
1132 2039 1243 2080 Cum
1276 2038 1408 2085 addat
1438 2038 1638 2086 Tibullus
1678 2038 1850 2083 statimz
1899 2042 2051 2093 post·-

347 2131 509 2172 quam
555 2119 661 2161 ille
704 2124 1003 2174 parentem
1051 2120 1283 2163 Dicitur
1329 2125 1384 2162 et
1437 2124 1636 2175 raptos
1689 2120 2052 2164 sustinuisse

348 2201 551 2255 Lares,
598 2199 638 2244 h.
673 2215 710 2243 e.
743 2214 840 2244 cum
870 2201 1120 2244 abstulisset
1152 2213 1226 2243 eos
1258 2199 1447 2243 humeris
1482 2215 1538 2244 ex
1568 2201 1676 2245 urbe
1708 2206 1754 2245 et
1782 2202 1879 2254 navi
1909 2201 2051 2258 impo-

348 2283 507 2325 suisset
547 2295 583 2325 s.
625 2295 710 2324 non
741 2282 816 2324 diu
857 2286 957 2338 post
987 2282 1250 2336 discessum,
1296 2283 1391 2338 quis
1422 2283 1509 2326 iam
1539 2283 1594 2326 de
1626 2289 1744 2328 sorte
1774 2285 1848 2328 diu
1878 2290 1977 2342 post
2009 2286 2052 2328 in

347 2365 474 2408 Italia
519 2364 634 2407 edita
675 2364 920 2419 cogitabit?
984 2365 1190 2408 Ceterum
1234 2363 1505 2408 sustinuisse
1552 2367 1659 2410 dicit
1699 2369 1844 2412 oneris
1883 2369 2053 2412 ratione

351 2447 520 2502 habita,
562 2448 695 2491 veluti
726 2451 793 2490 est
824 2447 920 2490 C1c.
953 2446 1007 2489 de
1039 2449 1142 2490 Sen.
1176 2451 1257 2491 10:
1303 2463 1402 2490 cum
1434 2448 1548 2491 Milo
1587 2449 1783 2494 humeris
1808 2451 2054 2506 sustineret

354 2530 501 2572 bovem
548 2529 715 2572 vivum.
787 2528 1019 2576 Quomodo
1064 2534 1209 2572 autem
1254 2530 1506 2574 sustinuerit
1556 2538 1779 2589 parentem
1827 2539 1872 2579 et
1918 2535 2056 2580 Lares

351 2613 469 2656 disce
501 2625 526 2655 e
558 2613 698 2656 Vmc..
744 2614 853 2655 Aen.
886 2612 944 2668 ΙΙ,
973 2617 1062 2656 701
1093 2626 1189 2668 sqq·
1220 2619 1264 2656 et
1295 2627 1320 2657 e
1351 2615 1541 2658 TABULA
1573 2616 1747 2662 Inuus.
1807 2619 1897 2663 Pro
1927 2618 2056 2662 Lari-

354 2698 434 2739 bus
465 2697 598 2751 vulgo
629 2698 818 2740 Penates
849 2701 1157 2750 memorantur,
1187 2696 1266 2740 sed
1298 2711 1394 2742 cum
1425 2700 1615 2743 Penates
1645 2705 1790 2744 essent
1820 2714 1969 2745 omues
1995 2701 2055 2745 dii
2142 2695 2143 2699 ’

352 2782 394 2824 in
442 2794 556 2837 penu
602 2781 732 2835 culti,
779 2781 835 2824 cf.
867 2781 903 2834 I,
943 2783 986 2834 3,
1027 2784 1101 2825 33.
1150 2787 1386 2838 potuerunt
1427 2785 1537 2826 tales
1580 2785 1711 2830 etiam
1754 2785 1895 2828 Lares
1941 2798 2055 2830 esse.
2139 2829 2143 2835 ,

350 2865 564 2920 intelligit
601 2865 735 2920 igitur
777 2863 978 2910 Tibullus
1020 2863 1156 2907 Lares
1200 2865 1397 2920 publicos
1441 2867 1614 2922 publico
1657 2868 1700 2909 in
1743 2881 1859 2924 penu
1899 2868 2057 2922 cultos,

352 2947 391 2989 h.
424 2961 461 2990 e.
494 2949 683 2991 Penates
713 2947 899 3000 Troiae,
943 2945 997 2990 de
1029 2947 1184 3002 quibus
1225 2949 1442 2993 HEYNIUS
1475 2951 1586 2994 dixit
1616 2951 1672 2995 ad
1703 2952 1825 3006 Virg.
1859 2953 1967 3005 Aen..
1999 2953 2056 2995 11.
2139 2958 2146 2982 Γ

355 3030 540 3074 Excurs.
572 3030 650 3082 IX.
723 3030 919 3095 Denique
963 3029 1016 3072 ad
1064 3035 1264 3087 raptos
1322 3032 1377 3076 cf.
1422 3033 1530 3076 Aen.
1563 3034 1598 3087 l,
1629 3038 1732 3078 378.
1767 3058 1822 3066 —
1874 3035 2061 3090 Pergitt
2134 3030 2137 3035 ’

356 3114 469 3156 Nec
510 3114 636 3156 fore
680 3113 956 3157 credebat
1005 3115 1246 3159 Romam.
1321 3118 1465 3160 Recte
1511 3119 1744 3161 observant
1774 3119 1966 3163 Vossms
2011 3123 2057 3162 et
2139 3119 2158 3139 ⁵

355 3197 764 3238 Wnannmcmus
797 3209 880 3239 non
914 3197 1101 3251 pendere
1134 3196 1238 3240 haec
1270 3212 1296 3240 a
1326 3213 1364 3242 v.
1391 3207 1650 3258 postquam.
1713 3200 1851 3243 Prava
1883 3201 2057 3244 iunctu-
2142 3187 2148 3192 ”

354 3294 425 3324 rn:
469 3287 608 3324 sortes
642 3283 785 3334 dedit,
827 3287 1051 3337 postquam
1083 3298 1166 3326 non
1200 3284 1406 3328 credebat
1436 3287 1625 3333 Romam
1656 3286 1776 3339 fore,
1806 3299 1903 3328 cum
1934 3299 2056 3332 moe·

358 3370 449 3406 stus
483 3364 593 3408 llion
637 3371 681 3408 et
723 3366 924 3410 ardentes
966 3365 1071 3410 deos
1115 3371 1367 3425 respiceret.
1432 3372 1584 3414 Potius
1626 3375 1777 3426 suapte
1819 3373 1859 3414 vi
1900 3371 2057 3414 incedit
