2158 3750
279 247 380 302 342
665 245 1136 302 comnzNTAR.
1172 245 1246 298 ΙΝ
1287 245 1576 310 'rlssULLl

280 395 427 449 cisque
470 404 613 436 sonus.
678 389 839 436 Quidni
883 389 1019 444 igitur
1059 389 1187 432 etiam
1231 388 1274 432 in
1315 389 1392 431 tali
1437 387 1585 444 specie
1626 385 1848 444 proposita
1879 386 1979 428 insit

283 477 463 519 multum
503 472 832 529 persuasionis?
893 471 1004 517 Quis
1033 471 1145 513 enim
1174 471 1349 513 resistat
1380 469 1656 526 pulcherrimi
1686 469 1758 513 dei
1791 468 1982 526 pulchris

283 558 461 602 verbis?
522 557 728 600 Fortasse
756 554 980 600 crederem
1014 554 1097 598 hoc
1127 555 1316 598 voluisse
1347 560 1548 612 poetam,
1589 555 1627 598 si
1658 553 1789 598 modo
1823 565 1982 608 seque-

281 646 430 683 rentur
458 638 637 697 pulcbra
666 639 721 683 ad
749 639 964 682 Neaeram
995 639 1127 682 verba
1158 643 1204 682 et
1233 637 1504 682 hortamenta
1527 638 1613 692 dei,
1645 643 1694 682 et
1723 642 1985 692 congrueret

280 724 415 766 altera
453 736 556 779 pars
597 723 745 779 priori.
807 722 935 765 Nunc
973 725 1119 764 autem
1150 721 1280 764 etiam
1311 719 1394 771 hoc
1424 734 1511 764 non
1545 720 1717 773 videas;
1758 718 1892 763 babet
1919 719 1985 762 ai·-

280 809 373 848 tera
405 818 506 862 pars
535 805 722 848 ieiunam
752 805 1095 849 consolationem
1125 804 1370 859 Lygdami,
1399 804 1524 847 cuius
1553 817 1680 847 curas
1711 803 1859 847 levare
1889 807 1985 846 stu-

281 887 356 931 det
389 887 523 942 dens,
555 887 611 930 ad
639 888 856 932 Neaeram
885 892 1059 941 autem,
1090 901 1202 942 quae
1233 887 1541 931 commovenda
1574 893 1695 942 erat,
1725 889 1988 944 paucissima

282 971 414 1015 verba
466 973 585 1015 nulla
636 973 694 1016 vi.
775 971 860 1015 Est
904 972 1038 1027 igitur
1081 973 1208 1028 plane
1255 976 1421 1015 cer-tum
1466 985 1555 1015 non
1599 972 1822 1041 cogitasse
1872 971 1990 1016 clare

282 1052 586 1109 Lygdamum,
632 1053 736 1110 qnid
765 1055 899 1099 vellet
929 1053 1010 1097 bac
1035 1067 1115 1096 sua
1145 1055 1463 1110 compositione
1494 1055 1723 1108 carminis,
1766 1058 1812 1097 et
1843 1053 1987 1110 posita
2061 1070 2070 1074 ’
2107 1046 2140 1101 ’ζ

267 1142 351 1199 stt
382 1137 616 1194 descriptio
647 1136 819 1180 habitus
851 1137 983 1179 divini
1015 1137 1135 1179 nullo
1166 1138 1289 1179 certo
1321 1137 1518 1189 consilio,
1550 1136 1629 1180 sed
1659 1149 1759 1180 cum
1790 1135 1987 1179 delecta-

281 1224 403 1263 retur
434 1229 564 1278 poeta
594 1221 754 1264 talibus
784 1221 1161 1277 descriptionibus,
1194 1233 1275 1264 nec
1300 1221 1670 1277 praetermitteret
1693 1221 1989 1274 occasionem,

280 1306 355 1349 ubi
396 1307 500 1362 quid
542 1306 784 1350 huiusmodi
827 1307 976 1350 inferri
1022 1319 1152 1364 posse
1194 1306 1442 1360 videretur,
1487 1306 1619 1349 immo
1661 1306 1846 1361 eligeret
1882 1282 2012 1362 pne.

281 1389 378 1432 aliis
407 1391 512 1432 talia
544 1394 813 1444 argumenta.
891 1390 992 1434 Non
1033 1390 1252 1445 cogitasse
1293 1395 1438 1432 autem
1468 1389 1745 1444 Lygdamum
1780 1387 1849 1433 bic
1888 1385 1994 1444 quid

282 1471 463 1516 deberet
511 1473 730 1528 scribere,
795 1473 985 1528 denique
1032 1473 1164 1516 etiam
1215 1471 1444 1516 exordium
1492 1471 1676 1529 probat,
1737 1471 1814 1515 ubi
1860 1469 1994 1515 fidem

281 1558 546 1600 somniorum
579 1557 723 1600 elevat
752 1561 798 1600 et
827 1557 957 1613 plane
998 1560 1158 1611 negat,
1211 1559 1343 1610 atque
1387 1556 1449 1598 ita
1492 1555 1575 1598 vim
1615 1554 1877 1598 narrationis
1918 1567 1995 1598 se-

281 1642 454 1695 quentis
497 1640 679 1694 evertit,
730 1653 816 1696 qua
862 1653 1138 1683 commovere
1185 1639 1402 1682 Neaeram
1449 1639 1637 1682 volebat,
1710 1638 1852 1682 Immo
1898 1638 1995 1694 ipae

280 1725 440 1780 Apollo
471 1729 713 1779 repugnat,
755 1724 829 1779 qui
859 1725 961 1768 data
993 1738 1127 1781 opera
1157 1725 1383 1768 veritatem
1415 1723 1630 1767 dictorum
1660 1735 1838 1767 suorum
1869 1721 1997 1766 affir-

284 1810 387 1848 mat.
451 1807 582 1853 Quod
613 1808 776 1851 notavit
811 1808 942 1851 etiam
970 1809 1181 1852 Vossius.
1242 1809 1388 1862 Atque
1428 1805 1538 1850 baec
1581 1805 1801 1850 hactenus.
1861 1804 1993 1847 lusti-

285 1889 444 1932 tuimus
490 1887 566 1931 bas
612 1890 831 1944 longiores
874 1890 1189 1946 disputationes
1236 1903 1323 1934 non
1364 1895 1452 1933 tam
1497 1893 1677 1947 propter
1719 1887 1996 1944 Lygdamum

284 1984 412 2024 quam
459 1977 640 2029 propter
681 1973 930 2028 Tibullum,
974 1987 1103 2029 quem
1145 1988 1230 2019 non
1273 1989 1371 2019 esse
1413 1988 1544 2033 posse
1575 1974 1728 2020 borum
1757 1974 1993 2019 carminum

284 2062 506 2101 auctorem
538 2057 595 2101 ab
625 2059 739 2103 omni
772 2063 896 2117 parte
927 2058 1147 2105 docemus.

964 2288 1207 2298 mr..
1214 2291 1308 2299 -.,.,,,

920 2488 1367 2544 EXPLICATIO.

407 2703 458 2745 V.
495 2705 645 2748 1-16.
706 2702 1035 2750 Exordium.
1094 2706 1446 2749 Detestatur
1485 2709 1665 2762 poeta
1705 2706 1999 2760 somnium,

286 2794 395 2837 quo
428 2781 700 2830 hesterna
730 2792 902 2832 nocte
933 2787 1206 2832 turbatus
1237 2793 1389 2842 erat,
1435 2793 1490 2832 et
1529 2789 1788 2844 quamvis
1826 2790 1998 2833 omui-

289 2878 354 2910 no
400 2880 618 2923 negans
662 2871 837 2916 fidem
874 2873 1111 2917 somniis
1158 2872 1501 2928 habendam,
1551 2876 1753 2918 malum
1795 2879 1999 2928 tamen,

289 2951 435 3005 quod
475 2957 797 3009 perterruit
829 2958 1093 3013 animum,
1141 2964 1418 3014 precatur
1447 2960 1590 3004 deos
1619 2964 1681 3004 ut
1709 2964 1996 3006 avertant.

406 3039 461 3082 V.
495 3042 520 3080 1
552 3053 619 3094 sq,
678 3041 771 3083 Dii
812 3043 1051 3086 meliora
1092 3044 1296 3089 ferant.
1357 3045 1441 3089 Est
1481 3046 1664 3090 formula
1706 3059 1883 3100 eorum,
1922 3046 1998 3101 qui

290 3119 592 3164 abominantur
621 3123 784 3178 aliquid
814 3129 860 3167 et
890 3125 1202 3182 deprecantur,
1243 3132 1293 3170 ut
1332 3132 1532 3182 constat,
1576 3134 1622 3172 et
1662 3127 1732 3172 bic
1773 3129 1995 3183 Sumus,

290 3202 525 3258 Vurmms,
571 3205 791 3250 Hermus
833 3213 984 3252 notant
1030 3215 1076 3252 et
1120 3210 1173 3252 ad
1221 3210 1348 3253 ovid.
1396 3211 1506 3254 Met.
1549 3211 1647 3264 Vll,
1692 3214 1767 3254 37.
1817 3211 1998 3268 copiose

291 3282 520 3328 Hnlnsms
553 3286 717 3330 docuit.
778 3289 990 3334 Similiter
1019 3292 1179 3335 dicitur
1211 3291 1258 3332 di
1295 3290 1480 3341 melius,
1510 3293 1650 3336 ΟΠ».
1681 3293 1776 3335 Art.
1809 3294 1905 3338 Am.
1937 3293 1996 3348 11,

290 3368 395 3410 388.
445 3367 623 3415 Heroid.
657 3371 738 3426 111,
771 3375 900 3430 128..
947 3375 1129 3432 aliisque
1172 3376 1215 3420 in
1260 3377 1366 3421 locis
1414 3391 1484 3434 ap.
1525 3377 1778 3422 Hssmswn.
1812 3400 1867 3410 --
1919 3378 1998 3423 in-
