2158 3750
719 226 899 282 [ΑΒΗ.
939 228 981 280 1.
1052 227 1252 279 ELEG.
1288 226 1381 279 1v.
1802 230 1897 306 ,89

201 367 375 422 longum
406 368 589 425 videtur,
627 375 675 414 ut
705 369 788 426 hic,
819 374 863 415 et
895 370 949 414 de
979 369 1179 425 iucundo,
1210 368 1326 426 quod
1356 369 1552 426 cupimus
1580 378 1677 413 esse
1706 367 1900 421 longum,

199 451 331 504 genio
370 452 672 509 indulgentes,
718 460 768 498 ut
797 455 1015 500 Taunum.
1047 453 1232 513 Adelph.
1264 454 1343 508 lv,
1371 455 1418 509 2,
1448 454 1525 497 52.
1571 450 1808 494 Murrum.
1840 446 1900 500 ΙΙ,

198 537 275 577 89.
333 535 402 581 Cf.
433 537 623 582 Ruunt.
655 537 711 582 ad
747 539 854 582 Rnt.
887 538 1002 595 Lup.
1032 539 1088 593 11,
1122 554 1170 595 p.
1203 542 1308 584 100.
1369 538 1486 583 Nota
1518 541 1744 594 praeterea
1773 536 1898 578 sunt:

198 617 371 668 ducere,
398 621 593 669 trahere,
621 621 871 668 extrahere,
900 620 1150 668 extendere,
1184 621 1379 669 tendere,
1417 620 1615 668 educere,
1652 617 1743 664 vid.
1771 617 1902 660 BUR-

199 713 346 745 mnm.
376 701 433 745 ad
462 702 609 747 Valer.
628 702 696 746 ΕΙ.
717 703 880 757 Argon.
907 701 944 755 Ι,
967 705 1071 746 251.
1102 707 1149 745 et
1172 701 1228 745 ad
1250 702 1376 746 ovid.
1398 702 1510 748 Met.
1531 702 1569 757 1,
1589 704 1694 747 683.
1723 702 1903 744 notante

200 785 329 829 etiam
370 786 581 830 Harmo-
611 809 669 817 —
727 792 984 844 tempora
1027 786 1203 848 sic-ca.
1266 786 1447 830 Confert
1492 786 1897 831 messnmcnms

201 865 357 912 Horat.
386 866 465 921 111,
494 869 569 921 29,
596 870 673 913 20.
714 866 854 910 siccos
884 865 1003 916 dies,
1046 867 1120 911 ubi
1149 867 1237 911 vid.
1268 867 1564 912 Mrrscnnnt..
1625 869 1702 913 Sic
1731 869 1900 926 Σείριος

201 945 377 998 ἀζαλέας
405 949 602 998 Hsssron.
632 951 758 996 Scut-
790 954 892 1013 153.
923 955 970 996 et
998 950 1144 995 siccus
1174 950 1301 994 canis
1329 951 1569 995 Pnopnuw.
1598 951 1656 1004 11,
1679 954 1754 1005 28,
1778 952 1823 994 4.
1840 970 1902 983 ··-

200 1029 255 1075 V.
284 1035 315 1074 7
344 1045 409 1087 sq·
455 1032 668 1078 Bacchi
713 1035 938 1092 proles,
980 1042 1028 1079 et
1055 1035 1266 1090 Veneris,
1305 1040 1355 1079 ut
1395 1035 1591 1092 plerique
1619 1034 1809 1078 tradunt.
1838 1055 1899 1068 --·

199 1112 332 1157 Addit
360 1113 517 1160 deinde
545 1121 675 1173 poeta
698 1116 754 1160 ad
781 1117 1040 1176 pentametri
1060 1122 1258 1162 ornatum
1290 1118 1419 1161 aliam
1442 1130 1597 1162 novam
1627 1116 1896 1172 designatIo·

200 1207 296 1238 nem
327 1197 514 1256 Priapi,
543 1201 614 1243 cui
647 1199 764 1256 quod
804 1202 968 1245 inserta
1007 1206 1110 1245 sunt
1147 1202 1306 1245 verba=
1352 1202 1437 1245 sic
1480 1198 1640 1252 mihi,
1681 1199 1905 1244 offendere

199 1291 285 1322 non
316 1279 527 1336 debebat,
572 1295 670 1327 cum
714 1297 793 1341 per
832 1267 973 1328 totum
1001 1285 1146 1328 locum
1177 1284 1299 1340 quasi
1330 1296 1414 1328 una
1443 1284 1501 1327 sit
1541 1296 1626 1327 uon
1664 1283 1905 1340 interrupta

200 1364 407 1409 orationis
446 1367 726 1423 perpetuitas.
759 1392 820 1402 —
876 1381 1056 1413 curva.
1117 1368 1382 1424 Designatur
1422 1367 1532 1411 deus
1563 1379 1620 1411 ex
1649 1364 1798 1410 habitu
1828 1379 1903 1410 so-

199 1447 354 1503 lemni,
399 1462 533 1505 quare
574 1451 703 1495 etiam
747 1450 969 1508 epitheton
999 1452 1123 1496 falcis
1154 1450 1224 1495 hic
1255 1451 1431 1508 quidem
1469 1462 1526 1494 ex
1556 1462 1708 1493 eorum
1738 1460 1902 1504 genere

201 1541 298 1572 esse
327 1529 502 1586 debuit,
544 1545 656 1588 quae
697 1539 907 1590 perpetua
950 1532 1111 1578 dicunt.
1174 1531 1410 1580 minante,
1454 1532 1571 1589 quod
1602 1532 1794 1577 Vossms
1823 1543 1905 1574 au-

201 1610 350 1656 dacter
378 1614 523 1658 intulit
550 1627 615 1671 pr.
645 1614 712 1658 sic
741 1613 851 1657 mihi
879 1615 1074 1659 scribens
1105 1613 1237 1673 falce
1277 1613 1504 1662 minante,
1551 1613 1635 1658 hoc
1666 1613 1802 1669 igitur
1841 1612 1905 1656 uti

200 1702 351 1753 aptum
380 1697 495 1742 soret
521 1711 651 1756 snpra
674 1699 710 1753 1,
741 1703 779 1754 Ι,
803 1702 875 1743 18.
905 1700 967 1743 ita
995 1700 1184 1744 alienum
1214 1698 1314 1743 dico
1343 1698 1398 1742 ab
1429 1697 1512 1742 hoc
1542 1699 1655 1753 loco,
1690 1695 1764 1739 ubi
1793 1708 1906 1739 non-

201 1779 284 1823 nisi
312 1780 499 1825 maxime
527 1784 747 1847 generalia
775 1784 1077 1840 requiruntur3
1106 1788 1152 1828 at
1181 1781 1298 1839 quod
1329 1782 1499 1827 furibus
1529 1782 1765 1837 avibusque
1794 1792 1900 1838 per-

200 1863 355 1908 niciem
385 1866 572 1910 minatur
598 1866 702 1921 salx,
732 1865 840 1911 haec
869 1867 1070 1924 speciasss
1100 1879 1172 1910 res
1202 1871 1283 1919 est,
1315 1866 1437 1909 cuins
1468 1863 1661 1920 cognitio
1691 1875 1805 1906 nunc
1833 1862 1904 1906 in-

200 1947 332 1992 utilis.
361 1971 418 1983 —
466 1949 785 2007 respoudit.
845 1951 992 2007 Saepe
1023 1950 1271 2005 loquentem
1304 1947 1513 1991 inducunt
1541 1947 1750 2003 Priapum
1779 1950 1905 1989 vete-

199 2046 296 2087 res;
340 2035 464 2078 cuius
493 2035 556 2078 rei
587 2047 797 2090 quaenam
832 2035 999 2079 causa?
1060 2035 1207 2078 Credo
1248 2033 1365 2089 quod
1396 2032 1628 2088 ignobilior
1657 2031 1789 2086 deus,
1830 2031 1905 2087 qui

199 2117 359 2174 ubique
387 2118 432 2162 in
462 2116 596 2162 hortis
635 2123 796 2172 staret,
839 2117 1172 2162 familiaritatem
1205 2116 1416 2172 quandam
1458 2115 1665 2159 maiorem
1693 2127 1794 2158 cum
1823 2111 1906 2157 ho-

198 2200 383 2245 minibus
419 2205 721 2254 contraxerat3
765 2213 900 2256 quare
941 2204 991 2243 ut
1026 2198 1069 2243 hi
1108 2199 1279 2255 saepius
1310 2211 1411 2243 eum
1446 2196 1802 2253 alloquebantur,
1838 2195 1905 2239 ita

199 2282 295 2339 ipse
335 2283 467 2326 etiam
506 2282 679 2325 amabat
719 2281 838 2337 loqui
876 2293 974 2324 cum
1012 2281 1079 2324 iis.
1138 2280 1200 2323 Et
1241 2293 1354 2323 nunc
1394 2279 1569 2335 quidem
1607 2279 1849 2323 consulitur
1877 2291 1905 2321 a

199 2363 404 2417 Tibullo;
443 2376 584 2419 neque
626 2370 769 2409 tamen
810 2365 911 2410 ideo
950 2364 1145 2424 fatidicis*
1165 2364 1247 2408 diis
1277 2365 1497 2409 accenseri
1531 2362 1662 2409 debet
1692 2362 1766 2420 qui
1804 2374 1906 2407 ora-

200 2446 297 2489 cula
328 2459 414 2491 non
442 2445 641 2492 habebat.
668 2470 727 2482 -

757 2597 1090 2654 Praecepta
1131 2595 1343 2654 Priapi.

319 2705 369 2748 Si
399 2705 544 2749 statim
573 2718 622 2750 se
653 2705 884 2751 redderent
914 2707 1036 2763 pueri
1066 2720 1215 2750 omnes
1241 2705 1433 2759 formosi,
1464 2703 1709 2761 praeceptis
1735 2706 1781 2747 et
1806 2705 1903 2746 arte

200 2799 357 2842 magna
387 2801 497 2844 opus
537 2802 623 2833 non
663 2796 807 2845 esset3
842 2803 970 2835 >nunc
999 2796 1143 2835 autem
1175 2804 1309 2847 saepe
1340 2790 1538 2833 difficiles
1569 2793 1668 2831 sunt
1698 2799 1780 2831 nec
1810 2787 1903 2830 sine

200 2883 334 2925 opera
363 2871 600 2915 vincuntur.
661 2873 810 2919 Quare
838 2885 948 2931 opus
978 2875 1239 2931 praeceptis.
1301 2873 1492 2916 Docetur
1520 2871 1654 2926 igitur
1681 2868 1901 2927 quomodo

202 2951 269 2996 vel
299 2952 515 2995 reluctans
548 2966 656 3010 puer
686 2953 859 2999 tandem
889 2955 971 2998 sub
999 2955 1150 3012 iugum
1180 2954 1322 3012 redigi
1355 2955 1510 3013 possit.

320 3036 374 3079 V.
405 3039 556 3083 9-38.
615 3038 998 3096 Praeceptum
1025 3041 1342 3096 generale..
1383 3038 1597 3083 Melius
1625 3036 1704 3081 sit
1732 3033 1905 3080 omni-

202 3134 268 3165 no
313 3135 415 3166 non
459 3122 720 3167 incidere
772 3125 825 3168 in
873 3137 1118 3170 amorem
1169 3138 1502 3183 puerorum,
1554 3124 1661 3168 dicit
1701 3123 1902 3179 Priapus,

203 3207 250 3248 si
299 3211 481 3249 tamen
539 3206 848 3262 incideris,
912 3215 1047 3254 ante
1090 3211 1273 3255 omnia
1316 3208 1649 3254 constantia
1691 3205 1802 3249 tibi
1845 3210 1898 3248 et

206 3289 532 3342 pertinacia
576 3302 737 3345 opus,
786 3304 891 3345 qua
932 3293 1102 3337 etiam
1145 3293 1451 3337 durissima
1493 3295 1783 3349 postremo
1815 3300 1900 3331 su·-

210 3378 497 3426 perantur.
561 3372 679 3417 Non
713 3374 893 3429 igitur
925 3377 1177 3422 absistes
1210 3378 1512 3422 molestiae
1546 3374 1770 3425 taedio,
1802 3371 1898 3415 sed
