2158 3750
683 321 868 372 LlssR.
903 321 971 372 ΙΙ.
1042 319 1247 371 ELEG.
1281 321 1377 372 VI.
1774 330 1876 375 307

174 469 253 523 ΙΙΙ,
284 473 357 513 43.
403 469 584 514 Heroid.
614 469 713 524 XV,
742 472 818 513 88.
850 472 926 512 92.
997 468 1137 511 Porro
1177 466 1233 510 ad
1273 466 1434 509 verbat
1478 466 1608 509 fore
1650 480 1878 523 semper

176 555 383 597 melius
422 555 627 598 Vunmus
669 553 837 596 confert
877 553 975 595 Cic.
1006 552 1147 607 Epist.
1189 550 1246 593 ad
1276 550 1431 593 Famil.
1465 549 1564 602 Vll,
1594 551 1681 591 28:
1736 548 1878 590 Doleo

177 634 248 676 ita
278 650 367 677 rem
398 650 666 678 communem
694 649 788 678 esse
817 634 1052 691 dilapsam,
1084 641 1138 676 ut
1169 647 1223 676 ne
1250 647 1351 690 spes
1383 631 1572 690 quidem,
1603 631 1760 673 melius·
1789 631 1879 672 uli-

181 718 360 776 quundo
381 718 515 775 fore,
540 717 840 775 relinquatur·
901 715 962 758 Et
992 715 1090 758 vide
1121 715 1225 756 illud
1257 715 1523 756 Tnssocm'rt
1556 713 1634 767 IV,
1664 717 1749 757 41:
1780 709 1880 767 τάχ’

182 797 332 857 αὔριον
374 795 508 842 ἔσσετ’
547 796 742 848 ἄμεινον,
789 798 994 841 collatum
1039 811 1064 839 a
1109 797 1441 839 Baoucxnusm
1489 801 1533 838 et
1575 796 1781 840 Hunno.
1820 820 1881 829 —

183 883 324 938 Spes
364 884 475 925 alit
516 881 839 936 agricolas,
881 892 1021 934 genus
1054 877 1272 920 hominum
1306 878 1596 931 laboriosum,
1641 893 1751 933 quos
1781 892 1883 935 spes

184 965 278 1006 sola
328 965 516 1006 tolerare
562 963 732 1005 labores
779 963 966 1005 rusticos
1024 967 1069 1005 et
1115 961 1296 1004 credere
1353 960 1483 1002 docet
1530 962 1660 1004 sulcis
1706 963 1884 1007 semina.

184 1044 294 1086 Mox
335 1045 481 1099 Spes
521 1066 579 1074 —
620 1041 809 1086 credit
849 1066 910 1075 —
951 1043 1157 1086 fenore
1213 1041 1416 1084 reddat
1475 1056 1640 1097 ager,
1703 1046 1886 1088 solemni

185 1142 268 1171 usu
301 1128 483 1171 dicendi.
544 1127 710 1171 Terrae
740 1127 955 1180 creditur,
1003 1124 1111 1169 haec
1157 1126 1301 1168 fidelis
1343 1130 1411 1168 est
1454 1132 1528 1168 aut
1558 1127 1716 1183 infida,
1759 1129 1882 1182 fallit,

184 1216 378 1264 segetem
411 1215 554 1264 negat,
586 1209 770 1252 mendax
801 1213 883 1261 est,
917 1214 962 1250 et
993 1207 1138 1250 reddit
1167 1214 1243 1249 aut
1270 1220 1359 1250 non
1391 1208 1534 1252 reddit
1562 1223 1658 1253 cum
1692 1210 1886 1254 foenore.

184 1294 298 1337 Vide
335 1295 575 1346 Saxi-rrum,
619 1293 990 1335 Bnoucxnnsmu
1021 1305 1119 1334 cum
1154 1292 1344 1334 HssYmo
1388 1293 1443 1335 ad
1476 1292 1516 1335 h.
1547 1295 1602 1347 1.,
1648 1295 1889 1339 HmNsrtm

187 1375 243 1417 ad
275 1347 421 1418 Valer.
451 1375 594 1417 Flacc.
625 1375 661 1427 1,
693 1377 767 1417 69.
801 1374 1099 1423 Mrrscussm..
1132 1372 1187 1414 ad
1220 1373 1375 1416 Horat.
1408 1374 1486 1428 111,
1518 1379 1588 1429 16,
1619 1380 1692 1420 30.
1754 1378 1890 1420 Simi-

191 1459 244 1500 lis
275 1458 438 1501 locutio
470 1470 600 1513 supra
630 1457 744 1499 lecta
773 1455 832 1508 ΙΙ,
857 1459 901 1509 3,
928 1459 1000 1499 62.
1061 1455 1267 1497 Proxime
1294 1456 1462 1498 accedit
1486 1458 1679 1500 Ovmms
1705 1459 1889 1504 Remed.

189 1542 287 1583 Am.
321 1542 431 1582 174:
478 1536 622 1579 Obrue
663 1544 851 1581 versata
883 1536 1084 1579 Cerealia
1125 1536 1294 1578 semina
1325 1545 1473 1584 terra,
1520 1540 1645 1595 Quae
1676 1540 1760 1581 tibi
1790 1557 1891 1583 cum

191 1623 334 1664 multo
365 1621 554 1680 foenore
591 1619 751 1662 reddat
793 1632 917 1676 ager.
976 1617 1067 1660 Sed
1097 1623 1202 1660 nota
1231 1631 1316 1660 res.
1349 1640 1406 1652 —-
1456 1620 1509 1664 V.
1540 1624 1598 1662 23
1630 1635 1724 1677 sqq.
1785 1623 1893 1665 Au-

193 1705 313 1761 cupii
366 1710 411 1747 et
449 1702 716 1760 piscationis
767 1702 930 1744 mentio
977 1714 1056 1743 cur
1105 1700 1332 1756 displiceat
1382 1701 1573 1746 Hermo
1623 1717 1707 1747 non
1763 1706 1893 1748 intel-

194 1790 312 1843 ligo;
354 1793 456 1831 sunt
497 1785 689 1829 homines
730 1798 973 1842 pauperes,
1015 1785 1087 1839 qui
1131 1798 1210 1840 spe
1251 1786 1458 1840 capturae
1499 1787 1688 1829 incertae
1733 1789 1893 1830 victum

195 1877 432 1927 quaerunt,
474 1875 605 1924 atque
638 1870 698 1912 ita
730 1871 921 1912 tolerant
950 1871 1097 1912 vitam.
1157 1869 1261 1910 Cur
1290 1870 1424 1922 igitur
1454 1882 1539 1912 non
1571 1872 1896 1914 accommodata

193 1955 280 1997 sint
324 1953 432 1997 haec
475 1953 710 2008 exempla?
770 1952 839 1995 Ad
881 1953 1038 1994 verba:
1084 1952 1216 1994 Cum
1261 1950 1446 1994 hamos
1491 1953 1722 1996 abdidit
1764 1961 1896 1998 ante

193 2037 358 2079 cibus
397 2036 754 2078 Bnoucxnusms
796 2038 841 2076 et
873 2034 1078 2077 Vum’ms
1121 2032 1234 2075 conf.
1268 2033 1404 2076 Ovm.
1435 2033 1619 2077 Remed.
1651 2037 1747 2078 Am.
1781 2039 1896 2079 210:

193 2117 267 2159 vel
295 2132 410 2176 quae
444 2115 582 2172 piscis
620 2114 737 2156 edax
780 2113 914 2156 avido
956 2113 1072 2154 male
1112 2113 1292 2155 devoret
1327 2129 1428 2162 ore,
1471 2115 1650 2159 Abdere
1680 2120 1898 2174 supremis

195 2215 303 2242 aeru
334 2212 524 2242 recurva
551 2195 673 2239 cibis.
732 2197 895 2241 Verum
923 2209 1107 2251 quaeras
1135 2209 1213 2239 cur
1241 2196 1426 2240 addatur
1460 2197 1568 2242 haec
1595 2213 1666 2243 res
1694 2206 1739 2244 et
1766 2216 1897 2257 quam

196 2283 282 2326 vim
314 2280 470 2324 habeat
497 2280 542 2322 in
582 2280 802 2335 praesenti
835 2280 1063 2322 sententia.
1127 2279 1188 2320 Ut
1219 2279 1450 2334 intelligas,
1481 2281 1566 2335 aio,
1597 2295 1725 2337 quam
1756 2287 1898 2328 tenuis

197 2379 297 2421 spes
337 2365 395 2407 sit
433 2368 478 2406 et
520 2367 724 2417 quantum
758 2373 884 2404 casus
922 2359 994 2403 hic
1033 2360 1189 2403 valeat.
1250 2359 1302 2402 In
1333 2374 1420 2415 quo
1454 2364 1586 2406 etiam
1621 2365 1723 2419 quid
1755 2366 1900 2421 poesis

200 2447 395 2503 postulet
423 2443 739 2488 recordaberis.
797 2442 913 2485 Nam
946 2455 1154 2499 personas
1185 2446 1260 2484 aut
1289 2455 1358 2485 res
1388 2445 1529 2488 varias
1560 2459 1902 2491 commemorans

198 2531 234 2571 si
270 2530 439 2571 colores
480 2527 622 2570 nullos
661 2526 904 2579 addideris,
947 2526 1139 2569 ieiunum
1181 2525 1263 2568 hoc
1304 2528 1387 2569 erit
1420 2532 1464 2570 et
1507 2529 1632 2572 nimis
1663 2531 1822 2574 nudum
1855 2538 1901 2576 et

198 2613 372 2655 minime
402 2611 646 2667 poeticum3
675 2609 820 2664 poesis
849 2608 1146 2663 descriptione
1178 2609 1386 2663 pleniore,
1418 2609 1607 2665 imagine
1633 2611 1903 2657 distinctiore

201 2698 408 2750 cuiusque
436 2695 500 2738 rei
527 2694 780 2737 delectatur.
841 2693 986 2746 Atque
1018 2689 1115 2734 huic
1149 2691 1452 2747 descriptionis
1481 2697 1762 2740 accuratioris
1793 2711 1905 2741 con-

200 2780 296 2822 silio
328 2779 457 2822 etiam
486 2777 745 2821 adiectivum
775 2780 982 2819 tenues
1015 2777 1208 2820 inservit.
1268 2777 1383 2820 Dum
1417 2790 1521 2821 vero
1553 2780 1614 2822 ita
1645 2781 1771 2836 plane
1799 2787 1903 2825 ante

203 2862 354 2903 oculos
381 2860 502 2902 vides
531 2864 666 2902 totam
698 2871 817 2912 rem,
850 2857 955 2912 quid
987 2857 1105 2900 aliud
1139 2870 1268 2912 quam
1300 2858 1443 2914 ipsum
1481 2858 1563 2904 hoc
1596 2875 1734 2916 genus
1764 2864 1905 2908 victus

202 2946 343 2987 tenuis
374 2943 605 2999 quaerendi
634 2942 801 2997 cogitas
829 2942 988 2986 clarius
1021 2947 1066 2986 et
1097 2948 1328 2998 angustam
1361 2944 1575 2990 fortunam
1612 2948 1792 2993 istorum
1825 2948 1906 2993 lio-

203 3026 399 3069 minum?
458 3026 534 3068 Sic
563 3023 751 3068 redimus
795 3023 848 3066 ad
882 3023 924 3066 id
958 3024 1072 3079 quod
1106 3026 1244 3080 primo
1278 3027 1375 3070 loco
1409 3031 1558 3083 posui,
1606 3036 1651 3074 et
1693 3032 1814 3076 vides
1857 3040 1907 3076 ut

207 3110 441 3167 descriptio
483 3111 724 3153 accuratior
762 3110 824 3152 rei
866 3111 1045 3152 consilio
1084 3111 1234 3153 maiori
1272 3113 1458 3156 universi
1505 3116 1590 3158 loci
1623 3116 1802 3172 pulchre
1834 3118 1903 3161 in·-

208 3196 380 3238 serviat.
442 3195 625 3237 Poetam
666 3205 818 3236 sensus
861 3206 964 3235 suus
1006 3193 1133 3237 facile
1181 3194 1310 3238 docet
1342 3197 1446 3251 quid
1478 3211 1642 3254 ponere
1672 3199 1830 3243 debeat
1861 3207 1908 3244 et

212 3278 458 3334 quomodo,
501 3279 712 3333 interpres
747 3278 1003 3333 plerumque
1035 3279 1181 3321 multis
1211 3280 1355 3323 verbis
1387 3294 1498 3337 opus
1529 3280 1660 3326 habet
1690 3283 1734 3326 in
1764 3283 1907 3338 expli-

213 3363 409 3416 catione,
449 3362 563 3405 unde
602 3362 652 3404 fit
690 3366 740 3403 ut
779 3362 913 3416 vulgo
943 3362 1170 3406 subtiliora
1204 3364 1307 3407 talia
1339 3364 1567 3410 videantur
1598 3380 1724 3421 quam
1758 3378 1910 3408 revera

214 3451 326 3489 sunt.
389 3445 471 3489 Est
499 3445 649 3490 eadem
680 3458 751 3490 res
782 3446 825 3489 in
856 3447 1022 3503 reliqua
1064 3447 1435 3503 interpretatione.
1467 3472 1524 3480 —
1574 3450 1719 3504 Spes
1758 3447 1910 3490 sola-

1326 3533 1438 3582 ρο*
