2158 3750
651 252 832 305 LIBR.
875 255 940 306 Π.
1013 255 1216 309 ELEG.
1258 259 1300 309 1.
1727 263 1828 307 219

138 396 253 453 garis
281 396 363 440 fuit
391 396 539 454 opinio
569 402 765 442 veterum
810 412 837 442 e
867 398 1021 442 florum
1051 411 1184 442 succo
1223 410 1366 446 ceram
1407 398 1656 453 lieris-:mel
1684 402 1829 442 autem

135 494 275 525 rorem
317 494 415 524 esse
454 482 576 525 caelo
609 481 831 538 delapsum
846 514 861 536 ,
902 495 1033 538 quem
1074 483 1284 538 colligant
1306 494 1420 539 apes
1457 495 1484 526 e
1529 479 1644 525 foliis
1672 481 1827 524 florum

134 565 444 622 arborumque,
485 566 540 610 cf.
582 567 804 610 Ausa-or.
848 566 966 610 Hist.
994 567 1137 611 Anim.
1167 567 1222 621 V,
1260 570 1336 613 22.
1385 566 1523 611 (ἵεις.
1551 579 1626 623 ap.
1655 565 1827 610 Colum.

132 648 211 702 IX,
244 652 317 694 14.
369 651 508 693 Pam.
544 650 625 703 XI,
665 652 737 694 12.
794 650 925 695 Voss.
964 649 1021 692 ad
1060 651 1187 704 Virg·
1228 651 1396 706 Georg.
1424 650 1504 705 lv,
1533 664 1578 707 p.
1608 651 1701 693 730
1730 660 1830 703 sqq.

132 731 301 777 Quodsi
337 729 420 775 hoc
460 733 559 775 loco
594 732 725 776 flores
761 745 828 788 pr.
858 744 992 776 succo
1031 745 1058 775 e
1087 732 1267 776 floribus
1296 733 1429 777 ducto
1458 733 1646 790 accipie,
1688 732 1825 776 veluti

134 826 220 857 vox
249 819 483 871 usurpatur
514 814 655 859 Vme.
688 813 856 867 Georg.
886 813 965 866 IV,
991 814 1067 857 39.
1099 819 1147 856 et
1177 826 1320 857 ceram
1349 815 1557 869 intelligis
1585 827 1686 858 cum
1715 815 1834 860 Vos-

130 910 227 951 sro,
264 899 436 941 exsistit
461 896 570 940 haec
598 895 869 940 incommoda
907 898 1155 941 sententia:
1203 899 1310 955 Apis
1355 913 1500 942 ceram
1541 900 1739 955 colligit,
1783 903 1835 942 ut

126 983 257 1026 melle
299 982 420 1025 favos
460 981 687 1038 compleat.
758 979 898 1025 Immo
940 981 1110 1024 nonnisi
1159 981 1215 1025 de
1259 983 1390 1026 melle
1437 983 1626 1026 collecto
1670 994 1834 1034 sermo,

128 1069 260 1121 poeta
288 1063 344 1108 de
373 1077 475 1108 cera
503 1065 632 1121 plane
661 1069 851 1120 tacente,
890 1069 941 1109 ut
971 1078 1052 1123 par
1080 1070 1192 1121 erat,
1225 1071 1271 1110 et
1299 1065 1407 1109 illud
1437 1067 1578 1110 solum
1608 1066 1829 1121 cogitante

128 1145 246 1202 quod
286 1148 535 1191 maximum.
595 1149 662 1192 Ac
693 1149 840 1206 flores
880 1149 1083 1195 videntur
1126 1164 1224 1195 esse
1269 1150 1510 1208 particulae
1554 1150 1708 1194 florum
1749 1149 1831 1193 de·-

127 1233 329 1286 cerptae,
358 1229 494 1273 veluti
523 1230 773 1274 Vmeurus
803 1229 909 1274 dicit
942 1232 1109 1288 Georg.
1139 1231 1218 1287 lv,
1248 1235 1330 1276 542
1366 1246 1708 1291 purpureosque
1736 1245 1828 1274 me-

125 1319 236 1355 tunt
267 1313 435 1370 flores,
477 1318 524 1357 et
553 1314 839 1358 conannas
870 1314 927 1360 de
957 1315 1031 1359 Re
1067 1316 1201 1360 Rust.
1228 1315 1309 1369 IX,
1341 1317 1424 1358 14:
1468 1313 1646 1357 idoneos
1677 1312 1829 1356 decer-

120 1400 242 1451 punt
258 1395 404 1451 flores
421 1401 563 1453 atque
589 1394 716 1438 intra
740 1402 866 1438 tecta
892 1403 1189 1453 comportant.
1250 1397 1345 1440 Has
1375 1410 1490 1440 nunc
1518 1396 1679 1451 ingerit
1706 1397 1831 1439 alveo

124 1476 220 1532 apis
247 1481 299 1519 ut
325 1477 412 1520 mel
442 1477 665 1532 abstergat
694 1490 722 1520 e
751 1477 879 1522 eaelo
905 1476 1150 1534 delapsum,
1179 1478 1263 1521 nisi
1291 1477 1414 1522 dicas
1436 1490 1614 1521 succum
1644 1475 1829 1529 extrahi,

125 1563 172 1601 et
211 1556 325 1602 hunc
352 1571 434 1615 pro
470 1559 600 1602 melle
638 1557 833 1603 habitum
863 1570 893 1602 a
931 1557 1112 1604 Tibullo
1153 1563 1307 1603 contra
1346 1573 1616 1604 communem
1657 1559 1831 1615 opinio-

123 1654 236 1686 nem.
298 1643 443 1698 Atque
483 1641 592 1687 haec
633 1641 856 1687 haetenus.
884 1665 948 1677 —-
1002 1642 1096 1687 Sed
1139 1644 1345 1701 perlectis
1383 1644 1566 1698 singulis
1609 1647 1830 1699 postremo

125 1727 255 1770 etiam
297 1726 490 1770 ordinem
535 1726 739 1782 attende,
788 1733 920 1783 quem
956 1731 1091 1786 poeta
1129 1727 1176 1772 iu
1218 1726 1299 1772 hac
1329 1727 1621 1784 descriptione
1650 1729 1826 1769 secutus

124 1813 206 1852 est.
265 1808 376 1852 Cum
404 1814 507 1853 ante
536 1809 617 1853 feri
645 1810 788 1854 victus
815 1809 1025 1864 finissent,
1066 1808 1111 1855 h.
1141 1822 1184 1853 e.
1215 1822 1314 1853 cum
1343 1814 1445 1853 ante
1476 1808 1668 1853 homines
1700 1809 1825 1863 glan-

123 1893 228 1947 des,
274 1893 456 1949 arbuta,
499 1908 634 1938 corna
676 1894 966 1939 comedissent
1006 1899 1053 1940 et
1089 1893 1245 1939 herbas
1282 1895 1423 1949 feras,
1471 1893 1680 1938 bibissent
1720 1902 1827 1934 vero

122 1988 300 2031 aquam,
339 1976 539 2020 Tibullus
569 1975 636 2020 his
664 1977 852 2034 primum
881 1977 1064 2034 opponit
1093 1979 1259 2022 consita
1288 1990 1420 2035 poma
1450 1981 1496 2020 et
1525 1977 1645 2020 olera
1674 1973 1832 2020 horto-.

52 2098 56 2102 ,
121 2071 217 2102 rum
248 2062 294 2102 et
321 2058 444 2113 vina,
485 2063 579 2103 tum
608 2059 892 2115 exquisitiora
932 2060 1127 2104 ciborum
1157 2074 1322 2116 genera
1351 2063 1685 2113 commemorat,
1731 2057 1824 2101 fru-

122 2148 311 2186 mentum
352 2148 399 2186 et
439 2143 552 2197 mel,
595 2142 723 2186 simul
759 2143 949 2186 suaviter
979 2145 1110 2187 etiam
1144 2143 1244 2187 anni
1272 2148 1470 2201 tempora
1499 2143 1619 2187 varia
1655 2141 1823 2196 signifi-

71 2228 75 2231 ’
121 2238 254 2279 cans3
296 2238 396 2269 nam
441 2238 539 2269 cum
579 2225 794 2270 vindemia
835 2231 1068 2271 auctumno
1106 2229 1208 2282 fiat,
1253 2227 1410 2271 deinde
1450 2239 1638 2271 messem
1677 2223 1826 2268 laudat

120 2313 245 2351 aestu
271 2309 379 2351 solis
407 2312 454 2351 et
481 2308 744 2352 mellificium
773 2322 968 2352 vernum.
998 2332 1058 2342 —-
1102 2310 1158 2353 V.
1185 2313 1366 2352 51-66.
1427 2310 1490 2353 In
1526 2308 1698 2352 laude
1737 2319 1827 2350 ru-

121 2390 204 2434 ris
242 2394 461 2433 tractat
500 2403 647 2434 nunc
685 2390 1000 2436 secundam
1041 2403 1230 2435 rerum
1275 2395 1522 2447 partem,
1569 2403 1715 2446 quae
1761 2389 1828 2432 de

120 2472 344 2515 artibus
384 2477 490 2517 est.
549 2473 700 2528 Rure,
742 2474 832 2528 ait,
881 2480 999 2518 artes
1030 2475 1220 2519 musicae
1256 2475 1457 2518 inventae
1488 2487 1570 2518 nec
1599 2486 1686 2517 non
1716 2473 1824 2518 sim-

121 2555 326 2612 pliciores
357 2569 520 2609 earum,
552 2569 666 2611 quae
696 2555 754 2599 ad
784 2558 982 2613 corporis
1011 2558 1175 2600 cultum
1203 2562 1250 2600 et
1280 2562 1478 2600 ornatum
1507 2557 1736 2613 pertinent.
1761 2575 1822 2587 —-

119 2639 175 2682 V.
204 2642 261 2681 51
293 2651 388 2694 sqq.
448 2639 750 2692 Agricola,
792 2639 880 2692 ait,
922 2645 1023 2695 post
1053 2640 1271 2694 laborem,
1302 2646 1402 2696 post
1431 2653 1613 2685 coenam
1642 2639 1699 2683 ad
1729 2652 1825 2684 mu-

116 2722 232 2766 sicos
261 2722 381 2764 lusus
409 2734 672 2777 conversus,
715 2721 793 2766 has
831 2727 949 2767 artes
989 2724 1180 2778 invenit3
1222 2725 1395 2781 peperit
1425 2737 1500 2767 eas
1529 2724 1718 2767 studium
1747 2736 1819 2767 re-

116 2804 347 2848 creationis
387 2818 445 2848 ex
484 2818 619 2862 opere
658 2812 706 2851 et
734 2806 929 2852 hilaritas
969 2810 1104 2854 saturi
1147 2810 1193 2852 in
1233 2809 1352 2852 victu
1392 2809 1587 2852 meliore.
1647 2807 1822 2854 Verba:

117 2885 356 2930 assiduo
400 2888 651 2932 satiatus
693 2894 892 2934 aratro
937 2890 976 2934 si
1021 2890 1077 2936 de
1120 2891 1267 2935 taedio
1308 2892 1532 2936 molestiae
1570 2891 1819 2947 accipimus,

118 2968 251 3011 veluti
293 2968 566 3014 Huscnxms
597 2971 742 3019 Cicer.
774 2986 841 3030 pr.
881 2975 1005 3018 Sulla
1047 2989 1086 3020 c.
1123 2979 1198 3019 32.
1238 2975 1412 3020 laudat:
1458 2982 1504 3017 te
1544 2974 1691 3031 ipsum
1730 2972 1823 3017 iam

122 3051 349 3108 Torquate
376 3050 605 3107 expletum
632 3067 727 3096 esse
757 3053 896 3098 huius
929 3055 1120 3099 miseriis
1143 3071 1236 3114 par
1272 3065 1403 3106 erat,
1446 3059 1510 3101 sic
1540 3058 1703 3113 igitur,
1751 3058 1818 3101 in-

118 3145 273 3189 quam,
319 3134 527 3180 dissimile
573 3142 642 3181 est
679 3152 868 3195 sequens
908 3148 1069 3190 satur,
1117 3141 1234 3198 quod
1264 3147 1408 3187 tamen
1437 3147 1697 3198 cognatum,
1741 3155 1823 3187 nec

119 3217 262 3271 placet
290 3217 335 3261 in
366 3218 495 3262 laude
526 3220 639 3264 ruris
664 3219 721 3264 de
745 3222 946 3266 molestia
974 3222 1136 3269 laboris
1165 3225 1313 3269 rustici
1345 3225 1455 3279 dici;
1488 3225 1630 3282 potius
1649 3229 1819 3280 gratum

120 3304 186 3342 est
216 3300 388 3345 rusticis
416 3307 633 3358 aratrum,
674 3310 724 3348 ut
754 3304 866 3350 bene
901 3306 1103 3352 observat
1133 3309 1541 3354 Wuunnnmcmus
1573 3320 1826 3364 comparans

123 3382 259 3427 Viae.
293 3383 399 3429 Aen.
432 3385 531 3439 vn,
561 3389 676 3431 635:
724 3387 811 3430 huc
851 3388 989 3432 omnis
1033 3390 1182 3434 aratri
1216 3389 1344 3433 cessit
1388 3403 1525 3432 amor.
1588 3389 1734 3434 Quare
1766 3388 1826 3429 ita
