2158 3750
690 279 872 331 LIBR.
906 281 948 331 1.
1018 280 1221 357 ELEG.
1256 282 1350 334 w.
1778 289 1874 336 139

181 425 262 464 est.
323 422 518 466 Maxime
559 422 603 468 d.
633 421 798 468 XXIV.
835 422 967 465 Mart.
1010 422 1103 465 dies
1146 423 1368 478 sanguinis
1410 422 1510 466 inde
1549 422 1703 466 dictus.
1766 425 1878 468 Vide

184 503 557 546 Buoucxnusmn
589 509 634 547 et
664 505 896 547 Vnum.
926 527 986 535 —·
1015 506 1229 559 inulta,
1259 507 1353 549 sine
1382 507 1495 548 malo
1526 511 1571 548 et
1600 507 1754 549 damno
1785 520 1880 560 sno,

186 589 301 640 quod
336 589 530 631 miraculi
559 590 657 631 loco
687 588 879 640 affertur,
910 602 1006 632 cum
1040 593 1206 632 tantum
1234 590 1391 632 femina
1421 590 1615 632 effundat
1645 590 1879 644 sauguinis.

183 671 359 725 Optime
400 671 590 713 Vossms
633 668 818 711 innoxia
859 669 915 721 ll,
953 673 998 722 5,
1039 673 1112 713 63.
1161 674 1439 726 comparavit.
1500 673 1707 716 Videmus
1746 674 1882 728 igitur

184 755 433 797 sacerdotes
462 755 671 808 sanguine
701 766 781 795 suo
811 755 1023 808 sparsisse
1052 755 1223 808 signum
1257 756 1390 809 deae,
1433 758 1660 811 gaudentis
1688 756 1771 800 hoc
1802 756 1882 800 ho-

184 850 378 879 nore.—-
413 836 467 879 V.
498 838 556 878 49
581 849 647 890 sq.
678 835 930 888 Statque
962 836 1116 880 latus
1145 837 1412 892 praefixa
1443 852 1605 892 veru,
1640 841 1758 881 tenui
1788 840 1884 880 lan-

183 920 332 972 ceola,
380 918 563 960 Hssxmr
595 916 727 959 verba
765 921 888 968 sunt,
934 920 1077 958 cutem
1108 930 1135 958 a
1167 919 1316 972 sagina
1353 919 1571 962 diductam
1603 922 1790 973 traiicit‚
1836 926 1883 962 ut

182 1008 423 1044 transversa
450 1013 554 1056 prae
584 1001 720 1042 latere
751 1005 851 1042 stet.
911 1000 1124 1054 Faciunt,
1167 1002 1271 1044 dicit
1305 1003 1536 1056 VULPwS,
1581 1017 1880 1058 nonnunquam

182 1090 230 1127 et
270 1082 463 1126 hodierni
506 1085 876 1140 praestigiatores.
939 1085 1007 1128 Ad
1050 1087 1413 1130 constructionem
1446 1086 1667 1129 confertur
1698 1088 1879 1129 Vacua.

172 1166 349 1211 rchc.
379 1166 415 1218 Ι,
444 1169 532 1209 837
547 1182 560 1209 z
600 1166 746 1224 galeis
783 1155 997 1223 praefixa
1052 1168 1221 1211 domus.
1283 1170 1487 1212 Ceterum
1518 1183 1622 1212 veru
1655 1174 1721 1212 est
1753 1170 1883 1211 telum

183 1253 300 1293 teres
330 1263 428 1293 cum
458 1251 576 1293 tenui
605 1263 824 1294 mucrone.
853 1274 915 1284 -
960 1259 1170 1307 monet,
1215 1255 1485 1296 notissimum
1528 1254 1582 1296 de
1624 1253 1706 1295 diis
1742 1252 1886 1295 futura

181 1335 552 1390 significantibus,
574 1335 1036 1398 ⁴css'gssnoucnmsum
1068 1342 1112 1380 et
1142 1338 1197 1380 ad
1229 1338 1355 1381 Ovid.
1387 1338 1496 1380 Met.
1529 1338 1584 1391 ll,
1611 1340 1714 1379 639.
1757 1337 1885 1378 Run-

184 1433 333 1463 unm.
375 1419 577 1462 laudante
608 1419 814 1464 Harma.
845 1446 906 1453 —
957 1423 1100 1476 Atque
1145 1421 1251 1465 baec
1297 1421 1530 1472 hactenus3
1578 1421 1776 1462 absoluta
1819 1424 1886 1461 est

185 1502 448 1558 descriptio,
484 1503 606 1546 cuius
641 1503 868 1546 consilium
898 1507 1108 1558 apertum.
1170 1504 1301 1546 Ritus
1333 1504 1443 1545 enim
1477 1502 1690 1544 terribiles
1722 1500 1887 1543 descri-

186 1585 308 1638 bens,
337 1598 492 1628 numen
524 1586 719 1629 terribile
747 1585 856 1630 deae
887 1588 1052 1630 ultricis
1082 1587 1323 1639 adumbrat,
1367 1587 1488 1629 cuius
1519 1586 1654 1627 minas
1687 1589 1886 1626 narratu-

185 1679 259 1710 rus
290 1674 356 1710 est
390 1681 560 1722 graves.
621 1668 908 1712 Consuluerat
949 1669 1219 1712 sacerdotem
1249 1682 1381 1724 super
1422 1681 1569 1710 amore
1603 1672 1646 1709 et
1677 1667 1764 1708 fide
1796 1667 1885 1708 De-

187 1749 286 1802 liae,
316 1749 539 1804 respondit
565 1763 617 1793 ea
642 1763 756 1805 quae
777 1756 1106 1805 sequuntur.-
1137 1751 1193 1794 V.
1208 1754 1264 1793 51
1284 1765 1377 1805 sqq.
1409 1751 1499 1793 vio
1516 1751 1660 1802 lare,
1691 1758 1883 1803 tangere,

187 1833 309 1888 quasi
351 1846 532 1876 sacram.
561 1857 623 1864 —
665 1834 903 1877 Parcite
946 1835 1197 1888 violare,
1241 1839 1290 1877 ut
1333 1835 1564 1883 φείδεσθαι
1610 1848 1646 1876 c.
1679 1834 1887 1875 infinitivo

186 1917 348 1958 Graeci
375 1915 538 1960 dicunt.
597 1915 690 1958 Res
719 1921 838 1968 uota,
869 1915 924 1959 cf.
956 1916 1067 1958 infra
1095 1916 1250 1969 111‚·5,
1282 1920 1406 1959 6.-
1438 1920 1570 1971 post
1601 1914 1889 1956 didicisse

184 2000 277 2042 scil.
302 1999 358 2042 ab
388 2001 549 2042 Amore
580 2012 676 2042 eam
705 1998 925 2042 custodiri.
949 2022 1011 2030 —
1039 1999 1356 2054 Attigerit‚
1387 1998 1427 2040 h.
1460 2011 1501 2042 e.
1533 1999 1566 2040 si
1600 1998 1696 2052 quis
1727 1999 1889 2051 attige-

183 2083 243 2124 rit
272 2081 484 2137 puellam,
514 2080 760 2123 dilabentur
787 2093 894 2137 opes
925 2081 1032 2125 eius.
1093 2081 1259 2135 Figura
1289 2081 1512 2138 aptissima
1543 2081 1585 2123 in
1617 2080 1757 2123 vivida
1789 2093 1890 2122 ora-

183 2165 302 2207 tione
347 2165 531 2208 Graecis
572 2164 828 2219 Latinisque
870 2165 1055 2218 usitata3
1093 2162 1256 2223 ,γοργόν
1303 2166 1450 2222 σχῆμα
1493 2167 1666 2207 Graece
1713 2164 1888 2206 dixeris.

184 2245 292 2301 Egit
331 2246 388 2289 de
427 2259 481 2289 ea
510 2246 915 2290 Wunnssumcmus
955 2261 1089 2303 supra
1130 2248 1183 2290 ad
1226 2261 1266 2291 v.
1299 2251 1395 2301 37„
1445 2248 1715 2291 Huscnxms
1747 2246 1801 2288 ad
1833 2247 1890 2299 Π,

183 2333 230 2383 3,
258 2333 330 2373 79.
385 2330 568 2373 Bswn..
596 2331 652 2373 ad
687 2331 844 2375 Horat.
875 2332 969 2375 Sat.
999 2332 1058 2386 11,
1088 2336 1131 2385 6,
1161 2334 1236 2374 48.
1298 2332 1567 2375 ΗΕιΝυοιιΒ.
1600 2330 1655 2372 ad
1689 2330 1823 2372 Satir.
1856 2328 1890 2380 I,

188 2414 232 2465 1,
261 2415 334 2455 45.
396 2413 567 2456 Graeca
609 2414 808 2469 exempla
851 2413 949 2456 vide
990 2426 1061 2469 ap.
1102 2413 1297 2456 MATTH.
1338 2413 1392 2455 ad
1424 2413 1575 2468 Eurip.
1610 2412 1754 2454 Orest.
1787 2411 1890 2452 635.

187 2497 304 2539 etin
337 2497 573 2540 Grammat.
605 2511 648 2553 p.
690 2500 821 2540 1292.
884 2497 1093 2540 Habetur
1122 2498 1254 2551 vulgo
1301 2494 1514 2554 attigeris
1556 2493 1746 2537 secunda
1791 2505 1894 2547 per-

188 2593 319 2634 sona,
361 2585 504 2623 tamen
545 2580 762 2635 antiquior
791 2581 920 2623 lectio
953 2579 1163 2637 attigerit
1196 2580 1292 2624 fuit.
1353 2581 1419 2622 De
1454 2580 1686 2622 omissione
1729 2588 1892 2632 prono-

187 2665 313 2708 minis
343 2662 511 2722 aliquia
539 2663 583 2706 in
613 2664 857 2706 universum
889 2667 1071 2715 constat,
1103 2662 1200 2704 vide
1231 2662 1500 2704 Hssmnonr.
1536 2661 1591 2702 ad
1618 2660 1770 2701 Horat.
1797 2660 1890 2702 Sat.

186 2746 224 2799 1,
254 2748 297 2796 4,
327 2748 400 2788 79.
432 2744 727 2788 Hunsmenn.
758 2744 906 2788 Praef.
937 2744 992 2786 ad
1025 2745 1116 2786 Cic.
1149 2744 1203 2786 de
1235 2745 1323 2788 Off.
1356 2760 1398 2800 p.
1417 2745 1558 2786 XLV.
1588 2744 1891 2786 Hormus-1312.

189 2828 245 2871 ad
269 2828 362 2871 Cic.
385 2829 441 2872 de
463 2829 560 2881 Div.
583 2828 619 2882 Ι,
645 2830 720 2870 29.
763 2829 1013 2872 ἫοΡΚΕΝε.
1047 2828 1191 2872 Lectt.
1224 2828 1340 2870 Tull.
1376 2843 1417 2884 p.
1446 2832 1487 2871 2.
1518 2829 1615 2871 Cic.
1645 2827 1774 2870 Acad.
1795 2827 1829 2880 Ι,
1851 2831 1892 2871 1.

189 2913 245 2956 de
275 2913 370 2955 Fin.
400 2912 459 2965 ll,
489 2916 534 2956 7.
561 2920 673 2956 extr.
704 2912 781 2965 lv,
811 2915 884 2955 28.
916 2912 971 2965 V,
1001 2914 1074 2954 30.
1137 2911 1293 2955 Collat.
1326 2912 1523 2955 Omvn'r.
1564 2911 1719 2966 Eclog.
1753 2912 1894 2953 Cicer.

193 3010 235 3052 p.
267 2998 361 3037 182.
395 2994 462 3038 ed.
496 3007 583 3038 sec.
617 2994 817 3049 Hottiug·
879 2994 1006 3040 Quae
1034 2993 1210 3048 quidem
1244 3006 1329 3036 non
1361 2995 1516 3036 slmilia
1549 2992 1647 3036 huic
1677 2994 1893 3049 praesenti

190 3083 292 3121 sunt
340 3077 564 3133 exempla,
615 3082 758 3120 tamen
806 3078 936 3121 etiam
978 3077 1048 3120 bic
1089 3082 1192 3134 apta
1234 3078 1406 3122 videtur
1448 3078 1577 3120 tertia
1624 3090 1808 3133 persona
1852 3082 1894 3119 et

191 3162 336 3216 gravis
377 3163 420 3204 in
461 3161 619 3204 affectu
661 3160 738 3203 tali
783 3158 940 3214 (ric'hrt
979 3158 1101 3201 einer
1141 3173 1226 3206 an,
1274 3160 1338 3202 ist
1369 3175 1416 3201 er
1447 3158 1804 3217 ungliickliclzl).
1836 3181 1894 3190 —

193 3244 422 3287 Postremo
474 3249 660 3300 tangere
711 3240 935 3283 mulierem
990 3242 1217 3286 notissimo
1265 3256 1346 3287 usu
1398 3243 1556 3285 dicitur
1610 3246 1660 3285 ut
1714 3242 1897 3284 Graecis

196 3321 439 3379 θιγγάνειν,
485 3324 539 3368 cf.
585 3325 852 3369 Hfflnnonr.
891 3325 946 3368 ad
991 3326 1144 3374 Horat.
1185 3331 1277 3372 Sat.
1311 3329 1347 3381 1·,
1376 3331 1419 3380 2,
1450 3330 1524 3370 28.
1589 3327 1795 3369 Senum.
1841 3325 1894 3366 ad

198 3408 422 3452 Musaeum
454 3424 495 3465 p·
525 3412 628 3453 204.
663 3432 716 3441 —
750 3414 808 3451 ut
839 3411 1074 3455 vulnere
1101 3417 1302 3455 nostro
1326 3409 1568 3464 sanguis
1603 3409 1694 3451 scil.
1726 3407 1894 3450 labitur.
