2158 3750
707 287 886 339 LIBR.
926 288 963 337 l.
1038 280 1235 339 ELEG.
1275 289 1365 339 vl.
1775 294 1874 342 451

179 445 201 473 a
244 431 654 475 Ml‘rscnssamcmo
697 429 751 474 ad
794 431 945 475 Horat.
985 430 1064 483 111,
1099 434 1168 483 15,
1216 434 1309 483 13„
1357 431 1432 474 ubi
1471 430 1622 476 similis
1652 430 1787 475 loeus.
1821 455 1876 465 -

178 518 421 560 stamina
458 522 614 560 torta
650 515 837 570 ducit,
875 517 946 558 tila
978 515 1095 559 ducit
1126 516 1180 559 de
1210 517 1333 571 colo,
1373 529 1486 572 quae
1514 521 1688 573 torquet
1716 515 1878 573 digitis.

176 597 275 642 Non
306 606 375 643 est
403 601 538 655 igitur
567 600 756 644 otiosum
780 598 1002 656 epitheton
1035 607 1173 648 torta,
1203 600 1282 644 sed
1314 601 1456 657 placet
1487 603 1615 660 plena
1643 601 1878 660 descriptio

175 684 311 726 tristis
350 683 541 738 negotii,
587 683 948 738 quemadmodum
995 684 1149 728 eadem
1194 685 1251 728 de
1297 698 1426 728 causa
1473 698 1552 742 per
1597 690 1686 729 tres
1731 697 1880 729 versus

176 771 306 819 poeta
336 767 575 809 universam
604 766 777 808 vetulae
814 766 1013 808 textricis
1055 779 1233 822 operam
1275 767 1470 822 partibus
1509 769 1599 812 suis
1641 768 1698 812 ob
1729 767 1879 812 oculos

175 847 310 900 ponit.
373 846 502 892 Quod
533 859 638 889 vero
675 852 793 889 totus
824 847 947 889 locus
976 847 1199 889 consilium
1245 846 1399 902 habet,
1442 850 1558 893 idem
1602 852 1643 894 in
1683 851 1880 906 singulo-

174 942 268 971 rum
292 940 495 971 versuum
521 929 717 971 oratione
745 927 894 971 debuit
921 928 1118 985 exprimi.
1137 952 1194 959 —
1226 929 1417 986 inops,
1452 944 1555 987 prae
1574 933 1733 988 inopia,
1764 934 1880 987 quod

173 1015 303 1054 etiam
343 1011 399 1054 ad
428 1011 654 1065 sequentia
685 1010 984 1067 repetendum.
1056 1009 1178 1054 Talis
1221 1016 1288 1054 est
1327 1008 1436 1068 γυνή
1475 1015 1696 1070 χερνῆτις,
1740 1015 1882 1059 nendo

176 1094 305 1136 vitam
349 1106 574 1149 quaerens.
605 1116 667 1127 —
721 1094 776 1138 V.
808 1097 883 1138 79.
925 1094 1061 1138 licia
1105 1099 1206 1137 sunt
1251 1095 1443 1150 vincula,
1490 1096 1648 1151 quibus
1687 1102 1882 1142 textores

172 1178 352 1220 stamina
383 1177 500 1220 telae
529 1180 765 1220 annectunt
795 1175 900 1231 (der
933 1176 1155 1232 Trumm).
1187 1198 1247 1208 -
1277 1176 1472 1231 firma,
1504 1176 1724 1234 epitheton
1757 1191 1881 1222 usum

172 1259 368 1302 liciorum
397 1258 605 1312 indicans,
636 1258 781 1314 qualia
815 1257 948 1312 vulgo
979 1262 1191 1314 perpetua
1220 1257 1449 1314 dicuntur-3
1481 1272 1593 1303 nnnc
1618 1273 1721 1303 vero
1751 1261 1880 1314 inest,

171 1347 221 1383 ut
260 1341 376 1395 dixi,
425 1341 608 1384 acerbus
649 1353 893 1395 sarcasmus
933 1341 981 1383 in
1019 1338 1100 1384 hac
1134 1347 1339 1384 accurata
1381 1355 1526 1385 rerum
1571 1342 1879 1398 descriptione.

171 1427 248 1470 Sic
277 1427 406 1470 etiam
434 1424 517 1469 hoc
544 1424 767 1482 epitheton
793 1437 880 1468 non
911 1424 1117 1468 otiosum.
1145 1448 1202 1455 —
1248 1425 1537 1479 adnectit,
1569 1425 1669 1469 nihil
1700 1427 1882 1470 interest

172 1515 315 1553 utrum
344 1510 443 1553 licia
471 1510 583 1563 telis,
613 1522 668 1552 an
698 1509 814 1552 telae
845 1508 953 1552 lIciis
984 1510 1156 1551 annecti
1184 1508 1398 1561 dicantur,
1429 1514 1608 1551 notante
1639 1509 1879 1552 WUNDER-

174 1607 332 1636 memo
368 1606 466 1636 cum
496 1593 688 1646 Vossro3
727 1604 841 1635 nunc
873 1589 981 1632 licia
1016 1589 1136 1632 telae
1165 1589 1330 1632 addere
1360 1591 1513 1634 eodem
1544 1591 1674 1634 modo
1704 1605 1731 1634 a
1765 1593 1880 1635 Vm-

173 1691 302 1721 mmo
331 1679 498 1732 Georg.
527 1677 564 1730 1,
589 1679 695 1720 285.
735 1675 896 1719 dictum
928 1676 1173 1719 observant.
1212 1699 1269 1706 —
1312 1675 1647 1730 Tractaque
1694 1675 1758 1717 de
1803 1676 1881 1716 ni-

173 1775 275 1805 veo
307 1762 533 1804 vellere
562 1760 756 1814 ducta,
801 1759 842 1804 h.
877 1773 915 1804 e.
960 1765 1099 1803 tracta
1129 1760 1277 1814 lanae,
1319 1759 1560 1814 manipulos
1601 1759 1750 1811 lanae,
1802 1756 1881 1800 sed

173 1845 516 1902 amplificationis
546 1858 677 1888 causa
705 1845 1103 1900 circumscriptione
1132 1845 1282 1888 utitur.
1315 1867 1372 1874 —
1420 1848 1610 1900 putat,
1654 1843 1876 1895 carminat,

174 1934 332 1984 purgat
372 1941 399 1970 a
437 1927 660 1981 sordibus,
713 1928 829 1982 quod
873 1928 1006 1971 fiebat
1046 1929 1176 1972 dente
1219 1929 1388 1981 ferreo,
1441 1930 1632 1971 carmine
1677 1928 1882 1981 dentat03

171 2013 344 2054 Graece
385 2024 456 2054 res
495 2005 767 2068 κροκοὸὑζευν
806 2009 977 2053 dicitur.
1043 2009 1235 2066 Exponit
1275 2009 1404 2052 docte
1447 2009 1502 2052 de
1543 2008 1607 2052 his
1639 1990 1880 2052 Sumam

172 2096 226 2139 ad
259 2095 300 2140 h.
333 2097 363 2140 l.
394 2119 452 2127 —-
493 2097 547 2140 V.
576 2099 632 2138 81
666 2108 762 2151 sqq.
794 2095 981 2139 animo
1014 2095 1337 2150 gaudente,
1368 2094 1455 2138 vid.
1487 2095 1542 2138 ad
1573 2095 1609 2149 I,
1639 2098 1685 2149 2,
1714 2098 1788 2139 89.
1819 2117 1880 2126 --

171 2181 553 2234 iuvenumque
594 2182 898 2225 catervae,
941 2177 1127 2220 observa
1167 2177 1498 2220 collocationem
1539 2175 1692 2220 horum
1723 2176 1883 2220 verbo-

171 2276 292 2317 rum,
333 2264 378 2307 in
409 2262 644 2307 secundum
673 2262 912 2307 membrum
943 2272 1062 2316 qnae
1086 2260 1274 2313 reiecta,
1305 2259 1360 2303 cf.
1392 2259 1446 2301 ad
1478 2259 1514 2313 1,
1542 2263 1587 2313 2,
1612 2262 1686 2304 42.
1748 2259 1882 2302 Cete-

172 2361 268 2391 rum
297 2347 479 2390 simiiem
512 2346 655 2388 locum
697 2343 940 2387 Iloua-rus
981 2340 1112 2384 habet
1140 2342 1220 2395 IV,
1252 2344 1324 2395 13,
1353 2343 1412 2384 26
1444 2354 1539 2396 sqq.
1570 2363 1630 2372 -
1678 2353 1880 2393 senem,

174 2445 252 2489 per
302 2430 618 2487 appositionem
666 2440 765 2471 cnm
814 2427 859 2470 vi
905 2426 1142 2470 adiectum.
1190 2446 1249 2457 —
1318 2438 1387 2468 ex
1439 2425 1560 2466 alto
1613 2423 1879 2466 sublimis

174 2515 418 2569 Olympo
459 2515 718 2567 spectat,
762 2510 916 2566 gravia
951 2509 1086 2552 verba
1128 2512 1174 2551 et
1210 2509 1338 2564 plena
1380 2507 1615 2562 dignitatis.
1689 2506 1739 2549 In
1771 2518 1880 2549 voce

173 2595 376 2640 sublimis
405 2606 612 2652 expressa
645 2605 743 2637 cum
781 2589 1027 2647 contemtu,
1055 2591 1288 2649 snperbia,
1318 2590 1562 2647 despiciens
1592 2590 1688 2633 dea.
1751 2589 1879 2633 Conf.

174 2681 319 2724 celsus
348 2679 533 2723 Hon'r.
565 2679 658 2722 Art.
688 2677 743 2724 P.
771 2689 814 2719 v.
844 2679 976 2731 342,
1009 2673 1113 2718 alta
1143 2675 1281 2718 Ovm.
1310 2674 1419 2716 Met.
1450 2673 1525 2726 VI,
1559 2675 1659 2715 169.
1686 2693 1741 2705 -
1774 2685 1879 2715 mo·-

174 2770 294 2818 net,
324 2761 406 2806 hac
438 2762 534 2819 ipsa
565 2772 708 2817 poena
737 2773 763 2802 a
794 2772 842 2803 se
870 2759 1089 2813 immissa,
1127 2758 1256 2801 nullis
1288 2757 1463 2800 fletibus
1494 2763 1538 2799 et
1570 2755 1771 2813 precibus
1801 2769 1877 2800 ce-

175 2847 319 2890 dente.
376 2845 607 2894 Postremo
647 2842 703 2886 ad
744 2847 885 2885 totum
915 2842 1059 2886 locum
1093 2840 1370 2894 observabis,
1420 2839 1502 2882 etsi
1534 2837 1640 2882 haec
1671 2838 1880 2882 indirecte

177 2930 475 2985 proponuntur
505 2925 684 2979 Deliae,
711 2937 841 2980 qnam
871 2929 1014 2969 tamen
1047 2924 1157 2968 dura
1187 2929 1234 2966 et
1261 2922 1420 2966 acerba
1450 2923 1562 2976 sint,
1593 2934 1674 2965 nec
1707 2922 1881 2979 posuis—

175 3018 244 3054 set
294 3011 397 3054 talia
449 3011 492 3052 in
544 3005 912 3053 antecedentibus*
959 3006 1247 3061 carminibus,
1305 3018 1403 3048 cum
1455 3002 1673 3061 pulchrius
1719 2996 1883 3047 amaret

177 3094 378 3151 puellam.

296 3175 352 3220 V.
375 3177 449 3217 85.
479 3176 552 3217 86.
613 3170 838 3217 Exitus.
899 3173 1135 3218 clandit
1165 3174 1410 3229 elegiam
1443 3173 1702 3229 simplici
1733 3178 1882 3225 voto,

177 3263 235 3300 ut
263 3261 446 3301 ratum
477 3257 606 3310 fiat,
647 3254 798 3310 quod
828 3255 1002 3312 cupit.
1031 3276 1092 3292 --
1137 3255 1376 3309 cadant,
1424 3256 1647 3309 eveniant,
1694 3260 1742 3297 ut
1773 3253 1884 3296 infra

179 3340 237 3393 ll,
266 3343 311 3394 2,
351 3343 453 3394 17„
496 3339 574 3383 nbi
612 3337 669 3382 cf.
709 3338 958 3392 Varum,
996 3343 1046 3381 nt
1088 3336 1172 3382 hoc
1209 3339 1309 3382 loco
1351 3339 1739 3381 Bnoucxnnsmn.
1800 3336 1884 3378 Est

182 3422 403 3466 translatio
442 3434 474 3464 a·
506 3421 688 3465 tesseris
731 3419 889 3475 ducta,
931 3420 987 3465 cf.
1028 3420 1245 3466 Tanaum.
1289 3419 1472 3476 Adelph.
1518 3420 1593 3470 lv,
1626 3424 1668 3472 7,
1699 3421 1754 3459 21
1787 3429 1882 3470 sqq.

1346 3511 1408 3554 10
