<?xml version="1.0" encoding="UTF-8"?>
<!DOCTYPE html PUBLIC "-//W3C//DTD XHTML 1.0 Transitional//EN"
    "http://www.w3.org/TR/xhtml1/DTD/xhtml1-transitional.dtd">
<html xmlns="http://www.w3.org/1999/xhtml" xml:lang="en" lang="en">
 <head>
  <title>
</title>
<meta http-equiv="Content-Type" content="text/html;charset=utf-8" />
  <meta name='ocr-system' content='tesseract 3.04.00' />
  <meta name='ocr-capabilities' content='ocr_page ocr_carea ocr_par ocr_line ocrx_word'/>
</head>
<body>
  <div class='ocr_page' id='page_1' title='image "./carminaexrecensi01tibuuoft_0665.png"; bbox 0 0 2158 3750; ppageno 0'>
   <div class='ocr_carea' id='block_1_1' title="bbox 677 291 1872 350">
    <p class='ocr_par' dir='ltr' id='par_1_1' title="bbox 677 291 1872 350">
     <span class='ocr_line' id='line_1_1' title="bbox 677 291 1872 350; baseline -0.003 -5"><span class='ocrx_word' id='word_1_1' title='bbox 677 294 861 350; x_wconf 86' lang='lat' dir='ltr'><strong>LIBR.</strong></span> <span class='ocrx_word' id='word_1_2' title='bbox 899 294 991 348; x_wconf 86' lang='grc' dir='ltr'><strong>ΠΙ.</strong></span> <span class='ocrx_word' id='word_1_3' title='bbox 1063 291 1267 346; x_wconf 73' lang='lat' dir='ltr'><strong>ELEG.</strong></span> <span class='ocrx_word' id='word_1_4' title='bbox 1303 293 1395 344; x_wconf 87' lang='grc' dir='ltr'><strong>ΙΙΙ.</strong></span> <span class='ocrx_word' id='word_1_5' title='bbox 1772 299 1872 342; x_wconf 82' lang='lat'><strong>333</strong></span> 
     </span>
    </p>
   </div>
   <div class='ocr_carea' id='block_1_2' title="bbox 792 616 1239 672">
    <p class='ocr_par' dir='ltr' id='par_1_2' title="bbox 792 616 1239 672">
     <span class='ocr_line' id='line_1_2' title="bbox 792 616 1239 672; baseline -0.002 -2"><span class='ocrx_word' id='word_1_6' title='bbox 792 616 1239 672; x_wconf 83' lang='lat' dir='ltr'><strong>EXPLICATIO.</strong></span> 
     </span>
    </p>
   </div>
   <div class='ocr_carea' id='block_1_3' title="bbox 149 846 1874 2818">
    <p class='ocr_par' dir='ltr' id='par_1_3' title="bbox 162 846 1874 1232">
     <span class='ocr_line' id='line_1_3' title="bbox 287 846 1874 904; baseline -0.001 -12"><span class='ocrx_word' id='word_1_7' title='bbox 287 850 343 894; x_wconf 87' lang='lat' dir='ltr'><strong>V.</strong></span> <span class='ocrx_word' id='word_1_8' title='bbox 387 852 539 893; x_wconf 77' lang='lat'><strong>1-26.</strong></span> <span class='ocrx_word' id='word_1_9' title='bbox 611 849 799 891; x_wconf 85' lang='lat' dir='ltr'><strong>Prima</strong></span> <span class='ocrx_word' id='word_1_10' title='bbox 844 860 979 904; x_wconf 86' lang='lat' dir='ltr'><strong>pars</strong></span> <span class='ocrx_word' id='word_1_11' title='bbox 1029 846 1323 890; x_wconf 80' lang='lat' dir='ltr'><strong>carminis.</strong></span> <span class='ocrx_word' id='word_1_12' title='bbox 1398 846 1676 892; x_wconf 65' lang='lat' dir='ltr'><strong>Quen-itur</strong></span> <span class='ocrx_word' id='word_1_13' title='bbox 1726 846 1874 902; x_wconf 81' lang='lat' dir='ltr'><strong>quod</strong></span> 
     </span>
     <span class='ocr_line' id='line_1_4' title="bbox 169 927 1870 987; baseline 0.001 -16"><span class='ocrx_word' id='word_1_14' title='bbox 169 928 314 972; x_wconf 85' lang='lat' dir='ltr'><strong>nihil</strong></span> <span class='ocrx_word' id='word_1_15' title='bbox 370 931 599 987; x_wconf 81' lang='lat' dir='ltr'><strong>prosint</strong></span> <span class='ocrx_word' id='word_1_16' title='bbox 655 933 789 971; x_wconf 78' lang='lat' dir='ltr'><strong>vota</strong></span> <span class='ocrx_word' id='word_1_17' title='bbox 845 928 1004 971; x_wconf 83' lang='lat' dir='ltr'><strong>facta</strong></span> <span class='ocrx_word' id='word_1_18' title='bbox 1052 927 1165 971; x_wconf 89' lang='lat' dir='ltr'><strong>diis</strong></span> <span class='ocrx_word' id='word_1_19' title='bbox 1211 932 1458 983; x_wconf 86' lang='lat' dir='ltr'><strong>turaque</strong></span> <span class='ocrx_word' id='word_1_20' title='bbox 1506 929 1711 971; x_wconf 87' lang='lat' dir='ltr'><strong>oblata</strong></span> <span class='ocrx_word' id='word_1_21' title='bbox 1761 941 1870 972; x_wconf 87' lang='lat' dir='ltr'><strong>non</strong></span> 
     </span>
     <span class='ocr_line' id='line_1_5' title="bbox 165 1010 1871 1070; baseline -0.002 -15"><span class='ocrx_word' id='word_1_22' title='bbox 165 1013 503 1055; x_wconf 88' lang='lat' dir='ltr'><strong>divitiarum</strong></span> <span class='ocrx_word' id='word_1_23' title='bbox 533 1023 728 1065; x_wconf 82' lang='lat' dir='ltr'><strong>causa,</strong></span> <span class='ocrx_word' id='word_1_24' title='bbox 757 1010 860 1070; x_wconf 60' lang='lat' dir='ltr'><strong>§ed</strong></span> <span class='ocrx_word' id='word_1_25' title='bbox 890 1016 950 1053; x_wconf 87' lang='lat' dir='ltr'><strong>ut</strong></span> <span class='ocrx_word' id='word_1_26' title='bbox 979 1010 1201 1053; x_wconf 85' lang='lat' dir='ltr'><strong>Neaera</strong></span> <span class='ocrx_word' id='word_1_27' title='bbox 1232 1010 1483 1065; x_wconf 81' lang='lat' dir='ltr'><strong>coniuge</strong></span> <span class='ocrx_word' id='word_1_28' title='bbox 1515 1010 1630 1053; x_wconf 86' lang='lat' dir='ltr'><strong>frui</strong></span> <span class='ocrx_word' id='word_1_29' title='bbox 1663 1011 1871 1064; x_wconf 82' lang='lat' dir='ltr'><strong>liceat3</strong></span> 
     </span>
     <span class='ocr_line' id='line_1_6' title="bbox 163 1094 1867 1150; baseline 0.001 -14"><span class='ocrx_word' id='word_1_30' title='bbox 163 1107 282 1136; x_wconf 86' lang='lat' dir='ltr'><strong>nam</strong></span> <span class='ocrx_word' id='word_1_31' title='bbox 323 1094 550 1137; x_wconf 89' lang='lat' dir='ltr'><strong>divitiis</strong></span> <span class='ocrx_word' id='word_1_32' title='bbox 592 1107 652 1137; x_wconf 90' lang='lat' dir='ltr'><strong>se</strong></span> <span class='ocrx_word' id='word_1_33' title='bbox 692 1094 803 1139; x_wconf 78' lang='lat' dir='ltr'><strong>non</strong></span> <span class='ocrx_word' id='word_1_34' title='bbox 831 1094 1051 1147; x_wconf 73' lang='lat' dir='ltr'><strong>iuvari,</strong></span> <span class='ocrx_word' id='word_1_35' title='bbox 1094 1106 1306 1150; x_wconf 90' lang='lat' dir='ltr'><strong>cupere</strong></span> <span class='ocrx_word' id='word_1_36' title='bbox 1346 1106 1479 1136; x_wconf 89' lang='lat' dir='ltr'><strong>vero</strong></span> <span class='ocrx_word' id='word_1_37' title='bbox 1519 1095 1758 1137; x_wconf 85' lang='lat' dir='ltr'><strong>maxime</strong></span> <span class='ocrx_word' id='word_1_38' title='bbox 1799 1095 1867 1137; x_wconf 89' lang='lat' dir='ltr'><strong>il-</strong></span> 
     </span>
     <span class='ocr_line' id='line_1_7' title="bbox 162 1175 1444 1232; baseline 0.002 -15"><span class='ocrx_word' id='word_1_39' title='bbox 162 1177 269 1220; x_wconf 91' lang='lat' dir='ltr'><strong>lum</strong></span> <span class='ocrx_word' id='word_1_40' title='bbox 312 1176 456 1219; x_wconf 87' lang='lat' dir='ltr'><strong>diem</strong></span> <span class='ocrx_word' id='word_1_41' title='bbox 496 1177 724 1230; x_wconf 85' lang='lat' dir='ltr'><strong>videre,</strong></span> <span class='ocrx_word' id='word_1_42' title='bbox 765 1176 861 1232; x_wconf 87' lang='lat' dir='ltr'><strong>qui</strong></span> <span class='ocrx_word' id='word_1_43' title='bbox 901 1175 1183 1219; x_wconf 77' lang='lat' dir='ltr'><strong>Neaeram</strong></span> <span class='ocrx_word' id='word_1_44' title='bbox 1224 1176 1444 1221; x_wconf 89' lang='lat' dir='ltr'><strong>reddat.</strong></span> 
     </span>
    </p>

    <p class='ocr_par' dir='ltr' id='par_1_4' title="bbox 149 1259 1864 2818">
     <span class='ocr_line' id='line_1_8' title="bbox 282 1259 1864 1316; baseline 0.001 -14"><span class='ocrx_word' id='word_1_45' title='bbox 282 1259 338 1303; x_wconf 88' lang='lat' dir='ltr'><strong>V.</strong></span> <span class='ocrx_word' id='word_1_46' title='bbox 372 1263 394 1301; x_wconf 89' lang='lat' dir='ltr'>l</span> <span class='ocrx_word' id='word_1_47' title='bbox 427 1273 524 1314; x_wconf 91' lang='lat' dir='ltr'><strong>sqq.</strong></span> <span class='ocrx_word' id='word_1_48' title='bbox 586 1260 805 1303; x_wconf 88' lang='lat' dir='ltr'><strong>caelum</strong></span> <span class='ocrx_word' id='word_1_49' title='bbox 846 1261 1001 1303; x_wconf 84' lang='lat' dir='ltr'><strong>votis</strong></span> <span class='ocrx_word' id='word_1_50' title='bbox 1042 1261 1329 1316; x_wconf 84' lang='lat' dir='ltr'><strong>implesse.</strong></span> <span class='ocrx_word' id='word_1_51' title='bbox 1390 1261 1598 1303; x_wconf 74' lang='lat' dir='ltr'><strong>Vumus</strong></span> <span class='ocrx_word' id='word_1_52' title='bbox 1642 1264 1687 1303; x_wconf 90' lang='lat' dir='ltr'><strong>et</strong></span> <span class='ocrx_word' id='word_1_53' title='bbox 1717 1260 1864 1304; x_wconf 70' lang='lat' dir='ltr'><strong>Wun-</strong></span> 
     </span>
     <span class='ocr_line' id='line_1_9' title="bbox 164 1343 1862 1402; baseline 0.001 -19"><span class='ocrx_word' id='word_1_54' title='bbox 164 1355 450 1386; x_wconf 77' lang='lat' dir='ltr'><strong>nssnmcnms</strong></span> <span class='ocrx_word' id='word_1_55' title='bbox 487 1349 742 1400; x_wconf 86' lang='lat' dir='ltr'><strong>comparant</strong></span> <span class='ocrx_word' id='word_1_56' title='bbox 770 1344 911 1387; x_wconf 72' lang='lat' dir='ltr'><strong>Vme.</strong></span> <span class='ocrx_word' id='word_1_57' title='bbox 955 1346 1064 1386; x_wconf 84' lang='lat' dir='ltr'><strong>Aen.</strong></span> <span class='ocrx_word' id='word_1_58' title='bbox 1095 1343 1176 1396; x_wconf 80' lang='lat' dir='ltr'><strong>IX,</strong></span> <span class='ocrx_word' id='word_1_59' title='bbox 1213 1346 1297 1387; x_wconf 78' lang='lat'><strong>24:</strong></span> <span class='ocrx_word' id='word_1_60' title='bbox 1349 1343 1641 1402; x_wconf 81' lang='lat' dir='ltr'><strong>oneravitque</strong></span> <span class='ocrx_word' id='word_1_61' title='bbox 1671 1343 1862 1385; x_wconf 80' lang='lat' dir='ltr'><strong>aethera</strong></span> 
     </span>
     <span class='ocr_line' id='line_1_10' title="bbox 161 1426 1863 1484; baseline 0.002 -18"><span class='ocrx_word' id='word_1_62' title='bbox 161 1426 297 1471; x_wconf 75' lang='lat' dir='ltr'><strong>votis.</strong></span> <span class='ocrx_word' id='word_1_63' title='bbox 358 1427 468 1470; x_wconf 83' lang='lat' dir='ltr'><strong>Mox</strong></span> <span class='ocrx_word' id='word_1_64' title='bbox 499 1427 720 1469; x_wconf 87' lang='lat' dir='ltr'><strong>Blanda</strong></span> <span class='ocrx_word' id='word_1_65' title='bbox 753 1432 879 1470; x_wconf 86' lang='lat' dir='ltr'><strong>tura</strong></span> <span class='ocrx_word' id='word_1_66' title='bbox 909 1433 1008 1470; x_wconf 86' lang='lat' dir='ltr'><strong>suut</strong></span> <span class='ocrx_word' id='word_1_67' title='bbox 1037 1428 1359 1481; x_wconf 76' lang='lat' dir='ltr'><strong>suaveolentia,</strong></span> <span class='ocrx_word' id='word_1_68' title='bbox 1405 1427 1562 1482; x_wconf 86' lang='lat' dir='ltr'><strong>quibus</strong></span> <span class='ocrx_word' id='word_1_69' title='bbox 1593 1428 1651 1470; x_wconf 90' lang='lat' dir='ltr'><strong>dii</strong></span> <span class='ocrx_word' id='word_1_70' title='bbox 1683 1429 1863 1484; x_wconf 88' lang='lat' dir='ltr'><strong>placan-</strong></span> 
     </span>
     <span class='ocr_line' id='line_1_11' title="bbox 161 1509 1864 1556; baseline 0.002 -4"><span class='ocrx_word' id='word_1_71' title='bbox 161 1515 244 1553; x_wconf 86' lang='lat' dir='ltr'><strong>tur.</strong></span> <span class='ocrx_word' id='word_1_72' title='bbox 306 1510 453 1554; x_wconf 87' lang='lat' dir='ltr'><strong>Etiam</strong></span> <span class='ocrx_word' id='word_1_73' title='bbox 484 1509 668 1554; x_wconf 87' lang='lat' dir='ltr'><strong>hostiam</strong></span> <span class='ocrx_word' id='word_1_74' title='bbox 696 1509 909 1553; x_wconf 81' lang='lat' dir='ltr'><strong>blandam</strong></span> <span class='ocrx_word' id='word_1_75' title='bbox 934 1512 1021 1555; x_wconf 88' lang='lat' dir='ltr'><strong>dici</strong></span> <span class='ocrx_word' id='word_1_76' title='bbox 1049 1517 1237 1555; x_wconf 89' lang='lat' dir='ltr'><strong>notatur.</strong></span> <span class='ocrx_word' id='word_1_77' title='bbox 1300 1512 1482 1554; x_wconf 84' lang='lat' dir='ltr'><strong>Confert</strong></span> <span class='ocrx_word' id='word_1_78' title='bbox 1512 1513 1717 1556; x_wconf 69' lang='lat' dir='ltr'><strong>Vunpms</strong></span> <span class='ocrx_word' id='word_1_79' title='bbox 1744 1513 1864 1555; x_wconf 89' lang='lat' dir='ltr'><strong>Pro-</strong></span> 
     </span>
     <span class='ocr_line' id='line_1_12' title="bbox 159 1593 1860 1648; baseline 0.002 -14"><span class='ocrx_word' id='word_1_80' title='bbox 159 1597 269 1648; x_wconf 86' lang='lat' dir='ltr'><strong>pert.</strong></span> <span class='ocrx_word' id='word_1_81' title='bbox 299 1594 378 1646; x_wconf 86' lang='lat' dir='ltr'><strong>IV,</strong></span> <span class='ocrx_word' id='word_1_82' title='bbox 407 1596 454 1646; x_wconf 80' lang='lat'><strong>6,</strong></span> <span class='ocrx_word' id='word_1_83' title='bbox 479 1597 525 1637; x_wconf 86' lang='lat'><strong>5.</strong></span> <span class='ocrx_word' id='word_1_84' title='bbox 560 1593 698 1635; x_wconf 83' lang='lat' dir='ltr'><strong>Ovm.</strong></span> <span class='ocrx_word' id='word_1_85' title='bbox 727 1593 847 1637; x_wconf 86' lang='lat' dir='ltr'><strong>Fast.</strong></span> <span class='ocrx_word' id='word_1_86' title='bbox 884 1594 939 1647; x_wconf 90' lang='lat' dir='ltr'><strong>V,</strong></span> <span class='ocrx_word' id='word_1_87' title='bbox 970 1597 1076 1636; x_wconf 84' lang='lat'><strong>300.</strong></span> <span class='ocrx_word' id='word_1_88' title='bbox 1107 1594 1291 1637; x_wconf 70' lang='lat' dir='ltr'><strong>HoRA‘r.</strong></span> <span class='ocrx_word' id='word_1_89' title='bbox 1322 1594 1403 1647; x_wconf 92' lang='lat' dir='ltr'><strong>III,</strong></span> <span class='ocrx_word' id='word_1_90' title='bbox 1429 1597 1504 1648; x_wconf 84' lang='lat'><strong>23,</strong></span> <span class='ocrx_word' id='word_1_91' title='bbox 1538 1599 1610 1636; x_wconf 85' lang='lat'><strong>18.</strong></span> <span class='ocrx_word' id='word_1_92' title='bbox 1638 1618 1689 1625; x_wconf 92' lang='lat'>-</span> <span class='ocrx_word' id='word_1_93' title='bbox 1723 1607 1860 1637; x_wconf 89' lang='lat' dir='ltr'><strong>mar-</strong></span> 
     </span>
     <span class='ocr_line' id='line_1_13' title="bbox 158 1674 1860 1732; baseline 0 -14"><span class='ocrx_word' id='word_1_94' title='bbox 158 1677 338 1719; x_wconf 89' lang='lat' dir='ltr'><strong>morei</strong></span> <span class='ocrx_word' id='word_1_95' title='bbox 369 1674 660 1732; x_wconf 83' lang='lat' dir='ltr'><strong>prodirem</strong></span> <span class='ocrx_word' id='word_1_96' title='bbox 692 1688 718 1718; x_wconf 95' lang='lat' dir='ltr'><strong>e</strong></span> <span class='ocrx_word' id='word_1_97' title='bbox 760 1675 957 1718; x_wconf 85' lang='lat' dir='ltr'><strong>limine</strong></span> <span class='ocrx_word' id='word_1_98' title='bbox 997 1675 1155 1718; x_wconf 89' lang='lat' dir='ltr'><strong>tecti.</strong></span> <span class='ocrx_word' id='word_1_99' title='bbox 1219 1675 1774 1732; x_wconf 69' lang='lat' dir='ltr'><strong>Circumscriptio&#39;poefica</strong></span> <span class='ocrx_word' id='word_1_100' title='bbox 1805 1676 1860 1720; x_wconf 86' lang='lat' dir='ltr'><strong>ad</strong></span> 
     </span>
     <span class='ocr_line' id='line_1_14' title="bbox 157 1761 1860 1818; baseline -0.001 -14"><span class='ocrx_word' id='word_1_101' title='bbox 157 1762 481 1818; x_wconf 87' lang='lat' dir='ltr'><strong>amplitudinem</strong></span> <span class='ocrx_word' id='word_1_102' title='bbox 521 1761 722 1804; x_wconf 77' lang='lat' dir='ltr'><strong>fortunae</strong></span> <span class='ocrx_word' id='word_1_103' title='bbox 763 1761 1005 1804; x_wconf 81' lang='lat' dir='ltr'><strong>luculenter</strong></span> <span class='ocrx_word' id='word_1_104' title='bbox 1043 1761 1381 1815; x_wconf 84' lang='lat' dir='ltr'><strong>significandam.</strong></span> <span class='ocrx_word' id='word_1_105' title='bbox 1455 1763 1690 1818; x_wconf 83' lang='lat' dir='ltr'><strong>Comparat</strong></span> <span class='ocrx_word' id='word_1_106' title='bbox 1733 1763 1860 1806; x_wconf 80' lang='lat' dir='ltr'><strong>Vun-</strong></span> 
     </span>
     <span class='ocr_line' id='line_1_15' title="bbox 157 1842 1859 1898; baseline -0.001 -11"><span class='ocrx_word' id='word_1_107' title='bbox 157 1857 257 1888; x_wconf 73' lang='lat' dir='ltr'><strong>pms</strong></span> <span class='ocrx_word' id='word_1_108' title='bbox 289 1846 369 1887; x_wconf 85' lang='lat' dir='ltr'><strong>Sil.</strong></span> <span class='ocrx_word' id='word_1_109' title='bbox 399 1845 497 1887; x_wconf 83' lang='lat' dir='ltr'><strong>Ital.</strong></span> <span class='ocrx_word' id='word_1_110' title='bbox 522 1843 599 1898; x_wconf 90' lang='lat' dir='ltr'><strong>v1‚</strong></span> <span class='ocrx_word' id='word_1_111' title='bbox 624 1846 726 1886; x_wconf 80' lang='lat'><strong>442.</strong></span> <span class='ocrx_word' id='word_1_112' title='bbox 756 1842 889 1885; x_wconf 85' lang='lat' dir='ltr'><strong>verba</strong></span> <span class='ocrx_word' id='word_1_113' title='bbox 919 1842 1111 1885; x_wconf 85' lang='lat' dir='ltr'><strong>Marciae</strong></span> <span class='ocrx_word' id='word_1_114' title='bbox 1141 1843 1196 1885; x_wconf 89' lang='lat' dir='ltr'><strong>ad</strong></span> <span class='ocrx_word' id='word_1_115' title='bbox 1227 1843 1449 1898; x_wconf 85' lang='lat' dir='ltr'><strong>Regulum</strong></span> <span class='ocrx_word' id='word_1_116' title='bbox 1479 1846 1705 1888; x_wconf 88' lang='lat' dir='ltr'><strong>maritum:</strong></span> <span class='ocrx_word' id='word_1_117' title='bbox 1743 1847 1859 1891; x_wconf 84' lang='lat' dir='ltr'><strong>Tua,</strong></span> 
     </span>
     <span class='ocr_line' id='line_1_16' title="bbox 154 1925 1859 1986; baseline 0.001 -17"><span class='ocrx_word' id='word_1_118' title='bbox 154 1925 343 1984; x_wconf 80' lang='lat' dir='ltr'><strong>respice,</strong></span> <span class='ocrx_word' id='word_1_119' title='bbox 385 1925 511 1969; x_wconf 73' lang='lat' dir='ltr'><strong>sedes</strong></span> <span class='ocrx_word' id='word_1_120' title='bbox 541 1927 674 1968; x_wconf 86' lang='lat' dir='ltr'><strong>Haec</strong></span> <span class='ocrx_word' id='word_1_121' title='bbox 702 1933 793 1974; x_wconf 74' lang='lat' dir='ltr'><strong>est,</strong></span> <span class='ocrx_word' id='word_1_122' title='bbox 834 1925 952 1966; x_wconf 82' lang='lat' dir='ltr'><strong>unde</strong></span> <span class='ocrx_word' id='word_1_123' title='bbox 991 1925 1149 1984; x_wconf 80' lang='lat' dir='ltr'><strong>ingens</strong></span> <span class='ocrx_word' id='word_1_124' title='bbox 1178 1927 1376 1969; x_wconf 74' lang='lat' dir='ltr'><strong>humeris</strong></span> <span class='ocrx_word' id='word_1_125' title='bbox 1406 1927 1704 1986; x_wconf 78' lang='lat' dir='ltr'><strong>fulgentibus</strong></span> <span class='ocrx_word' id='word_1_126' title='bbox 1736 1936 1859 1970; x_wconf 75' lang='lat' dir='ltr'><strong>ostro</strong></span> 
     </span>
     <span class='ocr_line' id='line_1_17' title="bbox 158 2008 1860 2067; baseline 0 -13"><span class='ocrx_word' id='word_1_127' title='bbox 158 2010 327 2054; x_wconf 76' lang='lat' dir='ltr'><strong>Vidisti</strong></span> <span class='ocrx_word' id='word_1_128' title='bbox 354 2013 516 2052; x_wconf 78' lang='lat' dir='ltr'><strong>Latios</strong></span> <span class='ocrx_word' id='word_1_129' title='bbox 544 2008 702 2051; x_wconf 76' lang='lat' dir='ltr'><strong>consul</strong></span> <span class='ocrx_word' id='word_1_130' title='bbox 721 2008 958 2064; x_wconf 81' lang='lat' dir='ltr'><strong>procedere</strong></span> <span class='ocrx_word' id='word_1_131' title='bbox 979 2008 1154 2067; x_wconf 77' lang='lat' dir='ltr'><strong>fasces.</strong></span> <span class='ocrx_word' id='word_1_132' title='bbox 1218 2010 1381 2052; x_wconf 86' lang='lat' dir='ltr'><strong>Contra</strong></span> <span class='ocrx_word' id='word_1_133' title='bbox 1413 2010 1469 2054; x_wconf 87' lang='lat' dir='ltr'><strong>de</strong></span> <span class='ocrx_word' id='word_1_134' title='bbox 1500 2011 1704 2067; x_wconf 88' lang='lat' dir='ltr'><strong>pauperis</strong></span> <span class='ocrx_word' id='word_1_135' title='bbox 1731 2011 1860 2054; x_wconf 90' lang='lat' dir='ltr'><strong>domo</strong></span> 
     </span>
     <span class='ocr_line' id='line_1_18' title="bbox 152 2091 1857 2147; baseline -0.002 -9"><span class='ocrx_word' id='word_1_136' title='bbox 152 2094 336 2138; x_wconf 72' lang='lat' dir='ltr'><strong>HoBAT.</strong></span> <span class='ocrx_word' id='word_1_137' title='bbox 367 2095 463 2139; x_wconf 81' lang='lat' dir='ltr'><strong>Sat.</strong></span> <span class='ocrx_word' id='word_1_138' title='bbox 493 2093 552 2147; x_wconf 89' lang='lat' dir='ltr'><strong>II,</strong></span> <span class='ocrx_word' id='word_1_139' title='bbox 582 2098 625 2147; x_wconf 81' lang='lat'><strong>7,</strong></span> <span class='ocrx_word' id='word_1_140' title='bbox 659 2096 740 2135; x_wconf 78' lang='lat'><strong>12:</strong></span> <span class='ocrx_word' id='word_1_141' title='bbox 788 2092 905 2134; x_wconf 82' lang='lat' dir='ltr'><strong>unde</strong></span> <span class='ocrx_word' id='word_1_142' title='bbox 946 2091 1152 2134; x_wconf 80' lang='lat' dir='ltr'><strong>mundior</strong></span> <span class='ocrx_word' id='word_1_143' title='bbox 1193 2093 1335 2134; x_wconf 84' lang='lat' dir='ltr'><strong>exiret</strong></span> <span class='ocrx_word' id='word_1_144' title='bbox 1379 2091 1455 2135; x_wconf 80' lang='lat' dir='ltr'><strong>vix</strong></span> <span class='ocrx_word' id='word_1_145' title='bbox 1497 2091 1736 2135; x_wconf 77' lang='lat' dir='ltr'><strong>libertinus</strong></span> <span class='ocrx_word' id='word_1_146' title='bbox 1776 2092 1857 2134; x_wconf 76' lang='lat' dir='ltr'><strong>ho-</strong></span> 
     </span>
     <span class='ocr_line' id='line_1_19' title="bbox 151 2175 1854 2234; baseline -0.002 -13"><span class='ocrx_word' id='word_1_147' title='bbox 151 2187 288 2222; x_wconf 76' lang='lat' dir='ltr'><strong>neste.</strong></span> <span class='ocrx_word' id='word_1_148' title='bbox 320 2201 376 2211; x_wconf 91' lang='lat'>—</span> <span class='ocrx_word' id='word_1_149' title='bbox 409 2179 565 2222; x_wconf 85' lang='lat' dir='ltr'><strong>clara</strong></span> <span class='ocrx_word' id='word_1_150' title='bbox 595 2179 788 2221; x_wconf 91' lang='lat' dir='ltr'><strong>domus</strong></span> <span class='ocrx_word' id='word_1_151' title='bbox 816 2183 884 2221; x_wconf 90' lang='lat' dir='ltr'><strong>est</strong></span> <span class='ocrx_word' id='word_1_152' title='bbox 914 2179 1166 2232; x_wconf 83' lang='lat' dir='ltr'><strong>magnifica,</strong></span> <span class='ocrx_word' id='word_1_153' title='bbox 1197 2182 1248 2220; x_wconf 89' lang='lat' dir='ltr'><strong>ut</strong></span> <span class='ocrx_word' id='word_1_154' title='bbox 1277 2181 1426 2234; x_wconf 86' lang='lat' dir='ltr'><strong>patet,</strong></span> <span class='ocrx_word' id='word_1_155' title='bbox 1460 2189 1558 2219; x_wconf 91' lang='lat' dir='ltr'><strong>cum</strong></span> <span class='ocrx_word' id='word_1_156' title='bbox 1591 2175 1660 2219; x_wconf 89' lang='lat' dir='ltr'><strong>hic</strong></span> <span class='ocrx_word' id='word_1_157' title='bbox 1693 2175 1747 2218; x_wconf 92' lang='lat' dir='ltr'><strong>de</strong></span> <span class='ocrx_word' id='word_1_158' title='bbox 1779 2188 1854 2218; x_wconf 86' lang='lat' dir='ltr'><strong>so-</strong></span> 
     </span>
     <span class='ocr_line' id='line_1_20' title="bbox 150 2259 1855 2318; baseline -0.004 -12"><span class='ocrx_word' id='word_1_159' title='bbox 150 2265 204 2307; x_wconf 90' lang='lat' dir='ltr'><strong>lis</strong></span> <span class='ocrx_word' id='word_1_160' title='bbox 232 2263 392 2306; x_wconf 83' lang='lat' dir='ltr'><strong>divitiis</strong></span> <span class='ocrx_word' id='word_1_161' title='bbox 424 2268 594 2318; x_wconf 84' lang='lat' dir='ltr'><strong>agatur.</strong></span> <span class='ocrx_word' id='word_1_162' title='bbox 668 2263 872 2306; x_wconf 88' lang='lat' dir='ltr'><strong>Ceterum</strong></span> <span class='ocrx_word' id='word_1_163' title='bbox 915 2262 1085 2305; x_wconf 82' lang='lat' dir='ltr'><strong>confert</strong></span> <span class='ocrx_word' id='word_1_164' title='bbox 1126 2262 1346 2305; x_wconf 68' lang='lat' dir='ltr'><strong>Hermus</strong></span> <span class='ocrx_word' id='word_1_165' title='bbox 1394 2261 1535 2302; x_wconf 89' lang='lat' dir='ltr'><strong>Cicer.</strong></span> <span class='ocrx_word' id='word_1_166' title='bbox 1581 2260 1669 2302; x_wconf 84' lang='lat' dir='ltr'><strong>Off.</strong></span> <span class='ocrx_word' id='word_1_167' title='bbox 1702 2259 1736 2311; x_wconf 84' lang='lat'><strong>1,</strong></span> <span class='ocrx_word' id='word_1_168' title='bbox 1767 2262 1855 2301; x_wconf 83' lang='lat'><strong>39:</strong></span> 
     </span>
     <span class='ocr_line' id='line_1_21' title="bbox 154 2341 1855 2401; baseline -0.004 -13"><span class='ocrx_word' id='word_1_169' title='bbox 154 2348 232 2388; x_wconf 87' lang='lat' dir='ltr'><strong>Cn.</strong></span> <span class='ocrx_word' id='word_1_170' title='bbox 265 2343 452 2387; x_wconf 81' lang='lat' dir='ltr'><strong>Octavio</strong></span> <span class='ocrx_word' id='word_1_171' title='bbox 481 2343 639 2386; x_wconf 79' lang='lat' dir='ltr'><strong>honori</strong></span> <span class='ocrx_word' id='word_1_172' title='bbox 657 2342 813 2401; x_wconf 77' lang='lat' dir='ltr'><strong>fuisse</strong></span> <span class='ocrx_word' id='word_1_173' title='bbox 843 2343 1120 2400; x_wconf 76' lang='lat' dir='ltr'><strong>accepimus,</strong></span> <span class='ocrx_word' id='word_1_174' title='bbox 1154 2343 1275 2400; x_wconf 84' lang='lat' dir='ltr'><strong>quod</strong></span> <span class='ocrx_word' id='word_1_175' title='bbox 1297 2341 1584 2398; x_wconf 68' lang='lat' dir='ltr'><strong>praeclaram</strong></span> <span class='ocrx_word' id='word_1_176' title='bbox 1615 2341 1855 2395; x_wconf 74' lang='lat' dir='ltr'><strong>aecltficas-</strong></span> 
     </span>
     <span class='ocr_line' id='line_1_22' title="bbox 152 2424 1857 2483; baseline -0.002 -14"><span class='ocrx_word' id='word_1_177' title='bbox 152 2435 219 2470; x_wconf 77' lang='lat' dir='ltr'><strong>set</strong></span> <span class='ocrx_word' id='word_1_178' title='bbox 250 2426 298 2468; x_wconf 89' lang='lat' dir='ltr'><strong>in</strong></span> <span class='ocrx_word' id='word_1_179' title='bbox 327 2425 516 2468; x_wconf 81' lang='lat' dir='ltr'><strong>Palatio</strong></span> <span class='ocrx_word' id='word_1_180' title='bbox 546 2433 592 2467; x_wconf 85' lang='lat' dir='ltr'><strong>et</strong></span> <span class='ocrx_word' id='word_1_181' title='bbox 617 2425 801 2482; x_wconf 76' lang='lat' dir='ltr'><strong>plenam</strong></span> <span class='ocrx_word' id='word_1_182' title='bbox 832 2424 1075 2483; x_wconf 78' lang='lat' dir='ltr'><strong>dignitatis</strong></span> <span class='ocrx_word' id='word_1_183' title='bbox 1106 2424 1294 2465; x_wconf 83' lang='lat' dir='ltr'><strong>domum.</strong></span> <span class='ocrx_word' id='word_1_184' title='bbox 1328 2446 1386 2457; x_wconf 91' lang='lat'>—</span> <span class='ocrx_word' id='word_1_185' title='bbox 1433 2424 1488 2468; x_wconf 90' lang='lat' dir='ltr'><strong>V.</strong></span> <span class='ocrx_word' id='word_1_186' title='bbox 1520 2427 1549 2466; x_wconf 87' lang='lat'>5</span> <span class='ocrx_word' id='word_1_187' title='bbox 1585 2437 1650 2478; x_wconf 81' lang='lat' dir='ltr'><strong>sq.</strong></span> <span class='ocrx_word' id='word_1_188' title='bbox 1694 2436 1857 2466; x_wconf 86' lang='lat' dir='ltr'><strong>reno-</strong></span> 
     </span>
     <span class='ocr_line' id='line_1_23' title="bbox 151 2505 1857 2561; baseline -0.004 -7"><span class='ocrx_word' id='word_1_189' title='bbox 151 2514 381 2561; x_wconf 74' lang='lat' dir='ltr'><strong>varent,</strong></span> <span class='ocrx_word' id='word_1_190' title='bbox 426 2509 690 2551; x_wconf 86' lang='lat' dir='ltr'><strong>inverterent</strong></span> <span class='ocrx_word' id='word_1_191' title='bbox 731 2507 785 2550; x_wconf 84' lang='lat' dir='ltr'><strong>ad</strong></span> <span class='ocrx_word' id='word_1_192' title='bbox 815 2519 968 2552; x_wconf 75' lang='lat' dir='ltr'><strong>novam</strong></span> <span class='ocrx_word' id='word_1_193' title='bbox 999 2506 1223 2548; x_wconf 81' lang='lat' dir='ltr'><strong>sationem.</strong></span> <span class='ocrx_word' id='word_1_194' title='bbox 1286 2505 1372 2548; x_wconf 88' lang='lat' dir='ltr'><strong>Hic</strong></span> <span class='ocrx_word' id='word_1_195' title='bbox 1404 2507 1611 2548; x_wconf 69' lang='lat' dir='ltr'><strong>Vunpms</strong></span> <span class='ocrx_word' id='word_1_196' title='bbox 1642 2511 1686 2548; x_wconf 90' lang='lat' dir='ltr'><strong>et</strong></span> <span class='ocrx_word' id='word_1_197' title='bbox 1720 2506 1857 2548; x_wconf 70' lang='lat' dir='ltr'><strong>Hm(-</strong></span> 
     </span>
     <span class='ocr_line' id='line_1_24' title="bbox 151 2590 1853 2645; baseline -0.005 -6"><span class='ocrx_word' id='word_1_198' title='bbox 151 2610 258 2639; x_wconf 63' lang='grc' dir='ltr'><strong>κως</strong></span> <span class='ocrx_word' id='word_1_199' title='bbox 297 2595 473 2638; x_wconf 83' lang='lat' dir='ltr'><strong>laudant</strong></span> <span class='ocrx_word' id='word_1_200' title='bbox 511 2594 651 2637; x_wconf 80' lang='lat' dir='ltr'><strong>Ovln.</strong></span> <span class='ocrx_word' id='word_1_201' title='bbox 681 2593 852 2636; x_wconf 68' lang='lat' dir='ltr'><strong>Aborr.</strong></span> <span class='ocrx_word' id='word_1_202' title='bbox 884 2592 918 2644; x_wconf 87' lang='lat'><strong>1,</strong></span> <span class='ocrx_word' id='word_1_203' title='bbox 950 2595 994 2645; x_wconf 83' lang='lat'><strong>3,</strong></span> <span class='ocrx_word' id='word_1_204' title='bbox 1026 2595 1079 2634; x_wconf 81' lang='lat'><strong>9:</strong></span> <span class='ocrx_word' id='word_1_205' title='bbox 1126 2606 1205 2632; x_wconf 84' lang='lat' dir='ltr'><strong>nec</strong></span> <span class='ocrx_word' id='word_1_206' title='bbox 1237 2605 1359 2632; x_wconf 82' lang='lat' dir='ltr'><strong>meus</strong></span> <span class='ocrx_word' id='word_1_207' title='bbox 1390 2590 1633 2632; x_wconf 78' lang='lat' dir='ltr'><strong>innumeris</strong></span> <span class='ocrx_word' id='word_1_208' title='bbox 1664 2606 1853 2633; x_wconf 82' lang='lat' dir='ltr'><strong>renova-</strong></span> 
     </span>
     <span class='ocr_line' id='line_1_25' title="bbox 149 2673 1850 2735; baseline -0.003 -14"><span class='ocrx_word' id='word_1_209' title='bbox 149 2689 231 2722; x_wconf 78' lang='lat' dir='ltr'><strong>tur</strong></span> <span class='ocrx_word' id='word_1_210' title='bbox 258 2693 440 2735; x_wconf 76' lang='lat' dir='ltr'><strong>campus</strong></span> <span class='ocrx_word' id='word_1_211' title='bbox 473 2676 660 2719; x_wconf 73' lang='lat' dir='ltr'><strong>aratris.</strong></span> <span class='ocrx_word' id='word_1_212' title='bbox 736 2676 845 2718; x_wconf 79' lang='lat' dir='ltr'><strong>Mox</strong></span> <span class='ocrx_word' id='word_1_213' title='bbox 891 2675 1138 2729; x_wconf 81' lang='lat' dir='ltr'><strong>benigna</strong></span> <span class='ocrx_word' id='word_1_214' title='bbox 1183 2679 1341 2716; x_wconf 87' lang='lat' dir='ltr'><strong>terra</strong></span> <span class='ocrx_word' id='word_1_215' title='bbox 1382 2679 1429 2716; x_wconf 89' lang='lat' dir='ltr'><strong>ut</strong></span> <span class='ocrx_word' id='word_1_216' title='bbox 1469 2687 1602 2730; x_wconf 84' lang='lat' dir='ltr'><strong>supra</strong></span> <span class='ocrx_word' id='word_1_217' title='bbox 1632 2673 1668 2727; x_wconf 89' lang='lat'><strong>1,</strong></span> <span class='ocrx_word' id='word_1_218' title='bbox 1699 2677 1745 2727; x_wconf 83' lang='lat'><strong>3,</strong></span> <span class='ocrx_word' id='word_1_219' title='bbox 1775 2677 1850 2717; x_wconf 81' lang='lat'><strong>62.</strong></span> 
     </span>
     <span class='ocr_line' id='line_1_26' title="bbox 149 2758 1852 2818; baseline -0.005 -11"><span class='ocrx_word' id='word_1_220' title='bbox 149 2763 355 2807; x_wconf 81' lang='lat' dir='ltr'><strong>Ceterum</strong></span> <span class='ocrx_word' id='word_1_221' title='bbox 398 2761 642 2818; x_wconf 80' lang='lat' dir='ltr'><strong>composuit</strong></span> <span class='ocrx_word' id='word_1_222' title='bbox 682 2759 905 2803; x_wconf 89' lang='lat' dir='ltr'><strong>domorum</strong></span> <span class='ocrx_word' id='word_1_223' title='bbox 950 2761 994 2802; x_wconf 90' lang='lat' dir='ltr'><strong>in</strong></span> <span class='ocrx_word' id='word_1_224' title='bbox 1035 2759 1140 2801; x_wconf 89' lang='lat' dir='ltr'><strong>urbe</strong></span> <span class='ocrx_word' id='word_1_225' title='bbox 1173 2758 1537 2812; x_wconf 87' lang='lat' dir='ltr'><strong>magnificentiam</strong></span> <span class='ocrx_word' id='word_1_226' title='bbox 1571 2761 1615 2799; x_wconf 86' lang='lat' dir='ltr'><strong>et</strong></span> <span class='ocrx_word' id='word_1_227' title='bbox 1647 2769 1852 2811; x_wconf 81' lang='lat' dir='ltr'><strong>agrorum</strong></span> 
     </span>
    </p>
   </div>
   <div class='ocr_carea' id='block_1_4' title="bbox 147 2841 1854 2981">
    <p class='ocr_par' dir='ltr' id='par_1_5' title="bbox 147 2841 1854 2981">
     <span class='ocr_line' id='line_1_27' title="bbox 147 2841 1854 2895; baseline -0.005 -6"><span class='ocrx_word' id='word_1_228' title='bbox 147 2846 374 2889; x_wconf 77' lang='lat' dir='ltr'><strong>latifundia</strong></span> <span class='ocrx_word' id='word_1_229' title='bbox 415 2846 546 2888; x_wconf 84' lang='lat' dir='ltr'><strong>etiam</strong></span> <span class='ocrx_word' id='word_1_230' title='bbox 583 2843 784 2887; x_wconf 87' lang='lat' dir='ltr'><strong>Tibullus</strong></span> <span class='ocrx_word' id='word_1_231' title='bbox 820 2842 878 2895; x_wconf 88' lang='lat'><strong>11,</strong></span> <span class='ocrx_word' id='word_1_232' title='bbox 909 2845 952 2894; x_wconf 83' lang='lat'><strong>3,</strong></span> <span class='ocrx_word' id='word_1_233' title='bbox 983 2844 1037 2884; x_wconf 86' lang='lat'><strong>41</strong></span> <span class='ocrx_word' id='word_1_234' title='bbox 1073 2854 1168 2895; x_wconf 87' lang='lat' dir='ltr'><strong>sqq.</strong></span> <span class='ocrx_word' id='word_1_235' title='bbox 1199 2862 1259 2872; x_wconf 90' lang='lat'><strong>—-</strong></span> <span class='ocrx_word' id='word_1_236' title='bbox 1308 2841 1364 2884; x_wconf 86' lang='lat' dir='ltr'><strong>V.</strong></span> <span class='ocrx_word' id='word_1_237' title='bbox 1400 2843 1429 2882; x_wconf 77' lang='lat'>7</span> <span class='ocrx_word' id='word_1_238' title='bbox 1461 2853 1525 2893; x_wconf 88' lang='lat' dir='ltr'><strong>sq.</strong></span> <span class='ocrx_word' id='word_1_239' title='bbox 1573 2843 1633 2881; x_wconf 87' lang='lat' dir='ltr'><strong>ut</strong></span> <span class='ocrx_word' id='word_1_240' title='bbox 1664 2843 1854 2881; x_wconf 86' lang='lat' dir='ltr'><strong>tecum</strong></span> 
     </span>
     <span class='ocr_line' id='line_1_28' title="bbox 148 2922 1853 2981; baseline -0.005 -10"><span class='ocrx_word' id='word_1_241' title='bbox 148 2929 455 2980; x_wconf 82' lang='lat' dir='ltr'><strong>sociarem,</strong></span> <span class='ocrx_word' id='word_1_242' title='bbox 498 2938 585 2968; x_wconf 85' lang='lat' dir='ltr'><strong>una</strong></span> <span class='ocrx_word' id='word_1_243' title='bbox 627 2937 853 2981; x_wconf 81' lang='lat' dir='ltr'><strong>caperem,</strong></span> <span class='ocrx_word' id='word_1_244' title='bbox 902 2924 1101 2980; x_wconf 85' lang='lat' dir='ltr'><strong>partirer.</strong></span> <span class='ocrx_word' id='word_1_245' title='bbox 1154 2923 1294 2965; x_wconf 79' lang='lat' dir='ltr'><strong>Ovu).</strong></span> <span class='ocrx_word' id='word_1_246' title='bbox 1338 2922 1446 2964; x_wconf 89' lang='lat' dir='ltr'><strong>Met.</strong></span> <span class='ocrx_word' id='word_1_247' title='bbox 1478 2922 1537 2975; x_wconf 90' lang='lat' dir='ltr'><strong>X,</strong></span> <span class='ocrx_word' id='word_1_248' title='bbox 1570 2925 1682 2965; x_wconf 83' lang='lat'><strong>635:</strong></span> <span class='ocrx_word' id='word_1_249' title='bbox 1731 2936 1853 2963; x_wconf 80' lang='lat' dir='ltr'><strong>unus</strong></span> 
     </span>
    </p>
   </div>
   <div class='ocr_carea' id='block_1_5' title="bbox 147 3005 1852 3467">
    <p class='ocr_par' dir='ltr' id='par_1_6' title="bbox 147 3005 1852 3467">
     <span class='ocr_line' id='line_1_29' title="bbox 147 3005 1852 3069; baseline -0.005 -15"><span class='ocrx_word' id='word_1_250' title='bbox 147 3027 264 3065; x_wconf 80' lang='lat' dir='ltr'><strong>eras,</strong></span> <span class='ocrx_word' id='word_1_251' title='bbox 295 3026 393 3052; x_wconf 88' lang='lat' dir='ltr'><strong>cum</strong></span> <span class='ocrx_word' id='word_1_252' title='bbox 423 3025 511 3069; x_wconf 83' lang='lat' dir='ltr'><strong>quo</strong></span> <span class='ocrx_word' id='word_1_253' title='bbox 540 3008 710 3052; x_wconf 72' lang='lat' dir='ltr'><strong>sociare</strong></span> <span class='ocrx_word' id='word_1_254' title='bbox 739 3006 908 3049; x_wconf 79' lang='lat' dir='ltr'><strong>cubilia</strong></span> <span class='ocrx_word' id='word_1_255' title='bbox 931 3022 1121 3064; x_wconf 78' lang='lat' dir='ltr'><strong>possem.</strong></span> <span class='ocrx_word' id='word_1_256' title='bbox 1184 3007 1296 3049; x_wconf 90' lang='lat' dir='ltr'><strong>Vide</strong></span> <span class='ocrx_word' id='word_1_257' title='bbox 1326 3005 1380 3048; x_wconf 86' lang='lat' dir='ltr'><strong>ad</strong></span> <span class='ocrx_word' id='word_1_258' title='bbox 1408 3005 1444 3059; x_wconf 90' lang='lat' dir='ltr'><strong>I,</strong></span> <span class='ocrx_word' id='word_1_259' title='bbox 1475 3010 1517 3058; x_wconf 86' lang='lat'><strong>6,</strong></span> <span class='ocrx_word' id='word_1_260' title='bbox 1546 3008 1605 3048; x_wconf 82' lang='lat'><strong>64</strong></span> <span class='ocrx_word' id='word_1_261' title='bbox 1629 3017 1772 3060; x_wconf 82' lang='lat' dir='ltr'><strong>supra.</strong></span> <span class='ocrx_word' id='word_1_262' title='bbox 1794 3026 1852 3034; x_wconf 88' lang='lat'><em>—</em></span> 
     </span>
     <span class='ocr_line' id='line_1_30' title="bbox 147 3089 1852 3149; baseline -0.004 -12"><span class='ocrx_word' id='word_1_263' title='bbox 147 3095 325 3149; x_wconf 89' lang='lat' dir='ltr'><strong>lnque</strong></span> <span class='ocrx_word' id='word_1_264' title='bbox 366 3099 462 3136; x_wconf 90' lang='lat' dir='ltr'><strong>tuo</strong></span> <span class='ocrx_word' id='word_1_265' title='bbox 503 3091 741 3136; x_wconf 84' lang='lat' dir='ltr'><strong>caderet</strong></span> <span class='ocrx_word' id='word_1_266' title='bbox 771 3096 856 3135; x_wconf 86' lang='lat' dir='ltr'><strong>etc.</strong></span> <span class='ocrx_word' id='word_1_267' title='bbox 888 3090 929 3135; x_wconf 74' lang='lat' dir='ltr'><strong>ln.</strong></span> <span class='ocrx_word' id='word_1_268' title='bbox 952 3104 991 3134; x_wconf 89' lang='lat' dir='ltr'><strong>e.</strong></span> <span class='ocrx_word' id='word_1_269' title='bbox 1024 3091 1355 3146; x_wconf 88' lang='lat' dir='ltr'><strong>occideremque</strong></span> <span class='ocrx_word' id='word_1_270' title='bbox 1386 3102 1521 3132; x_wconf 85' lang='lat' dir='ltr'><strong>senex</strong></span> <span class='ocrx_word' id='word_1_271' title='bbox 1553 3089 1595 3132; x_wconf 88' lang='lat' dir='ltr'><strong>in</strong></span> <span class='ocrx_word' id='word_1_272' title='bbox 1628 3089 1725 3131; x_wconf 88' lang='lat' dir='ltr'><strong>sinu</strong></span> <span class='ocrx_word' id='word_1_273' title='bbox 1760 3092 1852 3130; x_wconf 87' lang='lat' dir='ltr'><strong>tuo.</strong></span> 
     </span>
     <span class='ocr_line' id='line_1_31' title="bbox 147 3169 1852 3231; baseline -0.006 -9"><span class='ocrx_word' id='word_1_274' title='bbox 147 3185 347 3222; x_wconf 87' lang='lat' dir='ltr'><strong>nostra</strong></span> <span class='ocrx_word' id='word_1_275' title='bbox 376 3182 635 3230; x_wconf 84' lang='lat' dir='ltr'><strong>senecta,</strong></span> <span class='ocrx_word' id='word_1_276' title='bbox 675 3188 788 3231; x_wconf 80' lang='lat' dir='ltr'><strong>ego,</strong></span> <span class='ocrx_word' id='word_1_277' title='bbox 832 3175 918 3220; x_wconf 82' lang='lat' dir='ltr'><strong>vid.</strong></span> <span class='ocrx_word' id='word_1_278' title='bbox 948 3175 1005 3220; x_wconf 87' lang='lat' dir='ltr'><strong>ad</strong></span> <span class='ocrx_word' id='word_1_279' title='bbox 1036 3176 1072 3230; x_wconf 93' lang='lat'><strong>1,</strong></span> <span class='ocrx_word' id='word_1_280' title='bbox 1101 3178 1147 3230; x_wconf 75' lang='lat'><strong>2,</strong></span> <span class='ocrx_word' id='word_1_281' title='bbox 1177 3177 1248 3218; x_wconf 84' lang='lat'><strong>11.</strong></span> <span class='ocrx_word' id='word_1_282' title='bbox 1302 3174 1488 3216; x_wconf 68' lang='lat' dir='ltr'><strong>Homr.</strong></span> <span class='ocrx_word' id='word_1_283' title='bbox 1519 3171 1578 3224; x_wconf 91' lang='lat' dir='ltr'><strong>ll,</strong></span> <span class='ocrx_word' id='word_1_284' title='bbox 1610 3174 1653 3224; x_wconf 88' lang='lat'><strong>6,</strong></span> <span class='ocrx_word' id='word_1_285' title='bbox 1686 3174 1727 3213; x_wconf 85' lang='lat'><strong>6.</strong></span> <span class='ocrx_word' id='word_1_286' title='bbox 1789 3169 1852 3211; x_wconf 89' lang='lat' dir='ltr'><strong>Et</strong></span> 
     </span>
     <span class='ocr_line' id='line_1_32' title="bbox 149 3254 1849 3316; baseline -0.005 -14"><span class='ocrx_word' id='word_1_287' title='bbox 149 3260 326 3302; x_wconf 81' lang='lat' dir='ltr'><strong>caderet</strong></span> <span class='ocrx_word' id='word_1_288' title='bbox 356 3266 424 3303; x_wconf 85' lang='lat' dir='ltr'><strong>est</strong></span> <span class='ocrx_word' id='word_1_289' title='bbox 462 3273 527 3316; x_wconf 89' lang='lat' dir='ltr'><strong>pr.</strong></span> <span class='ocrx_word' id='word_1_290' title='bbox 558 3258 804 3312; x_wconf 81' lang='lat' dir='ltr'><strong>occideret,</strong></span> <span class='ocrx_word' id='word_1_291' title='bbox 849 3263 900 3302; x_wconf 87' lang='lat' dir='ltr'><strong>ut</strong></span> <span class='ocrx_word' id='word_1_292' title='bbox 940 3259 1047 3301; x_wconf 85' lang='lat' dir='ltr'><strong>alias</strong></span> <span class='ocrx_word' id='word_1_293' title='bbox 1083 3270 1216 3315; x_wconf 85' lang='lat' dir='ltr'><strong>saepe</strong></span> <span class='ocrx_word' id='word_1_294' title='bbox 1247 3257 1460 3312; x_wconf 86' lang='lat' dir='ltr'><strong>simplicia</strong></span> <span class='ocrx_word' id='word_1_295' title='bbox 1493 3267 1558 3310; x_wconf 90' lang='lat' dir='ltr'><strong>pr.</strong></span> <span class='ocrx_word' id='word_1_296' title='bbox 1591 3254 1849 3310; x_wconf 83' lang='lat' dir='ltr'><strong>compositis</strong></span> 
     </span>
     <span class='ocr_line' id='line_1_33' title="bbox 148 3336 1849 3398; baseline -0.005 -13"><span class='ocrx_word' id='word_1_297' title='bbox 148 3347 326 3398; x_wconf 89' lang='lat' dir='ltr'><strong>ponunt,</strong></span> <span class='ocrx_word' id='word_1_298' title='bbox 355 3342 413 3385; x_wconf 77' lang='lat' dir='ltr'><strong>cf.</strong></span> <span class='ocrx_word' id='word_1_299' title='bbox 442 3341 496 3384; x_wconf 84' lang='lat' dir='ltr'><strong>ad</strong></span> <span class='ocrx_word' id='word_1_300' title='bbox 528 3341 563 3394; x_wconf 92' lang='lat'><strong>1,</strong></span> <span class='ocrx_word' id='word_1_301' title='bbox 593 3343 638 3393; x_wconf 85' lang='lat'><strong>2,</strong></span> <span class='ocrx_word' id='word_1_302' title='bbox 667 3344 743 3383; x_wconf 87' lang='grc'><strong>80.</strong></span> <span class='ocrx_word' id='word_1_303' title='bbox 804 3339 971 3385; x_wconf 80' lang='lat' dir='ltr'><strong>Tamen</strong></span> <span class='ocrx_word' id='word_1_304' title='bbox 1001 3340 1083 3384; x_wconf 84' lang='lat' dir='ltr'><strong>hoc</strong></span> <span class='ocrx_word' id='word_1_305' title='bbox 1113 3342 1212 3384; x_wconf 94' lang='lat' dir='ltr'><strong>loco</strong></span> <span class='ocrx_word' id='word_1_306' title='bbox 1243 3354 1329 3384; x_wconf 86' lang='lat' dir='ltr'><strong>vox</strong></span> <span class='ocrx_word' id='word_1_307' title='bbox 1358 3339 1484 3381; x_wconf 84' lang='lat' dir='ltr'><strong>simul</strong></span> <span class='ocrx_word' id='word_1_308' title='bbox 1517 3336 1849 3380; x_wconf 85' lang='lat' dir='ltr'><strong>accommodata</strong></span> 
     </span>
     <span class='ocr_line' id='line_1_34' title="bbox 147 3420 1850 3467; baseline -0.005 0"><span class='ocrx_word' id='word_1_309' title='bbox 147 3429 214 3467; x_wconf 81' lang='lat' dir='ltr'><strong>est</strong></span> <span class='ocrx_word' id='word_1_310' title='bbox 255 3424 365 3467; x_wconf 88' lang='lat' dir='ltr'><strong>bene</strong></span> <span class='ocrx_word' id='word_1_311' title='bbox 406 3423 641 3466; x_wconf 84' lang='lat' dir='ltr'><strong>infirmitati</strong></span> <span class='ocrx_word' id='word_1_312' title='bbox 683 3421 845 3466; x_wconf 82' lang='lat' dir='ltr'><strong>labenti</strong></span> <span class='ocrx_word' id='word_1_313' title='bbox 882 3423 1130 3467; x_wconf 75' lang='lat' dir='ltr'><strong>senectutis.</strong></span> <span class='ocrx_word' id='word_1_314' title='bbox 1206 3423 1274 3467; x_wconf 81' lang='lat' dir='ltr'><strong>Ad</strong></span> <span class='ocrx_word' id='word_1_315' title='bbox 1316 3420 1569 3465; x_wconf 87' lang='lat' dir='ltr'><strong>sententiam</strong></span> <span class='ocrx_word' id='word_1_316' title='bbox 1605 3420 1850 3462; x_wconf 70' lang='lat' dir='ltr'><strong>thmm-</strong></span> 
     </span>
    </p>
   </div>
  </div>
 </body>
</html>
