2158 3750
328 249 430 297 450
695 238 1163 294 COMMENTAR.
1201 237 1276 287 IN
1314 236 1606 288 TlBULLI

329 389 408 430 lior
437 387 645 429 iunctura.
678 405 734 412 —
781 379 936 422 votis
968 380 1074 421 iam
1105 383 1270 421 vetus
1301 377 1450 420 adsit
1480 390 1658 430 amor,
1693 375 1732 420 h.
1759 390 1796 419 e.
1829 375 1940 420 sesto
1969 378 2012 420 et

329 472 453 523 votis,
484 480 593 521 quae
625 471 726 507 tunc
757 463 1056 518 suscipientur,
1088 468 1302 517 tamquam
1337 467 1457 504 vetus
1489 463 1632 504 socius
1661 460 1772 503 adsit
1803 458 1872 502 hic
1903 459 2017 503 idem

328 566 473 603 amor,
525 552 695 602 stetque
739 547 953 588 firmatum
997 545 1147 589 foedus
1188 548 1271 589 iam
1319 548 1458 602 spatio
1501 544 1612 587 annii.
1691 543 1894 586 Ceterum
1935 556 2020 586 uon

332 638 456 678 deum
488 637 689 678 Amorem
722 630 789 674 hic
821 631 1027 686 intelligi,
1069 637 1116 674 ut
1147 633 1309 674 Voss1o
1341 631 1500 683 visum,
1531 629 1624 685 ipse
1654 628 1801 671 sentis.

743 1052 1338 1111 CARMEN
1466 1052 1611 1113 VII.

335 1417 574 1492 Potita
618 1437 840 1480 tandem
884 1437 1035 1479 votis
1077 1437 1195 1478 suis
1234 1435 1427 1491 puella
1469 1439 1522 1477 et
1553 1434 1843 1491 perfruita
1879 1439 2032 1479 tene-

337 1527 415 1567 ris
446 1521 815 1578 amplexibus
847 1519 1015 1561 amati
1047 1518 1293 1571 iuvenis,
1337 1517 1428 1571 qui
1459 1516 1723 1560 timidior
1755 1521 1887 1559 ante
1918 1516 2033 1560 fue-

337 1614 449 1660 rat,
491 1604 835 1648 laetabunda
879 1604 930 1645 in
972 1601 1108 1644 haec
1138 1601 1311 1643 verba
1344 1602 1614 1657 erumpit,
1664 1614 1804 1656 quae
1845 1613 2033 1644 secum

338 1691 625 1744 loquitur,
681 1688 912 1743 opinor3
963 1699 1142 1741 neque
1187 1686 1324 1729 euim
1374 1699 1474 1742 pro
1523 1685 1782 1742 epistola
1829 1698 1893 1728 ea
1946 1682 2033 1727 ha-

337 1774 542 1816 bemus.

456 1855 512 1897 V.
544 1856 566 1894 1
604 1867 667 1907 sq.
716 1852 940 1907 qualem
985 1853 1210 1895 texisse
1252 1851 1453 1908 pudori
1489 1858 1573 1896 etc.
1602 1850 1640 1894 h.
1673 1865 1710 1895 e.
1742 1852 1911 1907 qualem
1943 1863 2035 1894 ma-

340 1939 406 1992 gis
462 1936 613 1991 pudori
666 1935 723 1978 sit
776 1935 887 1977 fama
935 1935 1098 1978 texisse
1144 1947 1270 1991 quam
1328 1933 1537 1988 nudasse,
1592 1947 1628 1978 s.
1680 1934 1852 1989 qualem
1897 1933 2036 1988 magis

341 2020 492 2076 pudori
523 2017 621 2061 mihi
656 2019 734 2071 sit,
786 2018 822 2059 si
861 2016 980 2059 dicar
1023 2018 1208 2070 texisse,
1253 2029 1379 2069 quam
1409 2015 1620 2070 nudasse3
1666 2027 1888 2073 peccarem
1920 2014 2034 2058 euim

340 2103 381 2143 in
410 2101 537 2144 deum
562 2100 755 2143 datorem
781 2100 1050 2155 gaudiorum,
1081 2100 1115 2142 si
1146 2099 1330 2156 puderet
1360 2112 1430 2141 me
1460 2101 1536 2142 rei.
1597 2098 1867 2143 Vocabulum
1893 2097 2036 2141 fama

343 2199 437 2228 esse
481 2190 659 2242 propter
701 2185 959 2226 locutionem
1007 2182 1172 2240 pudori
1203 2183 1263 2225 sit
1307 2185 1491 2227 electum
1536 2185 1630 2240 ipse
1669 2184 1803 2228 vides.
1872 2183 2032 2228 Veram

342 2270 475 2322 igitur
521 2267 656 2309 habeo
703 2267 943 2307 restitutam
991 2280 1016 2308 a
1062 2266 1356 2309 Lmnumwo
1399 2267 1640 2309 lectionem.
1718 2267 1829 2309 Nam
1874 2267 2037 2310 locutio

339 2348 504 2404 pudori
545 2347 605 2390 sit
651 2354 717 2390 est
761 2347 828 2390 hic
867 2350 960 2390 sine
1006 2348 1137 2390 dnbio
1180 2349 1353 2404 propria
1394 2354 1438 2391 et
1479 2350 1594 2391 nulla
1633 2349 1717 2392 alia
1751 2362 1890 2404 aeque
1931 2362 2036 2392 cou-

343 2432 471 2474 venit.
535 2432 681 2486 Vulgo
704 2432 929 2474 scribitur:
962 2431 1138 2491 qualem
1170 2433 1332 2474 texisse
1358 2432 1530 2489 pudore
1560 2434 1706 2491 Quam
1727 2432 1924 2475 nudasse
1950 2431 2039 2474 ali-

345 2511 417 2553 cui
463 2511 524 2553 sit
572 2513 680 2554 mihi
716 2513 855 2571 sama
901 2514 1066 2562 minor,
1114 2515 1157 2556 in
1203 2527 1289 2569 quo
1330 2514 1469 2558 minor
1510 2516 1565 2558 ab
1609 2516 1764 2559 ITALIS
1807 2520 1887 2559 est.
1948 2515 2039 2559 Sed

348 2607 611 2650 magnopere
644 2595 842 2650 displicet
873 2597 1059 2650 locutio,
1106 2597 1224 2651 laus,
1269 2596 1430 2651 honor,
1474 2600 1614 2653 gloria
1642 2598 1743 2642 mihi
1784 2599 1839 2642 sit
1877 2599 2039 2641 texisse

345 2691 471 2731 qnam
503 2679 687 2720 nudasse
728 2680 855 2721 talem
888 2679 1098 2722 ardorem.
1163 2682 1272 2726 Quis
1315 2683 1426 2725 enim
1467 2684 1510 2725 iu
1552 2684 1625 2726 tali
1669 2697 1718 2726 re
1759 2681 1866 2727 haec
1907 2683 2039 2726 verba

344 2776 395 2804 ac
439 2776 523 2805 non
564 2765 707 2819 potius
750 2764 926 2820 pudoris
959 2778 1113 2808 nomen
1145 2766 1404 2821 exspectet?
1466 2766 1610 2820 Vnigo
1645 2767 1757 2809 enim
1790 2765 1943 2822 pudori
1973 2771 2040 2810 est

344 2848 528 2891 nudasse
576 2850 732 2903 gaudia
782 2851 953 2894 amoris,
998 2873 1053 2881 —
1114 2850 1362 2892 nudasse
1408 2852 1598 2893 alicui.
1663 2852 2039 2898 Constructionem

346 2932 595 2985 ceteroquin
628 2945 793 2984 raram,
836 2931 998 2973 nudare
1035 2932 1161 2973 alicui
1193 2932 1381 2987 aliquid,
1412 2933 1596 2975 illustrat
1626 2933 1896 2976 Huscnxms
1928 2934 2038 2977 affe-

345 3027 444 3057 rens
476 3015 579 3059 le.
610 3016 751 3068 XLII,
782 3019 865 3057 63:
905 3017 1049 3055 Fama
1088 3015 1306 3073 equestris
1342 3031 1525 3074 pugnae
1561 3016 1751 3074 vulgata
1786 3032 1870 3074 per
1901 3019 2043 3060 Grae-
2115 3065 2117 3071 Ι

348 3097 460 3139 ciam
491 3098 684 3140 nudavit
716 3098 973 3140 voluntates
1004 3097 1254 3148 homimum·
1290 3101 1548 3143 Cunnum
1579 3100 1789 3154 XXXIII,
1811 3103 1923 3144 212:
1960 3099 2041 3143 Vi-

348 3180 476 3223 derat
508 3183 618 3224 Ιιαεσ
650 3181 817 3223 dudam
848 3198 1018 3225 summa
1050 3184 1310 3241 speculatus
1341 3183 1398 3225 ab
1430 3199 1530 3227 arce
1559 3184 1768 3242 Iuppiter
1797 3199 1851 3225 ac
1886 3184 2046 3228 Veneri

348 3265 508 3307 mentis
541 3266 797 3322 penetralia
839 3267 998 3308 nudat.
1071 3269 1190 3311 Idem
1223 3274 1371 3312 contra
1403 3270 1632 3313 Hurmum
1665 3273 1812 3312 monet
1841 3282 1925 3312 nou
1957 3269 2042 3314 dici

346 3349 749 3405 „nudarepalam‘fi
784 3374 839 3382 --
889 3353 1063 3398 Quam
1099 3355 1376 3410 praemissum
1419 3354 1710 3409 comparativo
1749 3365 1875 3395 nemo
1916 3353 2040 3407 igno-
