2086 3756
263 283 382 317 cxv1
413 291 415 293 r
940 256 1036 308 DE
1073 254 1274 310 POESI

263 409 376 460 aliis
426 423 580 473 saepe
629 410 967 469 usurpantur.
1057 398 1345 450 Veniamus
1388 392 1455 446 ad
1494 400 1697 464 primum
1735 413 1962 448 carmen.

268 504 403 556 Cum
443 500 695 554 Kalendis
738 498 940 548 Martiis
981 494 1122 547 dona
1164 495 1297 546 mitti
1345 494 1576 544 solerent
1617 491 1872 543 uxoribus
1915 500 1967 540 et

229 647 232 652 .
265 602 455 670 puellis
500 599 711 659 amati5‚
767 595 922 646 etiam
963 603 1119 660 poeta
1156 610 1296 643 nunc
1336 593 1436 643 hac
1473 590 1752 642 festivitate
1787 588 1968 650 utitur,

267 710 327 749 ut
355 715 409 748 se
440 692 770 747 commendet
794 691 1046 743 Neaerae.
1117 687 1401 741 Constituit
1427 697 1601 738 autem
1629 683 1970 736 suadentibus

267 792 436 842 Musis
483 791 774 841 carminum
820 802 1038 838 suorum
1077 786 1326 837 volumen
1368 781 1586 832 mittere.
1666 780 1778 829 Iam
1813 777 1973 843 igitur

268 894 422 952 parat
454 886 652 936 librum
683 882 904 948 eleganti
935 890 1148 943 ornatu,
1187 896 1342 947 quem
1375 895 1473 944 per
1497 876 1680 926 Musas
1706 872 1974 924 transmit·-

270 980 358 1046 tit,
394 989 446 1030 et
474 977 618 1029 addit
646 975 801 1027 etiam
830 977 994 1029 verba
1022 971 1223 1034 mollia,
1266 972 1460 1041 quibus
1493 980 1718 1022 testatur
1742 973 1978 1018 imorem

271 1075 541 1138 intimum,
594 1082 645 1124 et
680 1089 826 1139 spem
862 1069 1089 1135 coniugii
1135 1069 1359 1119 affirmat
1403 1066 1618 1118 nonnisi
1654 1082 1774 1117 cum
1788 1038 1978 1114 ⁴inorte

268 1186 327 1220 se
371 1164 1062 1219 demissurum.1nventio
1109 1180 1171 1214 eo
1217 1161 1479 1228 displicet,
1499 1157 1668 1232 quod
1711 1160 1779 1211 ad
1818 1160 1980 1211 collo-

275 1265 460 1333 quium
503 1266 618 1314 cum
655 1261 823 1311 Musis
859 1260 1039 1311 omnia
1081 1269 1205 1309 sunt
1241 1267 1502 1309 revocata.
1544 1255 1792 1306 Divisio
1828 1270 1982 1319 argu-

264 1361 437 1412 vmenti
483 1369 696 1427 aperta:
755 1368 861 1427 post
905 1359 1152 1408 introitum'
1188 1366 1294 1407 sunt
1344 1357 1474 1406 duae
1519 1365 1685 1424 partes
1727 1367 1985 1417 congruae,

277 1460 439 1509 altera
479 1459 678 1508 librum
720 1453 1048 1517 describenS,
1099 1455 1262 1504 altera
1296 1455 1460 1506 verba
1499 1468 1798 1520 exponenS,
1842 1466 1984 1519 quae

278 1551 402 1603 addi
439 1551 662 1603 debeant
699 1549 867 1615 dono,
918 1533 1062 1620 quasi
1085 1560 1190 1619 post
1222 1552 1455 1619 proodum
1490 1550 1733 1617 stropham
1777 1556 1822 1597 et
1865 1548 1989 1596 a'ntt'-

277 1650 521 1715 siropham
555 1664 723 1715 ponaS.
793 1643 954 1707 Quod
978 1663 1143 1710 genus
1176 1646 1377 1695 formae
1402 1645 1614 1694 minime
1643 1641 1990 1694 iniucundum

282 1755 334 1796 et
369 1746 492 1795 huic
529 1743 802 1810 proposito
823 1742 1144 1808 ‘argumento
1187 1742 1426 1808 apprime>
1459 1751 1658 1808 aptum.
1740 1738 1844 1789 Sed
1880 1755 1991 1788 non

283 1851 362 1910 est
387 1841 690 1892 Tibulliana
718 1847 1006 1904 structura,
1046 1841 1171 1907 quia
1204 1838 1375 1906 epodo
1410 1847 1574 1902 caret,
1610 1847 1672 1888 ut
1693 1838 1776 1888 'ita
1804 1810 1992 1899 dicam,

281 1936 339 1986 h.
364 1953 409 1986 e.
441 1935 565 2004 quia
595 1933 842 1986 directior
873 1934 1043 1986 exitus
1082 1936 1251 1999 abest,
1288 1912 1407 1985 cum
1441 1949 1583 1995 nunc
1618 1934 1734 2002 ipsu
1765 1931 2033 1985 secunda‘

283 2042 433 2099 parte
464 2032 799 2082 contineatur
823 2030 942 2082 finis
969 2027 1245 2082 carminis.'
1301 2031 1419 2081 Alia
1446 2047 1530 2081 res
1561 2041 1640 2081 est
1666 2023 1723 2080 in
1757 2029 1997 2097 opposita

283 2130 481 2195 forma,
520 2147 677 2197 quam
707 2146 866 2196 supra
902 2127 1106 2179 ostendi
1139 2146 1169 2178 a
1198 2127 1415 2179 Tibullo
1451 2124 1773 2194 usurpatam.
1815 2122 1817 2125 ’
1846 2126 1998 2178 Cete-

286 2238 406 2275 rum
444 2223 770 2291 comparabis
806 2241 1015 2274 carmen
1050 2223 1144 2285 IV,
1170 2228 1222 2272 2.
1254 2232 1304 2272 et
1332 2223 1505 2288 ipsum
1519 2212 1778 2274 Kalendis*=
1791 2221 1998 2273 Martiis

288 2319 564 2385 scriptum,
603 2328 660 2367 ut
691 2316 855 2368 discas
889 2315 1015 2384 quid
1048 2316 1113 2366 sit
1141 2302 1267 2368 vere
1292 2316 1668 2368 Tibullianum.
1688 2346 1760 2355 —
1803 2317 2000 2370 Videa-

287 2430 406 2463 mus
443 2431 585 2464 nunc
628 2414 777 2462 aliam
809 2410 1030 2478 formam
1067 2409 1356 2465 notabilem
1397 2410 1617 2476 elegiae,
1674 2413 1757 2461 ubi
1788 2416 1835 2463 in
1876 2414 2003 2464 duas
2054 2449 2059 2455 ·

292 2511 475 2558 omnino
523 2517 689 2574 partes
737 2509 958 2558 dividitur
1009 2511 1186 2570 totu'm,
1248 2510 1497 2575 quarum‘
1524 2507 1753 2559 secunda
1775 2504 1779 2510 ’
1801 2507 2004 2577 repetat
2063 2500 2073 2517 '⁴

295 2604 408 2654 aliis
455 2603 632 2655 verbis
675 2604 927 2668 priorem.
1010 2603 1084 2652 Ac
1131 2603 1280 2668 prior
1317 2603 1589 2653 introitum
1632 2605 1688 2654 in
1737 2611 1790 2654 se
1827 2605 2006 2670 habet,
2059 2597 2076 2619 ”“

294 2697 561 2763 posterior
586 2697 786 2747 exitum
813 2697 1070 2748 carminis.
1144 2697 1277 2748 Cum
1306 2698 1468 2763 elegia
1491 2691 1628 2750 amet
1649 2676 2004 2767 repetitiones,
2051 2693 2076 2754 2.

299 2806 496 2858 eaeque
534 2790 743 2841 affectui
777 2791 991 2841 minime
1026 2803 1350 2858 repugnent,
1397 2791 1486 2843 sed
1526 2793 1872 2859 conveni-'ann
1899 2786 2061 2867 'per

297 2901 353 2936 se
391 2887 548 2936 etiam
582 2887 684 2938 hoc
718 2905 881 2953 genus
917 2884 1143 2952 bonum,
1182 2898 1233 2938 et
1261 2887 1499 2941 videmus
1528 2889 1656 2940 alias
1694 2898 1850 2958 atque
1877 2878 2065 2942 alias

296 2980 513 3048 prodire
551 2983 777 3048 forma,
827 2983 1020 3051 quibus
1054 2983 1136 3033 uti
1169 2984 1323 3034 liceat
1351 3000 1450 3051 pro
1483 2985 1774 3050 argumenti
1801 2986 2005 3036 ratione

301 3079 554 3142 elegiacae
578 3080 692 3130 arti.
763 3077 1098 3148 Quamquam
1129 3079 1282 3130 etiam
1307 3078 1753 3130 haecTibulliana
1776 3097 1881 3130 non
1913 3077 2009 3144 est,

299 3174 481 3224 relicta
517 3174 773 3225 divisione
808 3176 1208 3228 architectonica
1238 3175 1399 3226 trium
1435 3167 1663 3242 partium
1692 3174 1847 3224 Albio
1883 3173 2009 3239 legi-

306 3270 459 3331 tima,
506 3279 556 3319 et
591 3269 714 3319 scite
748 3268 958 3320 tractari
996 3267 1151 3319 elebet
1185 3285 1252 3318 ne
1289 3267 1465 3318 ieiuna
1500 3268 1567 3318 sit
1601 3267 1871 3334 repetitiO,
1917 3266 2009 3317 sed
2058 3277 2067 3285 ·

2054 3101 2070 3251 2-61112
2062 3043 2073 3083 2*—
2064 2971 2072 3021 ὡ*
2049 2862 2075 2958 “-;-,,’

306 3361 599 3428 ingeniosa,
635 3373 688 3414 et
722 3381 893 3418 novos
927 3366 1126 3417 colores
1163 3364 1367 3416 habeat.
1439 3361 1707 3431 Lygdamo
1738 3361 1792 3412 in
1828 3381 2009 3415 manus
2044 3371 2065 3426 ’ἡ
