2158 3750
349 249 455 299 404
744 245 1103 300 COMMENT
1111 248 1215 299 AR.
1251 248 1327 299 ΙΝ
1363 249 1650 302 TIBULLI

351 394 466 433 nota.
537 390 736 432 PmnAR.
781 388 906 431 Nem.
942 387 1013 441 X,
1051 391 1137 430 69:
1184 389 1447 443 ἐφορμαθεὶς
1493 385 1640 430 ἄκοντι
1683 391 1795 444 θοῷ.
1862 393 2050 435 Vnum..

353 477 455 516 Aen.
479 472 535 525 X,
557 475 672 514 299:
705 486 966 528 consurgere
998 471 1151 514 tonsis.
1172 496 1232 503 —
1275 474 1609 528 interrupto
1641 473 1884 528 gurgite.
1929 475 2051 517 PRO-

354 571 485 599 PERT.
518 557 602 609 III,
637 559 708 609 12,
738 560 825 598 28:
870 555 1073 597 alternas
1102 556 1243 597 scissa
1283 556 1532 613 Charybdis
1570 572 1730 615 aquas.
1791 558 1901 600 Cum
1939 572 2052 602 nunc

351 641 588 683 contrarius
622 646 764 683 motus
796 641 1090 694 describatur,
1132 643 1318 685 Vossius
1358 642 1534 684 verbum
1576 642 1824 697 postulan5‚
1863 642 1981 696 quod
2011 656 2051 686 v.

350 720 549 764 sublimis
588 724 832 778 oppositum
870 723 951 776 sit,
995 722 1125 780 infra
1156 731 1289 778 rupto
1323 723 1378 765 de
1409 725 1656 767 coniectura
1687 725 1884 781 scripsit,
1925 727 2052 772 male.

349 809 491 850 Recte
534 807 706 862 quidem
748 808 939 863 postulat
980 807 1024 849 in
1067 807 1277 863 principio
1308 821 1459 850 versus
1491 809 1668 851 verbum
1701 809 2053 852 antecedentibus

349 883 620 948 oppositum,
660 891 738 934 sed
769 890 850 934 hoc
885 905 1036 935 revera
1068 892 1204 934 adest.
1281 893 1394 935 Ante
1428 893 1541 935 enim
1579 905 1761 946 surgens
1801 896 1869 934 est
1897 893 2052 934 fluctus

350 974 614 1030 descriptus,
670 988 782 1017 nunc
825 973 1048 1018 dehiscens
1092 975 1351 1018 describitur
1395 976 1532 1030 unda,
1581 976 1694 1030 quod
1735 977 1875 1032 ipsum
1915 977 2052 1019 mani-

347 1058 459 1100 festo
502 1062 569 1100 est
604 1058 862 1113 oppositum.
890 1080 945 1088 —
1006 1056 1254 1099 nudaret
1298 1063 1544 1113 pontum.
1607 1059 1839 1114 Comparat
1870 1058 2053 1100 Huscn-

347 1153 452 1183 KlUs
499 1140 596 1184 Liv.
637 1141 810 1194 XXVI,
851 1143 936 1183 45:
984 1140 1104 1182 Acer
1150 1140 1288 1181 etiam
1332 1140 1574 1196 septentrio
1620 1148 1747 1182 ortus
1788 1141 2054 1182 inclinatum

345 1230 560 1280 stagnum
602 1221 749 1263 eodem
793 1237 878 1279 quo
925 1229 1079 1262 aestas
1114 1220 1326 1279 ferebat,
1378 1229 1424 1262 et
1469 1221 1577 1263 adeo
1621 1222 1873 1263 nudaverat
1916 1223 2052 1270 vado,

346 1309 410 1350 Ac
448 1315 636 1362 pontum
678 1307 788 1350 dixit
825 1307 912 1349 ima
953 1305 1155 1362 profundi
1185 1307 1329 1350 mar1s.
1401 1305 1584 1349 Constat
1619 1307 1732 1350 enim
1763 1307 1807 1349 in
1836 1306 1916 1350 hac
1947 1321 2052 1350 voce

2139 1293 2158 1303 ῑῖ
2124 1161 2158 1285 §hs-2?
2139 1138 2142 1142 ·
2136 1088 2158 1128 ῑ””ῒ-,
2140 1067 2155 1078 ἃ

347 1392 650 1449 profunditatis
694 1393 1190 1435 notionem·inesse.-—-
1252 1393 1306 1436 V.
1325 1395 1383 1434 76
1414 1406 1507 1447 sqq.
1554 1393 1776 1436 violata
1818 1406 2051 1449 pascua,
2128 1399 2132 1430 L

347 1474 544 1517 abductis
586 1474 685 1516 inde
728 1475 930 1517 armentis
972 1478 1017 1516 et
1058 1473 1269 1516 mactatis.
1332 1473 1561 1528 Exquisite
1595 1474 1772 1519 dictum.
1803 1499 1863 1507 —-
1922 1476 2060 1538 vagi

347 1559 532 1611 Solis,
580 1563 630 1601 ut
674 1559 876 1602 CA'rnm..
907 1557 1069 1610 LXIV,
1100 1560 1230 1610 272„
1279 1561 1324 1600 et
1367 1572 1486 1615 vaga
1525 1557 1638 1599 Ζαηα
1679 1559 1860 1602 Ηοιιᾼτ.
1892 1559 1985 1603 Sat.
2018 1561 2052 1611 Ι,

346 1646 390 1695 8,
419 1645 494 1685 21.
558 1642 726 1697 Nempe
759 1640 921 1699 vagari
953 1642 1006 1683 de
1038 1647 1159 1683 motu
1189 1641 1379 1683 siderum
1413 1641 1569 1684 dicitur
1599 1655 1710 1696 quae
1740 1656 1824 1686 non
1856 1645 1968 1696 fixa,
2008 1649 2052 1686 et

346 1726 563 1780 significat
601 1727 685 1767 alia
727 1730 856 1780 atque
898 1726 982 1767 alia
1027 1727 1122 1768 loca
1165 1726 1310 1779 adire,
1361 1731 1410 1768 ut
1447 1731 1595 1770 monet
1636 1728 1766 1771 etiam
1811 1728 2050 1771 Wrmmsn-
2103 1740 2106 1745 ’

345 1822 555 1862 memus,
597 1811 669 1863 qui
699 1817 922 1850 errantem
953 1808 1109 1850 lunam
1146 1815 1368 1865 comparat
1398 1811 1538 1854 Vnus.
1571 1812 1678 1854 Aen.
1710 1812 1755 1865 l,
1783 1815 1913 1865 742„
1954 1825 2051 1855 cum

347 1894 651 1937 HE1NnoRF10
693 1893 748 1936 ad
791 1892 946 1936 Horat.
976 1895 1004 1936 l.
1037 1895 1109 1938 cit.
1172 1896 1235 1938 Ac
1275 1908 1331 1940 ne
1373 1900 1517 1938 certus
1558 1909 1708 1938 cursus
1739 1897 1865 1949 solis,
1909 1896 2050 1946 lunae,

347 1979 617 2034 planetarum
647 1977 759 2020 male
787 1980 832 2019 te
861 1974 1017 2018 habeat
1046 1977 1097 2019 in·
1128 1989 1181 2019 ea
1213 1989 1284 2030 re,
1328 1976 1443 2033 apud
1469 1977 1742 2020 Appummu
1767 1977 1856 2030 IX,
1889 1992 1932 2033 p.
1950 1980 2048 2020 184.

347 2060 492 2102 asinus
540 2060 583 2102 in
635 2061 751 2102 mola
803 2067 1004 2117 vagatur
1056 2075 1200 2102 errore
1250 2068 1383 2102 certo.
1477 2060 1682 2103 Eiusdem
1732 2061 1903 2114 generis
1951 2065 2050 2103 sunt

344 2137 659 2194 πολύπλαγκτα
698 2139 772 2197 ἔτη
813 2142 953 2185 Sorn.
986 2142 1054 2184 Ai.
1086 2145 1218 2186 1175.
1251 2156 1277 2185 a
1310 2143 1685 2186 WUNDERmcfflo
1718 2148 1964 2187 memorata.
1991 2167 2049 2177 ·-

346 2223 597 2266 fecunda
637 2235 798 2276 arva,
840 2236 947 2276 ager
985 2223 1140 2265 fertilis
1181 2227 1226 2266 et
1264 2237 1471 2266 amoenus
1501 2226 1714 2279 Ortygiae
1753 2226 1950 2269 laudatus
1991 2227 2047 2269 ab

347 2305 564 2348 HOMERO.
595 2327 655 2336 —
715 2304 827 2347 Mox
869 2305 1086 2346 erroris
1130 2305 1327 2347 miseri
1367 2306 1632 2361 Scsmenn,
1677 2307 2048 2362 Bnoucxlmsms,

348 2388 565 2431 Vmfflms.
627 2386 740 2428 Nam
781 2384 929 2427 miseri
970 2386 1102 2440 vulgo
1144 2387 1243 2429 libri
1284 2386 1441 2431 habent
1477 2394 1520 2432 et
1561 2390 1724 2432 erroris
1752 2391 2048 2435 Concursus.

347 2471 504 2513 Recte.
566 2471 803 2513 Pnopnnrr.
830 2469 917 2523 111,
951 2473 1029 2524 12,
1057 2474 1131 2515 36.
1161 2471 1216 2514 de
1242 2472 1426 2526 Ulysse:
1456 2472 1724 2531 Errorisque
1752 2473 1826 2516 sui
1853 2474 1918 2515 sic
1947 2482 2052 2516 sta*

346 2555 486 2598 tuisse
518 2555 708 2597 modum.
768 2557 954 2598 Annum
980 2559 1110 2599 1515.
1135 2561 1180 2599 et
1203 2557 1447 2611 MURETUS,
1478 2559 1695 2613 Sum-nm,
1722 2560 2051 2614 Pusam-ms,

347 2640 591 2692 Hermus,
641 2639 857 2692 Vossms,
908 2639 1138 2693 Bmmus,
1185 2641 1479 2694 Huscmcms,
1526 2643 1811 2685 Gommnrus
1851 2657 2050 2686 errorum

347 2721 504 2763 misero
545 2720 790 2776 praetulere
829 2733 886 2762 ex
924 2721 1036 2766 aliis.
1107 2721 1199 2764 Sed
1240 2727 1341 2764 sunt
1375 2721 1455 2765 hae
1491 2723 1812 2768 emendationes
1844 2726 1930 2769 loci
1961 2739 2048 2771 non

278 2854 281 2857 ¹
344 2803 641 2855 necessariae,
669 2802 772 2846 olim
802 2801 956 2845 factae.
985 2824 1045 2833 —
1103 2802 1158 2847 V.
1178 2805 1237 2846 79
1268 2816 1365 2858 sqq.
1405 2803 1694 2849 Dubitabatur
1722 2806 1835 2850 inter
1863 2812 2047 2862 veteres,

345 2892 395 2931 ut
427 2887 779 2929 Bnoucxnusms
810 2891 856 2927 et
885 2885 1104 2928 Has-mus
1131 2891 1364 2940 annotant,
1405 2888 1577 2943 Ulyssis
1618 2901 1788 2934 errores
1821 2890 1867 2934 in
1896 2895 2047 2934 nostro

346 2968 454 3013 orbe
508 2981 564 3011 an
615 2971 741 3011 extra
793 2981 892 3012 eum
944 2969 988 3011 in
1046 2970 1224 3014 Oceano
1279 2973 1499 3016 Atlantico
1549 2972 1744 3016 fuissent.
1841 2974 1910 3017 De
1960 2987 2049 3030 quo
2128 3008 2148 3028 ,2

346 3051 524 3107 copiose
567 3049 803 3093 secundum
848 3050 1105 3093 vetustiores
1150 3053 1340 3095 Sammo
1382 3054 1474 3108 egit
1522 3054 1616 3097 libr.
1651 3054 1688 3098 Ι.
1762 3054 1876 3098 Vide
1915 3056 2048 3100 etiam

346 3133 519 3176 Smmc.
548 3131 688 3188 Epist.
717 3134 805 3175 882
847 3132 1065 3188 Quaeris,
1115 3131 1300 3190 Ulysses
1333 3131 1410 3175 ubi
1442 3134 1682 3183 erraverit,
1716 3134 1871 3192 potius
1911 3150 2049 3195 quam

345 3215 539 3271 efficias,
581 3230 635 3257 ne
665 3230 746 3258 nos
773 3230 942 3272 semper
971 3230 1180 3260 erremus.
1253 3218 1356 3260 Non
1385 3226 1524 3261 vacat
1557 3217 1715 3260 audire
1745 3226 1900 3260 utrum
1928 3219 2048 3262 inter

344 3298 533 3340 Italiam
570 3307 616 3340 et
651 3299 850 3342 Siciliam
890 3301 1094 3344 iactatus
1136 3302 1199 3345 sit
1238 3317 1300 3346 an
1339 3311 1473 3346 extra
1513 3310 1668 3345 notum
1708 3300 1834 3345 nobis
1875 3301 2046 3356 orbem;

343 3397 482 3442 neque
516 3382 629 3425 enim
660 3382 815 3441 potuit
844 3383 892 3427 in
923 3392 1019 3429 tam
1049 3393 1245 3446 angusto
1274 3401 1397 3431 error
1426 3401 1519 3432 esse
1550 3394 1646 3430 tam
1673 3385 1848 3447 longus.
1907 3388 2042 3432 Item-

2124 2318 2154 2433 453

2134 2447 2152 2502 ξ

2136 2555 2152 2602 '4⁴

2131 2603 2151 2654 -τ

2129 3037 2148 3106 4:
