2158 3750
302 263 402 312 356
698 249 1168 308 COMMENTAR.
1204 250 1279 305 IN
1317 252 1610 307 TIBULLI

299 410 348 447 ut
378 402 511 447 nubat
542 400 708 458 puella,
751 411 836 442 non
875 398 962 442 vidi
1003 399 1123 443 allas.
1156 423 1211 432 —
1256 401 1477 444 Saevus
1509 401 1680 444 Amor
1709 405 1778 445 est
1807 403 1996 460 immitis,

299 501 441 544 asper.
503 486 696 527 Sensus:
743 484 888 539 Saepe
929 485 1004 538 qui
1034 484 1264 528 adversum
1299 498 1492 528 amorem
1524 483 1740 527 habebant
1768 486 1838 528 vel
1867 488 2002 531 servi-

301 572 360 613 lia
390 581 523 624 opera
554 579 640 610 non
671 572 952 621 recusarunt,
983 569 1020 611 si
1049 561 1225 612 vincere
1256 573 1437 626 possent
1467 569 1658 612 animum*
1685 569 1883 624 puellae,
1910 570 2005 613 vel-

298 655 361 697 uti
391 653 590 695 Tibullus
620 653 677 706 II,
699 656 742 705 3,
764 653 838 695 fin.
868 652 997 695 dicitz
1044 652 1228 701 Ducite,
1260 654 1325 695 ad
1351 652 1586 709 imperium
1618 652 1822 696 dominae
1849 653 2006 696 sulca-

299 734 443 777 bimus
474 749 633 792 agros,
679 750 768 777 non
810 749 892 792 ego
933 749 1000 776 me
1041 732 1201 776 vinclis
1234 733 1576 794 verberibusque
1605 749 1734 792 nego.
1801 736 2007 782 Praestat

295 817 409 861 enim
441 817 597 860 ceteris
633 817 764 860 lectio
795 816 955 859 vetusti
985 815 1146 859 codicis
1178 815 1452 860 Cuucnm:
1504 817 1728 861 validos
1772 821 2007 863 tentare

292 901 539 945 labores.
611 899 676 943 Ac
705 906 882 942 tentare
913 896 1109 944 labores,
1143 899 1260 952 quod
1291 903 1358 942 est
1388 899 1603 955 experiri,
1631 900 1845 955 tolerare,
1875 901 2008 945 etiam

291 997 321 1028 a
360 985 584 1030 Vmermo
627 984 735 1028 Aen.
777 985 833 1037 V,
873 985 978 1027 499.
1020 982 1208 1039 positum
1247 984 1413 1027 notavit
1454 984 1740 1030 Huscnxrus.
1818 984 2006 1030 Validos

290 1073 436 1112 autem
467 1066 642 1109 labores
675 1065 811 1120 dixit,
851 1066 926 1120 qui
955 1065 1120 1108 validas
1151 1066 1265 1109 vires
1295 1066 1502 1121 exigunt,
1542 1067 1674 1122 idque
1703 1071 1878 1124 praeter
1909 1081 2007 1113 mo-

293 1165 412 1206 rem3
455 1164 555 1195 nam
594 1149 782 1193 locutio=
823 1147 1027 1191 validum
1062 1147 1242 1206 pondus
1281 1150 1422 1194 Vme.
1465 1151 1632 1206 Georg.
1660 1151 1741 1194 111.
1771 1155 1874 1196 172.
1917 1166 2006 1197 non

291 1239 361 1279 est
390 1236 518 1291 plane
546 1234 709 1277 similis.
740 1256 801 1265 —
844 1233 1090 1276 verbera
1120 1246 1290 1277 saeva
1318 1238 1370 1276 ut
1399 1233 1436 1287 Ι,
1466 1238 1509 1288 6,
1540 1237 1638 1278 37..
1675 1233 1844 1279 Tamen
1875 1237 2004 1279 etiam

290 1316 545 1371 Lygdamus
578 1315 651 1358 vix
690 1314 918 1357 admittere
950 1316 1092 1371 potuit
1121 1315 1399 1360 iniucundam
1439 1316 1758 1373 repetitionem.
1818 1318 2006 1363 Videtur

291 1399 436 1456 potius
466 1398 690 1455 scripsisse
714 1412 871 1453 posse,
918 1397 1035 1452 quod
1077 1399 1213 1440 ceteri
1255 1403 1429 1455 praeter
1460 1399 2008 1454 GurAcrANun-‘offenm

289 1484 489 1538 Denique
519 1482 575 1526 ad
614 1483 873 1526 sententiam
917 1481 1091 1527 distichi
1123 1483 1238 1526 conf.
1269 1483 1493 1540 pulchrum
1525 1485 1668 1528 locum
1698 1481 2025 1542 Pnornm'fflfi·
2060 1485 2067 1490 ’

292 1570 334 1620 1,
364 1570 393 1609 9
426 1580 520 1621 sqq.
553 1567 628 1608 ubi
658 1567 788 1620 longe
817 1567 990 1608 suavius
1021 1578 1093 1608 res
1125 1566 1256 1609 dicta.
1286 1589 1346 1598 -
1386 1567 1440 1610 V.
1473 1571 1531 1610 67
1563 1580 1657 1621 sqq.
1689 1567 1891 1610 niveas
1920 1567 2005 1609 iu-

291 1661 514 1694 vencas.
574 1649 857 1692 Huscmmnu
888 1647 1095 1691 iuvencos
1127 1648 1228 1692 ideo
1257 1649 1592 1705 praeferentem,
1623 1648 2003 1704 quiafemininum

293 1732 350 1775 de
379 1745 518 1788 grege
547 1736 800 1788 usurpatum
835 1733 1106 1775 Graecorum
1135 1733 1284 1788 potius
1313 1733 1371 1776 sit
1399 1745 1528 1787 quam
1560 1732 1840 1786 Latinorum,
1869 1731 2004 1776 ‹efu—

290 1817 445 1860 tabunt
485 1816 787 1860 incustoditae
835 1816 964 1860 hoves
1008 1820 1147 1863 Ovm.
1191 1819 1302 1863 Met.
1346 1819 1404 1873 ΙΙ,
1448 1821 1551 1862 684.
1597 1818 1799 1862 Tibullus
1841 1825 2003 1862 tauros

288 1899 399 1943 dixit
428 1900 485 1954 II,
516 1904 560 1954 3,
590 1903 662 1944 11.
694 1923 752 1931 -
797 1901 852 1943 in
891 1913 1088 1944 vanum
1130 1902 1342 1956 iocum,
1383 1902 1485 1957 quia
1524 1901 1614 1945 isto
1657 1903 1854 1959 tempore
1892 1901 2002 1948 haec

288 1983 537 2026 ridebantur
565 1997 592 2026 a
623 1985 864 2040 plerisque,
909 1990 956 2027 ut
987 1984 1187 2028 Tibullus
1217 1985 1275 2039 11,
1309 1988 1353 2039 3,
1392 1988 1468 2028 31.
1497 1986 1760 2041 signifieat„
1787 1987 1901 2042 {Deo
1926 1991 2000 2030 to-

287 2077 387 2107 men
426 2065 597 2119 dignius
637 2070 732 2108 erat
773 2064 856 2109 hoc
887 2067 1058 2109 silentio
1098 2068 1352 2123 praeterire.
1382 2076 1462 2102 -2
1504 2067 1735 2112 cithare
1779 2081 2003 2114 sonora.

290 2146 466 2188 Monuit
506 2147 699 2191 Vossms
739 2147 1000 2191 adlectivum
1045 2163 1232 2191 sonorus
1276 2150 1446 2194 nonnisi
1479 2149 1536 2193 de
1566 2151 1766 2206 graviore
1794 2156 1842 2195 et
1872 2150 2004 2196 vehe-

288 2230 524 2283 mentiore,
570 2231 700 2272 etiam
741 2230 796 2272 de
835 2244 967 2273 rauco
1009 2236 1056 2273 et
1094 2232 1262 2285 ingenti
1293 2245 1402 2275 sono
1434 2232 1547 2286 dici,
1578 2233 1730 2287 'qualis
1760 2245 1858 2276 esse
1887 2234 2003 2278 solet

288 2312 510 2355 fluminum
538 2311 700 2366 (Vme.
727 2312 834 2356 Aen.
857 2311 959 2365 XII,
989 2313 1133 2368 139.)‚
1164 2317 1389 2357 ventorum
1419 2327 1472 2357 ac
1501 2318 1807 2370 tempestatum
1833 2313 1999 2369 (Vno.

287 2395 397 2437 Aen.
415 2394 450 2447 Ι,
475 2393 589 2449 57.),
616 2395 852 2438 tonitruum
886 2394 1177 2449 (Cumanus.
1210 2397 1326 2439 laud.
1359 2395 1533 2440 Stilich.
1560 2397 1619 2451 11,
1648 2398 1767 2453 26),
1794 2411 1999 2444 curruum

288 2478 575 2533 (cummim.
607 2480 650 2522 in
679 2479 864 2536 Eutrop.
894 2480 951 2533 ΙΙ,
988 2480 1116 2535 105).
1176 2483 1424 2526 Assentitur
1453 2482 1796 2538 Emmmmus,
1835 2486 1910 2540 qui
1941 2497 1999 2528 ne

287 2563 522 2606 Lucmz'ru
556 2563 730 2618 quidem
763 2562 940 2605 melicos
982 2578 1161 2606 sonores
1191 2565 1247 2618 V,
1279 2568 1383 2610 335.
1430 2566 1486 2609 de
1530 2566 1816 2610 instrumento
1858 2567 1998 2611 dulci·-

286 2657 396 2687 sono
427 2658 584 2702 capere
624 2646 743 2688 velit.
812 2645 939 2689 Nunc
981 2648 1018 2690 si
1059 2648 1252 2701 miraris,
1299 2661 1377 2690 cur
1415 2647 1498 2692 hoc
1541 2648 1762 2705 epitheton
1805 2650 1997 2704 citharae

286 2726 481 2770 additum
527 2728 610 2781 sit,
668 2728 982 2783 respondemus
1028 2730 1145 2783 quod
1189 2729 1490 2774 Emusmmo'
1527 2731 1573 2774 in
1623 2737 1812 2776 mentem
1863 2735 1997 2789 venit,

287 2813 467 2864 propter
497 2809 812 2865 oppositionem
844 2824 1014 2853 avenae
1043 2811 1220 2855 factum.
1252 2837 1313 2846 —
1353 2813 1471 2857 Nec
1501 2815 1732 2859 similes
1761 2814 1996 2862 chordis

286 2891 530 2936 reddere
573 2905 712 2936 voce
756 2905 954 2948 sonos,
1011 2906 1092 2937 nec
1136 2908 1293 2938 canere
1337 2896 1392 2939 ad
1434 2896 1642 2942 citharam
1687 2899 1842 2954 docte,
1894 2901 1996 2955 quia

286 2977 428 3018 aliena
459 2975 566 3020 haec
597 2991 623 3019 a
661 2979 884 3033 pastoritia
912 2978 1026 3032 vita,
1070 2979 1141 3022 cui
1170 2981 1315 3022 fistula
1344 2982 1483 3036 magis
1513 2984 1732 3026 convenit.
1763 3006 1821 3016 -
1868 2998 1995 3040 per-

286 3059 524 3102 lucenti.
597 3060 796 3115 ineptum
845 3060 1084 3116 epitheton.
1146 3062 1422 3105 Huscmcms
1465 3065 1650 3109 coniecit
1684 3065 1996 3121 permulcenti.

287 3140 436 3196 Ipsum
491 3143 711 3184 servitium
754 3144 968 3198 Apollinis
1020 3145 1175 3187 melius
1231 3145 1463 3202 descripsit
1505 3146 1709 3190 Tibullus
1748 3149 1806 3201 11,
1847 3151 1892 3191 3.
1935 3170 1993 3180 -—-

289 3225 615 3279 coniugium
659 3227 861 3280 ferum,
907 3228 1060 3272 foedus
1092 3231 1252 3273 amoris
1283 3243 1381 3273 cum
1411 3231 1591 3274 muliere
1622 3232 1753 3285 dura,
1783 3233 1991 3277 intracta-

288 3306 378 3348 bili.
411 3329 464 3338 -
514 3307 754 3351 blandas
795 3309 1078 3354 adhibere
1119 3314 1404 3366 querelas.
1466 3313 1593 3356 Iubet
1634 3313 1855 3358 HEYNms
1897 3316 1990 3358 ele-

290 3388 478 3439 gantiam
511 3392 719 3436 sermonis
751 3391 997 3446 observari,
1040 3406 1136 3438 nam
1169 3392 1375 3439 adhibere
1405 3407 1555 3451 preces
1586 3396 1777 3440 solemne
1808 3399 1897 3449 est,
1930 3395 1984 3440 cf.

2099 1456 2158 1875 ἕ

2132 3031 2145 3060 r—
2141 3007 2145 3023 ψ
2123 2952 2143 2991 Ῐ-Ᾰ-
2126 2578 2148 2940 ἶᾋέῧνὲεᾼὲέἡζ-ὶωκ
