2158 3750
664 295 846 347 LIBR.
883 297 923 346 Ι.
996 297 1196 350 ELEG.
1232 299 1323 350 VI.
1748 307 1842 352 131

146 437 339 486 induxit,
373 438 554 496 decepit,
588 439 810 486 destituit.
862 442 1043 487 HORAT.
1076 445 1168 487 Sat.
1200 445 1235 499 1,
1266 447 1310 498 2,
1341 447 1427 488 882
1472 450 1679 487 emtorem
1710 442 1844 486 indu-

148 531 224 565 cat
263 523 476 567 hiantem.
537 523 652 568 Vide
691 526 813 581 plura
858 526 972 582 apud
1015 527 1400 571 Bnoncxnusmnt.
1430 553 1490 562 —
1535 528 1687 574 Quid
1730 527 1843 572 tibi

144 611 430 652 saevitiae
470 622 679 653 mecum
725 609 850 654 est?
920 610 1076 653 Lectio
1121 625 1234 655 nunc
1266 613 1444 656 reducta
1476 627 1501 656 a
1530 613 1843 657 LacmuANNO.

144 695 284 735 Saeve
309 709 425 750 puer
464 694 706 737 emendatio
735 695 916 737 aliorum
946 695 1147 749 antiqua,
1193 709 1219 737 a
1256 697 1461 741 thssvro
1491 699 1703 751 indicata,
1745 712 1843 742 cum

143 791 275 833 saepe
315 779 376 820 ita
419 777 612 831 dicatur,
656 789 698 820 v.
740 790 778 820 c.
828 778 965 821 Ov1n.
1009 778 1179 819 Amorr.
1209 777 1244 831 I,
1279 782 1319 832 1,
1349 784 1392 823 5.
1465 780 1577 823 Illud
1619 794 1721 825 vero
1763 795 1844 826 nec

143 861 362 903 Hermus
405 871 581 915 prorsus
622 857 838 901 damnavit
879 871 959 901 nec
1003 858 1300 913 Huscmcms,
1347 861 1420 915 qui
1465 864 1746 906 GRoNovum
1791 864 1843 906 ad

143 945 285 987 Plaut.
319 944 461 986 Casin.
492 943 549 995 11,
577 945 622 996 2,
655 945 727 984 13.
757 941 916 984 laudat.
977 941 1161 985 Notiora
1202 944 1375 998 quidem
1418 947 1528 999 alia,
1570 952 1619 989 ut
1661 948 1843 1004 simplex

143 1027 347 1069 formula:
380 1025 504 1083 Quid
527 1023 613 1066 tibi
641 1022 844 1067 mecum?
874 1027 1009 1069 OVID.
1042 1026 1160 1070 Fast.
1185 1027 1261 1081 IV,
1284 1031 1339 1081 33
1370 1033 1416 1069 τί
1445 1044 1510 1070 σοι
1534 1026 1737 1088 προσήκει
1761 1033 1846 1074 τῶν

142 1112 276 1162 ἒμῶνς
313 1114 360 1151 τί
398 1123 465 1151 σοι
493 1109 609 1159 μέλει
636 1103 779 1161 τᾶμάς
831 1122 961 1165 porro
1004 1107 1134 1152 haec:
1182 1108 1306 1166 Quid
1332 1106 1417 1151 tibi
1446 1111 1511 1152 rei
1540 1126 1706 1154 mecum
1737 1112 1843 1155 est?

143 1183 361 1238 Turtam-J
397 1193 579 1251 Adelph.
611 1194 667 1247 II,
701 1197 743 1248 1,
775 1197 860 1247 233
907 1193 1030 1251 Quid
1058 1191 1142 1234 tibi
1171 1209 1336 1235 mecum
1368 1201 1437 1236 est
1467 1193 1732 1244 commercii,
1773 1210 1844 1238 se·

142 1291 252 1323 nex,
279 1277 457 1319 PLAUT.
493 1277 635 1319 Aulul.
667 1276 745 1329 IV,
776 1278 819 1328 4,
845 1277 897 1328 43
933 1275 1082 1318 credat
1112 1281 1254 1319 tamen
1287 1277 1441 1332 aliquis
1472 1277 1527 1320 ad
1556 1276 1708 1322 horum
1739 1292 1843 1322 ana-

144 1362 302 1414 logiam
334 1361 402 1403 sic
442 1360 707 1416 propositam
738 1359 999 1401 locutionem
1030 1359 1237 1414 explicari
1270 1374 1425 1417 posse:
1471 1363 1589 1408 Quid
1620 1365 1697 1407 tibi
1727 1366 1845 1409 saevi

142 1445 308 1499 negotii
336 1456 504 1487 mecum
535 1443 639 1486 est?
699 1441 790 1486 Sed
821 1441 904 1486 hoc
934 1455 1019 1485 non
1049 1442 1305 1498 defendam,
1352 1445 1389 1487 si
1431 1458 1582 1488 sensus
1613 1447 1846 1491 formulae:

146 1529 263 1574 Quid
303 1528 382 1572 tibi
411 1518 615 1571 mecuin?
660 1527 834 1603 proprie
875 1525 944 1570 bic
987 1531 1081 1570 est:
1129 1527 1245 1572 Quid
1278 1528 1355 1571 tibi
1385 1543 1612 1574 commune
1642 1532 1865 1575 mecum?
1902 1566 1905 1569 .

143 1615 321 1657 Interim
359 1613 576 1656 incautum
617 1611 676 1654 sit
715 1605 882 1654 mutare
919 1610 1076 1653 locum.
1139 1609 1318 1654 Alienae
1348 1625 1451 1655 vero
1483 1613 1591 1655 tales
1623 1613 1845 1668 formulae,

144 1699 281 1752 qualis
311 1695 419 1741 haec
449 1695 622 1739 laudata
651 1694 706 1737 ab
731 1694 972 1767 Huscmuo
998 1699 1043 1737 et
1067 1695 1352 1738 Gonnum·
1384 1696 1514 1739 Hom.
1532 1697 1582 1740 Il.
1596 1697 1718 1752 XXI,
1732 1703 1845 1743 360.

144 1785 191 1822 τί
220 1799 293 1831 μοι
322 1780 463 1839 ἴριδος
494 1781 568 1821 καὶ
597 1770 791 1836 ἆρωγῆς,
800 1773 878 1822 h
911 1791 950 1822 e.
992 1783 1038 1820 τί
1067 1795 1141 1828 μοι
1172 1779 1242 1820 δεῖ
1267 1774 1458 1831 τούτων,
1500 1779 1603 1835 quid
1643 1780 1726 1823 ista
1767 1795 1846 1823 no-

142 1865 269 1909 stra?
300 1888 359 1898 —
391 1863 646 1907 Insidias
675 1862 1099 1918 composuisse,
1133 1859 1172 1904 h.
1194 1875 1230 1903 e.
1256 1863 1490 1916 struxisse,
1522 1862 1576 1905 cf.
1606 1863 1844 1906 Pnopssum.

141 1949 198 2002 ΙΙ,
229 1952 272 2001 9,
303 1952 403 2002 31.,
448 1947 726 2002 comparante
768 1945 1126 1996 Baoucmmsm,
1180 1945 1252 1997 qui
1297 1945 1424 1986 etiam
1467 1944 1552 1986 alia
1594 1943 1738 1986 habet.
1787 1969 1846 1975 —-

141 2033 197 2077 V.
227 2038 255 2076 5
286 2046 379 2088 sqq.
442 2031 571 2074 Nam
606 2027 739 2071 mihi
780 2027 1099 2071 tenduntur
1138 2039 1358 2080 casseS,
1405 2028 1640 2083 praemissa
1671 2031 1846 2083 querela

141 2130 253 2160 nunc
280 2124 411 2157 causa
440 2113 642 2168 querelae
670 2110 894 2153 subiicitur
921 2114 964 2152 et
988 2110 1242 2165 explicatur,
1270 2108 1325 2153 cf.
1349 2109 1403 2152 ad
1426 2109 1461 2164 Ι,
1484 2113 1527 2164 2,
1552 2115 1593 2153 5.
1658 2113 1845 2155 Sensus:

142 2202 319 2255 paratur
358 2198 402 2239 in
445 2195 617 2238 occulto
652 2194 864 2250 pernicies
906 2205 1018 2235 mea.
1079 2191 1278 2235 Conferri
1323 2197 1466 2248 potest
1496 2194 1733 2237 Pnopmzw.
1768 2195 1847 2248 111,

142 2284 186 2332 8,
213 2283 270 2321 37
287 2291 298 2317 =
329 2285 500 2319 nectere
529 2275 646 2317 retia
677 2275 804 2317 lecto.
826 2296 882 2305 —
914 2273 1023 2316 Mox
1054 2272 1214 2316 fovet
1245 2273 1285 2316 h.
1319 2287 1357 2318 e.
1390 2277 1676 2331 amplectitur.
1709 2279 1845 2321 Vmc..

146 2363 254 2405 Aen.
287 2362 320 2413 1,
349 2362 454 2403 722.
484 2359 563 2412 lv,
593 2362 696 2402 686.
727 2381 788 2391 -
829 2362 936 2400 tam
968 2358 1141 2400 multa
1176 2362 1366 2411 negat.
1429 2359 1668 2402 δεῖμα-,ΕΒ
1700 2360 1846 2402 multa

145 2458 209 2501 pr.
242 2442 432 2486 multum
464 2443 646 2499 accipit,
693 2441 807 2497 quod
838 2446 1076 2496 sequuntur
1108 2441 1351 2494 Hermum,
1397 2441 1612 2495 Vossms,
1655 2441 1846 2486 defendit

144 2529 570 2577 Wmsnnnucmtrs,
606 2524 838 2568 observans
868 2525 935 2567 vel
968 2525 1010 2567 in
1043 2523 1181 2580 prosa
1203 2525 1395 2567 oratione
1427 2522 1538 2567 hunc
1565 2538 1687 2568 usum
1719 2539 1846 2583 repe—

145 2610 219 2653 riri
261 2608 375 2665 apud
417 2609 721 2661 Cmmzomm,
758 2619 815 2650 ne
846 2607 941 2661 quis
971 2620 996 2648 a
1027 2606 1304 2661 simplicitate
1335 2606 1608 2650 Tibullianae
1641 2609 1848 2652 orationis

143 2708 236 2738 rem
267 2692 449 2737 alienam
479 2697 617 2749 putet.
679 2690 770 2735 Sed
815 2690 896 2734 hoc
937 2691 980 2732 in
1025 2690 1183 2734 talibus
1227 2690 1617 2733 constructionibus
1656 2692 1729 2744 fit,
1774 2691 1847 2733 ubi

145 2774 292 2817 multa
335 2786 415 2831 pro
457 2774 671 2817 adiectivo
707 2773 847 2829 accipi
893 2772 1055 2827 nequit.
1118 2772 1204 2815 Hic
1234 2772 1388 2816 vitiose
1419 2773 1590 2816 locutus
1624 2777 1738 2816 esset
1769 2773 1848 2816 Ti-

144 2857 312 2910 bullus,
345 2855 696 2911 si'postulasset,
728 2859 776 2898 ut
807 2867 886 2911 pro
917 2854 1122 2898 adverbio
1160 2852 1418 2909 haberetur,
1451 2856 1565 2910 quod
1599 2856 1737 2911 primo
1770 2854 1847 2897 ad-

145 2941 298 2995 spectu
340 2937 478 2992 quivis
520 2950 599 2993 pro
633 2936 847 2980 adiectivo
889 2937 1090 2993 accipiet.
1149 2937 1263 2980 Illud
1308 2949 1412 2980 vero
1453 2938 1615 2993 optime
1649 2937 1850 2980 observat

148 3018 853 3076 Wmmssnucmus,particulam
884 3024 991 3063 tam
1022 3019 1211 3063 additam
1245 3019 1335 3063 fere
1359 3020 1609 3075 superlativi
1633 3019 1716 3062 vim
1745 3032 1849 3062 con-

147 3105 292 3148 ciliare
323 3103 538 3147 adiectivo
560 3102 762 3155 suaviter,
793 3106 843 3143 ut
874 3101 1081 3146 Carum..
1108 3105 1151 3156 8,
1176 3106 1234 3145 6:
1267 3100 1339 3143 Ibi
1366 3100 1449 3142 illa
1478 3100 1622 3142 multa
1656 3108 1751 3141 tam
1783 3098 1848 3141 io-

148 3199 251 3227 cosa
273 3184 319 3241 s
319 3182 468 3229 ebant
530 3185 621 3229 Iam
645 3197 741 3228 cum
767 3186 1027 3229 Gumunn'o
1053 3191 1098 3229 et
1123 3187 1303 3231 Vunmo
1335 3186 1509 3243 proprie
1539 3185 1689 3241 accipe
1721 3185 1850 3228 verba

149 3265 244 3320 (Sie
274 3265 466 3326 liiugnet
503 3281 553 3310 so
583 3266 837 3321 manc-hes),
886 3267 1001 3322 quod
1039 3281 1124 3312 non
1166 3269 1294 3312 video
1327 3281 1403 3312 cur
1444 3268 1713 3324 displicuerit
1753 3267 1851 3310 aliis

150 3353 225 3390 aut
257 3361 335 3404 pro
348 3347 512 3390 multa
544 3350 790 3406 postuletur
820 3349 980 3393 omnia.
1042 3336 1230 3395 Sensus.
1278 3352 1371 3395 lna·
1388 3352 1562 3406 quidem
1593 3356 1680 3395 tam
1715 3352 1846 3394 multa

155 3435 313 3486 negat,
357 3437 405 3474 ut
436 3434 531 3487 quis
562 3433 876 3490 propemodum
909 3434 1074 3479 diffidat
1105 3435 1420 3493 suspicionibus
1453 3434 1565 3485 suis,
1599 3438 1642 3476 et
1673 3446 1750 3489 pro
1782 3433 1847 3473 in-

1365 3524 1393 3567 9
1414 3520 1438 3549 ’¹²
