2158 3750
327 257 429 306 366
718 249 1190 304 COMMENTAR.
1223 250 1301 303 IN
1338 251 1626 305 TIBULLI

331 398 618 440 Gssnmmms
651 391 938 450 comparavit,
970 393 1194 439 Qum'rn..
1225 395 1461 439 Declamat.
1494 398 1572 443 XI.
1604 413 1645 454 p.
1683 402 1792 444 156:
1836 401 2018 445 sacrile-

325 493 431 535 gum
464 475 671 517 continuo
689 476 946 532 flagrasset
974 473 1250 524 incendium,
1280 478 1357 520 sed
1390 480 1486 533 quiS
1516 481 1716 535 probabit
1749 482 2018 537 Lygdamum

328 565 448 604 certo
477 559 538 602 ita
567 558 817 614 scripsisse,
860 570 957 600 cum
989 557 1271 601 Concursus
1304 561 1606 605 nominativum
1638 562 1875 607 exhibeat?
1935 566 2023 608 Ce-

328 653 468 686 terum
519 643 778 697 templorum
832 640 1030 683 incendia
1075 641 1187 684 inter
1234 640 1427 685 facinora
1478 645 1666 687 maxime
1713 646 1844 701 impia
1893 645 2025 691 fuisse

326 729 507 769 constat.
570 724 761 779 Collegit
790 725 908 767 locos
940 725 1317 767 Bnoucxnusms-
1335 749 1398 758 —
1425 726 1581 770 facta
1611 727 1855 771 nefanda
1882 730 2027 774 Wun-

328 820 609 852 nssnmcmus
654 807 960 863 interpretatur
999 798 1511 863 impetas'grassatorum
1541 813 1587 852 et
1615 810 1858 864 latronum,
1906 825 2025 855 com-

326 905 479 947 parans
522 890 729 933 CATULL·
757 890 926 944 XX111,
960 893 1039 933 10:
1087 905 1175 932 non
1213 890 1350 944 facta
1391 890 1531 948 impia
1571 906 1651 934 nec
1697 892 1818 934 dolos
1858 893 2027 941 veneni,

326 974 400 1018 ubi
429 979 571 1016 tamen
601 974 756 1028 opinor
785 977 958 1029 praeter
988 974 1202 1016 latronum
1234 974 1406 1030 rapinas
1437 976 1569 1018 etiam
1609 976 1767 1020 caedes
1799 982 1843 1021 et
1872 978 2023 1022 incen-

326 1061 397 1103 dIa
427 1060 727 1114 intelliguntur
766 1063 811 1101 et
852 1058 1060 1113 quidquid
1095 1063 1322 1113 praeterea
1355 1060 1643 1104 violentorum
1673 1061 1911 1106 facinorum
1942 1062 2028 1106 do-

327 1143 378 1184 lis
411 1142 571 1198 opponi
603 1146 763 1197 potest.
822 1139 1012 1195 Explico
1038 1140 1172 1195 igitur
1201 1141 1265 1183 sic
1297 1141 1466 1196 potius:
1499 1143 1686 1186 Omnino
1715 1143 1820 1188 nihil
1850 1145 2026 1189 nefandi

328 1225 438 1279 feci;
483 1226 639 1280 quibus
669 1225 972 1280 complectitur
1007 1229 1052 1268 et
1093 1224 1255 1267 claudit
1296 1225 1645 1269 antecedentium
1675 1238 1820 1270 rerum
1850 1239 2028 1271 enume-

327 1309 562 1362 rationem,
594 1314 909 1352 memoraturus
938 1308 1098 1353 deinde
1127 1309 1260 1353 verba
1290 1310 1449 1366 impia,
1481 1310 1610 1366 plane
1637 1314 1687 1353 ut
1714 1323 1846 1367 snpra
1875 1310 1956 1364 111,
1985 1314 2029 1366 4,

327 1394 398 1436 15.
429 1392 514 1435 sibi
543 1392 746 1448 opposuit
775 1390 906 1435 haec:
939 1390 990 1433 Si
1020 1405 1118 1433 mea
1148 1404 1226 1432 nec
1259 1390 1385 1448 turpi
1415 1406 1535 1435 mens
1564 1400 1634 1434 est
1664 1389 1854 1435 obnoxia
1875 1392 2030 1450 facto,

327 1488 404 1516 nec
433 1473 567 1516 laesit
596 1488 782 1533 magnos
811 1472 949 1531 impia
979 1473 1140 1534 lingua
1173 1474 1289 1519 deos,
1321 1499 1382 1508 —-
1423 1476 1475 1519 In
1505 1477 1811 1532 sequentibus:
1839 1477 2030 1532 iurgia

328 1558 560 1600 insanae
590 1558 796 1600 mentis
826 1557 943 1613 quod
971 1559 1140 1612 attinet,
1170 1558 1492 1603 Lxcnnxmws
1522 1560 1578 1603 ad
1605 1562 1806 1617 Propert.
1831 1562 1867 1615 Ι,
1890 1565 1934 1615 3,
1962 1565 2031 1606 18.

328 1640 439 1683 bene
470 1645 694 1695 comparat
724 1640 987 1683 locutionem
1017 1638 1172 1697 iurgia
1202 1639 1437 1685 saevitiae.
1498 1641 1613 1684 Nam
1653 1641 1901 1686 Tibulliana
1945 1655 2030 1687 non

329 1727 395 1764 est
427 1723 605 1765 locutio·
664 1724 830 1766 Sensus
861 1736 991 1766 vero:
1033 1736 1176 1779 neque
1207 1737 1292 1780 ego
1322 1725 1642 1769 criminationes
1673 1726 1836 1781 iratas‚·
1860 1725 2033 1770 insanas

327 1805 563 1859 meditans,
592 1806 724 1848 verba
755 1807 887 1863 impia
917 1806 961 1850 in
992 1806 1098 1850 deos
1129 1807 1245 1862 dixi,
1275 1808 1314 1851 si
1343 1807 1514 1851 adversi
1544 1807 1814 1852 videbantur.
1874 1807 2031 1852 Tibul-

327 1890 394 1933 lus
425 1889 481 1943 ΙΙ,
513 1893 556 1943 6,
589 1892 670 1932 182
700 1888 866 1931 insana
897 1897 1041 1933 mente
1071 1889 1276 1948 nefanda
1304 1888 1442 1948 loqui.
1469 1912 1530 1924 —
1577 1891 1717 1933 Porro
1746 1890 2032 1937 solvimus

327 1985 436 2016 ora.
497 1973 641 2029 Saepe
673 1971 751 2015 hac
782 1970 925 2027 phrasi
958 1972 1167 2014 Ovnmm
1199 1985 1322 2014 usum
1352 1972 1558 2016 Vum’ms
1590 1977 1727 2026 notat,
1756 1972 1891 2016 veluti
1919 1972 2031 2015 Met.

326 2057 363 2112 1,
394 2060 497 2101 151.
557 2057 646 2100 Hic
687 2069 891 2112 compara
935 2056 1146 2111 imprimis
1177 2056 1287 2098 Met.
1314 2055 1392 2108 111,
1423 2059 1539 2098 2612
1589 2063 1688 2098 tum
1725 2054 1929 2114 linguam
1972 2055 2035 2095 ad

326 2138 480 2198 iurgia
510 2138 662 2182 solvit.
695 2161 752 2170 -
800 2139 856 2183 V.
890 2141 946 2181 15
977 2151 1073 2193 sqq.
1133 2139 1343 2193 Sequitur
1373 2152 1484 2182 nunc
1516 2137 1666 2181 altera
1698 2153 1860 2186 causa,
1896 2153 2032 2195 quare

325 2227 509 2265 mortem
550 2222 820 2277 deprecatur.
864 2244 925 2252 —-
981 2221 1226 2265 nondum
1267 2223 1391 2264 cani
1434 2223 1633 2276 nigros
1676 2224 1902 2267 laesere
1945 2238 2032 2267 ca·-

326 2304 528 2359 pillos,
572 2301 613 2345 h.
646 2315 686 2346 e.
715 2303 904 2346 nondum
936 2304 1032 2346 cani
1063 2303 1247 2346 immixti
1275 2304 1448 2359 plurlmi
1479 2305 1643 2358 nigris,
1681 2304 1760 2348 hos
1790 2310 2030 2362 turparunt.

326 2388 451 2431 Dixit
481 2388 615 2442 igitur
644 2385 820 2429 laedere
847 2388 989 2431 latiori
1020 2401 1164 2442 sensu,
1195 2392 1240 2431 et
1270 2393 1494 2443 comparat
1522 2394 1624 2445 apte
1648 2390 1839 2434 Vossms
1865 2390 2030 2435 Lucana

328 2472 381 2526 V,
411 2473 526 2514 456:
584 2469 757 2512 laesum
803 2468 918 2511 nube
967 2469 1095 2514 diem.
1176 2469 1460 2525 Excogitavit
1505 2476 1651 2514 autem
1702 2470 1812 2515 hanc
1859 2471 2031 2528 phrasin

326 2552 582 2608 Lygdamus
620 2557 802 2608 propter
832 2552 1151 2608 oppositionem
1185 2553 1406 2606 colorum,
1450 2566 1580 2609 quam
1611 2554 1684 2598 ubi
1717 2559 1862 2611 potest
1887 2555 2029 2603 infert.

323 2637 486 2682 Melius
527 2637 642 2681 idem
682 2639 982 2682 Pnopsnmus
1027 2638 1137 2682 dixit
1177 2638 1259 2692 ΠΙ,
1301 2640 1461 2692 55242
1513 2639 1743 2695 Sparserit
1786 2648 1833 2681 et
1874 2639 2030 2698 nigras

324 2719 434 2763 alba
462 2728 642 2764 senecta
673 2735 844 2767 comas,
890 2725 967 2763 aut
1007 2721 1204 2763 Ovmms
1235 2720 1369 2762 Trist.
1401 2719 1477 2773 IV,
1509 2723 1564 2763 8:
1608 2719 1767 2776 Infi'cit
1797 2727 1842 2761 et
1875 2721 2031 2780 nigras

326 2800 432 2844 alba
461 2809 642 2844 senecta
674 2816 846 2849 comas,
877 2807 923 2845 et
951 2801 1151 2844 Tibullus
1180 2801 1215 2854 I,
1247 2804 1290 2854 8,
1315 2803 1396 2843 42:
1431 2802 1540 2842 Cum
1567 2807 1700 2843 vetus
1727 2799 1889 2859 infecit
1914 2816 2030 2844 cana

325 2891 504 2927 senecta
523 2891 676 2941 caput.
698 2908 759 2917 —
789 2884 899 2926 Mox
926 2895 1030 2926 cave
1054 2882 1206 2936 iungas
1239 2882 1397 2926 veuit
1427 2881 1605 2925 tardor
1625 2881 1793 2938 pede,
1823 2888 1874 2926 ut
1898 2885 2030 2939 vulgo

325 2978 429 3009 sane
459 2965 640 3009 dicimus
671 2969 717 3007 et
741 2963 902 3007 dictum
934 2977 976 3007 v.
1007 2978 1045 3009 c.
1079 2965 1216 3008 Ovm.
1249 2964 1420 3008 Amorr.
1451 2963 1511 3018 II,
1540 2968 1660 3019 670„
1689 2965 1766 3008 sed
1798 2964 1880 3010 hec
1909 2968 2028 3010 vult:

326 3047 512 3090 necdum
542 3047 661 3090 venit
691 3060 822 3090 curva
849 3051 1050 3090 senectus
1085 3047 1208 3092 tardo
1240 3047 1353 3104 pede
1384 3047 1620 3102 incedens,
1665 3049 2026 3104 quemadmodum

328 3128 729 3173 Wunnssnmcmus
762 3133 807 3172 et
837 3128 1044 3172 Baculus
1073 3133 1291 3174 notarunt.
1353 3129 1568 3185 Ambigue
1598 3130 1732 3173 multa
1762 3130 1873 3178 dimit
1903 3131 2029 3187 Lyg-

327 3209 490 3254 damus.
562 3212 702 3254 Porro
745 3215 865 3254 recte
909 3215 1058 3254 monet
1099 3212 1504 3256 Wunnunmcmtrs
1546 3226 1632 3256 nou
1674 3225 1902 3270 personam
1944 3216 2031 3259 Se-

328 3297 496 3337 nectam
539 3294 839 3348 cogitandam3
885 3295 1143 3351 intelligitur
1183 3297 1329 3352 potius
1370 3297 1464 3353 ipsa
1507 3295 1798 3340 membrorum
1839 3298 2028 3350 gravitas

329 3376 486 3421 senilis.
580 3377 840 3432 Designatur
897 3375 966 3421 bic
1019 3381 1218 3422 senectus
1270 3391 1326 3421 ex
1386 3377 1542 3422 canitie
1605 3380 1648 3419 et
1702 3371 1923 3422 tarditate.
1974 3400 2029 3411 «-
