2158 3750
337 240 443 286 272
744 235 1213 290 COMMENTAR.
1249 236 1325 287 ΙΝ
1361 237 1407 286 T
1409 235 1650 289 IBULLI

339 387 424 427 tat
468 395 584 427 eum
631 380 698 423 ad
743 392 911 424 saera
960 393 1060 424 sua
1105 386 1163 425 et
1210 380 1422 424 doceat
1470 380 1812 438 intelligere
1858 384 2042 430 libros

339 466 678 520 Sibyllinos.

457 548 512 592 V.
546 548 570 587 1
603 557 697 600 sqq.
745 549 840 587 tua
882 545 1122 600 templa.
1166 544 1369 599 Intellige
1411 545 1624 602 templum
1667 545 1882 602 Apollinis
1910 547 2044 591 Pala-

339 630 417 673 tini
454 629 509 671 ab
553 629 753 683 Augusto
798 628 1045 671 dedicatum
1087 640 1185 671 ann·
1214 632 1347 682 726„
1397 628 1451 672 de
1482 642 1568 684 quo
1599 631 1900 674 Pnorsswrms
1931 633 2046 676 canit

338 712 396 765 ΙΙ,
435 714 510 755 31.
570 710 789 753 Memorat
828 711 1038 758 Suu'r‘oN.
1083 714 1198 767 Aug.
1239 716 1313 755 29.
1356 717 1401 755 et
1442 713 1530 755 D1o
1561 713 1686 756 CAss.
1720 714 1796 768 LI,
1829 717 1871 758 1.
1931 715 2046 759 Vide

341 794 471 837 etiam
511 793 792 835 LfinsENIUM
838 795 910 834 De
956 793 1118 851 templo
1165 802 1210 836 et
1260 792 1526 836 bibliotheca
1569 794 1800 852 Apollinis
1839 796 2050 840 Palatini

340 877 535 933 Franeq.
566 887 664 919 ann.
699 878 830 918 1719.
860 897 920 906 —-
955 876 1078 919 Huc
1112 889 1218 931 age
1254 877 1406 930 veni,
1438 889 1572 931 quare
1602 878 1726 931 veni,
1754 877 2052 921 antecedenti-

341 957 428 1000 bus
452 957 595 1000 verbis
627 969 800 1001 causam
832 955 1087 999 hortationis
1119 957 1451 1002 continentibus.
1469 981 1530 988 —
1561 958 1867 1014 impellere
1897 957 2052 1002 ohor-

342 1038 454 1082 das.
513 1039 711 1082 Excitari
741 1039 823 1080 sibi
869 1039 961 1080 vult
999 1038 1200 1080 Tibullus
1241 1038 1423 1091 lyricum
1455 1040 1655 1095 spiritum
1697 1044 1744 1083 et
1782 1016 2050 1083 incalescere

342 1120 593 1173 sublimius,
626 1119 742 1174 quod
774 1121 851 1161 fiet
880 1118 956 1160 ubi
989 1117 1096 1160 deus
1125 1118 1311 1174 impulsa
1339 1120 1460 1173 lyra,
1497 1122 1581 1163 soli
1611 1126 1753 1164 tamen
1783 1126 1942 1178 poetae
1971 1134 2052 1165 au·-

343 1201 526 1255 dienda,
571 1201 804 1257 praeiverit
848 1201 956 1243 artis
999 1211 1106 1242 suae
1150 1197 1308 1242 modos
1356 1201 1624 1254 magnificos.
1686 1202 1892 1246 Ceterum
1922 1204 2053 1246 etiam

343 1285 514 1340 signum
545 1285 614 1327 dei
644 1285 687 1327 lu
717 1285 880 1340 templo
913 1288 1006 1326 erat
1035 1284 1131 1338 lyra
1161 1283 1370 1337 canentiS,
1403 1288 1454 1326 ut
1481 1284 1786 1328 Pnopssmms
1820 1284 1964 1328 docet.
1993 1307 2055 1317 —-

343 1383 576 1425 precor,
610 1373 905 1412 constructum
937 1368 1006 1412 hic
1037 1381 1136 1412 cum
1164 1369 1403 1422 infinitivo,
1445 1373 1494 1411 ut
1525 1370 1688 1424 passim
1727 1382 1798 1426 ap.
1831 1369 2057 1423 Ovnmm,

344 1465 385 1495 v.
413 1465 453 1494 c.
485 1451 668 1496 Heroid.
703 1453 757 1504 V,
787 1452 877 1504 fin„
913 1450 1037 1504 XIX,
1065 1453 1140 1492 82.
1201 1450 1412 1493 Similiter
1442 1457 1560 1506 opto,
1591 1465 1714 1509 rogo,
1745 1465 1821 1492 oro
1850 1456 2059 1507 usurpata

344 1535 527 1578 inveniri
573 1536 841 1578 Huscmcms
889 1540 1036 1578 monet
1081 1539 1232 1578 contra
1279 1536 1511 1589 Vossum,
1558 1548 1615 1578 ex
1655 1548 1742 1578 uno
1788 1535 1899 1579 libro
1940 1549 2060 1578 nunc

346 1631 458 1673 opus
487 1623 780 1674 reponentem.
808 1641 868 1649 -
913 1617 980 1660 ad
1012 1617 1212 1660 laudes
1243 1616 1495 1659 flectere
1526 1617 1702 1660 verba
1731 1630 1892 1661 meas.
1957 1618 2061 1662 Vult

346 1703 478 1745 etiam
508 1703 552 1744 in
577 1702 718 1745 verbis
750 1707 796 1745 et
823 1703 1047 1745 sententiis
1078 1702 1185 1758 ipsis
1214 1700 1426 1758 ponendis
1456 1700 1669 1754 adiuvari,
1703 1700 1820 1743 unde
1851 1700 2049 1743 dixerat:

348 1799 448 1825 cam
479 1782 750 1826 carminibus
779 1783 893 1827 veni.
954 1784 1048 1827 Iam
1090 1797 1149 1827 ex
1178 1785 1346 1839 vulgari
1387 1785 1577 1828 lectione
1617 1785 1775 1840 Apollo
1816 1784 1949 1827 verba
1980 1797 2060 1827 sua

349 1870 526 1912 flectere
557 1869 612 1911 ad
642 1869 792 1912 laudes
822 1869 986 1912 Tibulli
1015 1882 1051 1911 s.
1085 1882 1113 1912 a
1142 1869 1320 1912 Tibullo
1352 1868 1566 1924 parandas
1597 1868 1804 1920 debebit,
1834 1867 1951 1923 quod
1981 1881 2062 1925 pa-

349 1959 415 1997 tet
445 1967 572 2008 quam
603 1955 662 1997 sit
688 1954 959 1997 incommode
991 1953 1182 2007 dictum,
1228 1966 1311 1997 nec
1341 1953 1613 1997 satisfaciunt
1645 1953 1895 2010 propositae
1924 1952 2063 1994 inter-

350 2040 644 2094 pretationes,
675 2039 739 2082 uti
766 2038 853 2081 iam
878 2039 1103 2081 Harmas
1134 2040 1316 2081 monuit.
1377 2037 1676 2091 Huscnxms,
1708 2049 1838 2092 quem
1866 2037 2063 2091 sequitur

353 2123 668 2176 Gonnnnxus,
714 2122 880 2178 recepit
919 2122 1149 2164 lectIonem
1190 2122 1284 2164 sive
1326 2121 1671 2165 emendationem
1702 2120 1898 2165 inlibris
1931 2121 2066 2164 Matt-

355 2204 560 2248 Monach.
599 2210 644 2248 et
685 2205 832 2248 Guelf.
862 2209 914 2248 3:
969 2220 1089 2247 nunc
1114 2218 1272 2261 precor
1311 2204 1374 2245 ad
1401 2203 1555 2246 laudis
1584 2205 1773 2260 flectere
1803 2201 1940 2246 verba
1970 2218 2067 2246 mo·

355 2286 456 2334 dos,
487 2286 774 2342 improbatam
804 2287 1022 2339 Hermo,
1053 2287 1127 2340 qui
1156 2298 1222 2341 pr.
1254 2283 1407 2327 laudis
1436 2285 1614 2328 volebat
1643 2285 1790 2329 laetos
1819 2286 1889 2330 vel
1919 2286 2064 2330 simile

355 2369 484 2424 quid,
531 2369 610 2412 sed
653 2371 728 2413 illa
758 2383 845 2413 vox
887 2370 1041 2412 abesse
1081 2369 1256 2424 nequit,
1302 2372 1347 2411 et
1380 2369 1574 2422 Vossro,
1621 2369 1696 2424 qui
1727 2368 1784 2412 de
1813 2369 2066 2414 coniectura
2146 2372 2158 2414 ἒ

356 2451 605 2495 substituit:
653 2450 718 2492 ad
748 2450 907 2493 laudes
926 2451 1113 2509 flectere
1152 2447 1290 2493 verba
1321 2450 1487 2498 modis,
1531 2455 1683 2495 contra
1710 2464 1837 2496 usum
1868 2453 2064 2506 dicendi;

357 2538 559 2593 exemplo
591 2537 705 2580 enim
733 2541 875 2590 caret,
923 2536 1182 2579 observante
1213 2535 1490 2590 Husomuo,
1531 2537 1694 2580 locutio
1713 2537 1902 2594 flectere
1929 2534 2068 2581 verba

357 2618 498 2660 modis
528 2619 597 2662 vel
630 2618 856 2668 numeri-55
901 2620 1004 2674 poni
1036 2619 1079 2661 in
1113 2618 1193 2662 hac
1223 2619 1409 2662 formula
1436 2626 1608 2661 nectere
1639 2632 1724 2662 non
1755 2621 1968 2676 flectere,
2015 2625 2067 2664 nt

359 2705 497 2747 Ovm.
527 2703 671 2760 Epist.
704 2717 760 2747 ex
789 2705 933 2747 Ponto
963 2703 1042 2756 IV,
1072 2706 1117 2756 2,
1147 2705 1221 2746 30.
1251 2703 1416 2745 IuvnN.
1449 2701 1548 2755 VII,
1574 2705 1661 2756 17„
1690 2716 1743 2747 ac
1772 2704 1810 2747 si
1841 2701 1924 2748 hoc
1953 2718 2067 2760 quo-

358 2799 444 2839 que
473 2786 670 2841 recipere
700 2786 833 2839 velis,
879 2786 1088 2838 languere
1132 2784 1218 2825 iam
1258 2783 1391 2825 verba
1437 2782 1501 2824 ad
1544 2782 1718 2828 laudes.
1778 2785 1922 2830 Recte
1961 2785 2068 2832 baec

360 2869 504 2911 omnia
533 2869 804 2911 Huscnxms
835 2868 1028 2924 opponit,
1056 2868 1150 2910 iure
1182 2866 1344 2910 addens
1374 2871 1539 2910 temere
1567 2880 1651 2911 non
1682 2868 1939 2913 eiiciendum
1969 2881 2068 2913 esse

349 2953 563 3009 flectere,
617 2953 713 3007 ipse
744 2955 890 2993 tamen
929 2951 1046 3005 quod
1087 2951 1308 3008 reposuit,
1355 2964 1441 2994 non
1470 2951 1609 3006 magis
1639 2951 1884 3007 probamus.
1944 2951 2068 2996 Lon-

362 3033 486 3087 gius,
516 3046 644 3087 quam
674 3045 753 3088 par
785 3036 876 3086 est,
906 3045 1054 3074 omnes
1084 3031 1165 3075 hae
1197 3033 1473 3076 coniecturae
1505 3037 1550 3076 et
1583 3033 1909 3077 emendationes
1939 3047 2067 3078 rece-
2126 3047 2127 3050 ¹

364 3113 472 3155 dunt
502 3113 557 3155 ab
588 3127 640 3156 ea
671 3114 874 3167 lectione,
910 3127 1021 3168 quae
1051 3115 1146 3157 sola
1176 3128 1321 3157 veram
1350 3114 1557 3158 librorum
1591 3117 1895 3159 auctoritatem
1924 3115 2068 3160 habet.

365 3198 623 3253 Simplicius·
648 3203 716 3242 est
756 3199 871 3253 quod
902 3199 1225 3242 LAcmrANN'us
1272 3199 1426 3242 suadet
1463 3204 1594 3254 atque
1635 3199 1729 3255 ipse
1759 3200 1889 3243 etiam
1920 3201 2068 3244 conie·
2132 3216 2135 3259 j

366 3295 534 3335 ceram,
578 3297 675 3323 mea
713 3295 780 3338 pr.
816 3297 951 3327 meas.
1011 3284 1110 3326 Tali
1140 3284 1254 3326 enim
1282 3283 1518 3326 mutatione
1549 3283 1814 3339 pronominis
1855 3296 1965 3339 opus
1996 3281 2067 3325 hio
2132 3319 2139 3330 „

366 3365 422 3410 ad
449 3378 644 3421 sensum3
672 3365 942 3411 Huscmzms
974 3366 1091 3422 quod
1121 3366 1338 3424 reposuit,
1370 3365 1472 3421 quid
1504 3365 1649 3409 obstat
1674 3365 1901 3420 quominus
1931 3367 2066 3408 inter-
2150 3395 2154 3426 5
