<?xml version="1.0" encoding="UTF-8"?>
<!DOCTYPE html PUBLIC "-//W3C//DTD XHTML 1.0 Transitional//EN"
    "http://www.w3.org/TR/xhtml1/DTD/xhtml1-transitional.dtd">
<html xmlns="http://www.w3.org/1999/xhtml" xml:lang="en" lang="en">
 <head>
  <title>
</title>
<meta http-equiv="Content-Type" content="text/html;charset=utf-8" />
  <meta name='ocr-system' content='tesseract 3.04.00' />
  <meta name='ocr-capabilities' content='ocr_page ocr_carea ocr_par ocr_line ocrx_word'/>
</head>
<body>
  <div class='ocr_page' id='page_1' title='image "./carminaexrecensi01tibuuoft_0514.png"; bbox 0 0 2158 3750; ppageno 0'>
   <div class='ocr_carea' id='block_1_1' title="bbox 285 271 1584 330">
    <p class='ocr_par' dir='ltr' id='par_1_1' title="bbox 285 271 1584 330">
     <span class='ocr_line' id='line_1_1' title="bbox 285 271 1584 330; baseline -0.001 -1"><span class='ocrx_word' id='word_1_1' title='bbox 285 285 384 330; x_wconf 79' lang='lat'><strong>182</strong></span> <span class='ocrx_word' id='word_1_2' title='bbox 680 271 1146 328; x_wconf 73' lang='lat' dir='ltr'><strong>COMMENTAR.</strong></span> <span class='ocrx_word' id='word_1_3' title='bbox 1184 271 1258 323; x_wconf 84' lang='lat' dir='ltr'><strong>IN</strong></span> <span class='ocrx_word' id='word_1_4' title='bbox 1297 271 1584 329; x_wconf 85' lang='lat' dir='ltr'><strong>TIBULLI</strong></span> 
     </span>
    </p>
   </div>
   <div class='ocr_carea' id='block_1_2' title="bbox 286 413 2001 1880">
    <p class='ocr_par' dir='ltr' id='par_1_2' title="bbox 286 413 2001 1880">
     <span class='ocr_line' id='line_1_2' title="bbox 286 413 1986 475; baseline -0.003 -13"><span class='ocrx_word' id='word_1_5' title='bbox 286 422 511 475; x_wconf 81' lang='lat' dir='ltr'><strong>ruptorum</strong></span> <span class='ocrx_word' id='word_1_6' title='bbox 555 428 675 473; x_wconf 84' lang='lat' dir='ltr'><strong>opes·</strong></span> <span class='ocrx_word' id='word_1_7' title='bbox 706 437 764 447; x_wconf 91' lang='lat'>—</span> <span class='ocrx_word' id='word_1_8' title='bbox 821 414 1076 470; x_wconf 85' lang='lat' dir='ltr'><strong>liquidas</strong></span> <span class='ocrx_word' id='word_1_9' title='bbox 1117 424 1203 458; x_wconf 85' lang='lat' dir='ltr'><strong>non</strong></span> <span class='ocrx_word' id='word_1_10' title='bbox 1243 415 1444 458; x_wconf 87' lang='lat' dir='ltr'><strong>otiosum.</strong></span> <span class='ocrx_word' id='word_1_11' title='bbox 1525 413 1759 469; x_wconf 83' lang='lat' dir='ltr'><strong>Diffluant,</strong></span> <span class='ocrx_word' id='word_1_12' title='bbox 1803 417 1891 470; x_wconf 84' lang='lat' dir='ltr'><strong>ait,</strong></span> <span class='ocrx_word' id='word_1_13' title='bbox 1937 420 1986 457; x_wconf 88' lang='lat' dir='ltr'><strong>ut</strong></span> 
     </span>
     <span class='ocr_line' id='line_1_3' title="bbox 286 496 1984 557; baseline -0.003 -12"><span class='ocrx_word' id='word_1_14' title='bbox 286 501 448 557; x_wconf 87' lang='lat' dir='ltr'><strong>liquida</strong></span> <span class='ocrx_word' id='word_1_15' title='bbox 478 504 545 544; x_wconf 80' lang='lat' dir='ltr'><strong>est</strong></span> <span class='ocrx_word' id='word_1_16' title='bbox 573 511 699 554; x_wconf 85' lang='lat' dir='ltr'><strong>aqua.</strong></span> <span class='ocrx_word' id='word_1_17' title='bbox 759 497 1068 554; x_wconf 79' lang='lat' dir='ltr'><strong>significanter</strong></span> <span class='ocrx_word' id='word_1_18' title='bbox 1099 497 1247 552; x_wconf 17' lang='lat' dir='ltr'><strong>*igitur</strong></span> <span class='ocrx_word' id='word_1_19' title='bbox 1288 496 1405 551; x_wconf 85' lang='lat' dir='ltr'><strong>quod</strong></span> <span class='ocrx_word' id='word_1_20' title='bbox 1434 496 1520 539; x_wconf 82' lang='lat' dir='ltr'><strong>iam</strong></span> <span class='ocrx_word' id='word_1_21' title='bbox 1552 496 1600 538; x_wconf 89' lang='lat' dir='ltr'><strong>iu</strong></span> <span class='ocrx_word' id='word_1_22' title='bbox 1627 496 1799 540; x_wconf 85' lang='lat' dir='ltr'><strong>nomine</strong></span> <span class='ocrx_word' id='word_1_23' title='bbox 1825 509 1908 552; x_wconf 86' lang='lat' dir='ltr'><strong>per</strong></span> <span class='ocrx_word' id='word_1_24' title='bbox 1935 509 1984 540; x_wconf 82' lang='lat' dir='ltr'><strong>se</strong></span> 
     </span>
     <span class='ocr_line' id='line_1_4' title="bbox 287 577 1986 637; baseline -0.002 -12"><span class='ocrx_word' id='word_1_25' title='bbox 287 584 426 635; x_wconf 85' lang='lat' dir='ltr'><strong>inest,</strong></span> <span class='ocrx_word' id='word_1_26' title='bbox 473 581 604 624; x_wconf 86' lang='lat' dir='ltr'><strong>etiam</strong></span> <span class='ocrx_word' id='word_1_27' title='bbox 634 580 756 623; x_wconf 82' lang='lat' dir='ltr'><strong>iuxta</strong></span> <span class='ocrx_word' id='word_1_28' title='bbox 792 581 940 637; x_wconf 87' lang='lat' dir='ltr'><strong>posuit</strong></span> <span class='ocrx_word' id='word_1_29' title='bbox 976 580 1185 636; x_wconf 82' lang='lat' dir='ltr'><strong>peculiari</strong></span> <span class='ocrx_word' id='word_1_30' title='bbox 1213 579 1349 624; x_wconf 88' lang='lat' dir='ltr'><strong>verbo</strong></span> <span class='ocrx_word' id='word_1_31' title='bbox 1379 591 1660 635; x_wconf 84' lang='lat' dir='ltr'><strong>expressum,</strong></span> <span class='ocrx_word' id='word_1_32' title='bbox 1706 578 1763 622; x_wconf 83' lang='lat' dir='ltr'><strong>cf.</strong></span> <span class='ocrx_word' id='word_1_33' title='bbox 1793 577 1849 622; x_wconf 86' lang='lat' dir='ltr'><strong>ad</strong></span> <span class='ocrx_word' id='word_1_34' title='bbox 1877 579 1915 632; x_wconf 90' lang='grc' dir='ltr'><strong>Ι,</strong></span> <span class='ocrx_word' id='word_1_35' title='bbox 1944 583 1986 632; x_wconf 90' lang='grc'><strong>1,</strong></span> 
     </span>
     <span class='ocr_line' id='line_1_5' title="bbox 287 663 1990 720; baseline -0.003 -10"><span class='ocrx_word' id='word_1_36' title='bbox 287 669 362 710; x_wconf 79' lang='grc'><strong>62.</strong></span> <span class='ocrx_word' id='word_1_37' title='bbox 392 687 451 697; x_wconf 91' lang='lat'><strong>-—</strong></span> <span class='ocrx_word' id='word_1_38' title='bbox 499 663 731 709; x_wconf 86' lang='lat' dir='ltr'><strong>Postremo</strong></span> <span class='ocrx_word' id='word_1_39' title='bbox 775 664 1026 709; x_wconf 77' lang='lat' dir='ltr'><strong>observabis</strong></span> <span class='ocrx_word' id='word_1_40' title='bbox 1066 676 1165 708; x_wconf 90' lang='lat' dir='ltr'><strong>cum</strong></span> <span class='ocrx_word' id='word_1_41' title='bbox 1208 663 1252 708; x_wconf 88' lang='lat' dir='ltr'><strong>vi</strong></span> <span class='ocrx_word' id='word_1_42' title='bbox 1294 663 1528 720; x_wconf 89' lang='lat' dir='ltr'><strong>repetitum</strong></span> <span class='ocrx_word' id='word_1_43' title='bbox 1557 674 1714 706; x_wconf 87' lang='lat' dir='ltr'><strong>nomen</strong></span> <span class='ocrx_word' id='word_1_44' title='bbox 1745 663 1990 705; x_wconf 82' lang='lat' dir='ltr'><strong>muneri-</strong></span> 
     </span>
     <span class='ocr_line' id='line_1_6' title="bbox 287 743 1990 804; baseline -0.002 -12"><span class='ocrx_word' id='word_1_45' title='bbox 287 750 389 792; x_wconf 80' lang='lat' dir='ltr'><strong>bus</strong></span> <span class='ocrx_word' id='word_1_46' title='bbox 417 770 477 780; x_wconf 94' lang='lat'>—</span> <span class='ocrx_word' id='word_1_47' title='bbox 506 743 747 792; x_wconf 84' lang='lat' dir='ltr'><strong>munera.</strong></span> <span class='ocrx_word' id='word_1_48' title='bbox 776 771 835 781; x_wconf 90' lang='lat'><strong>—-</strong></span> <span class='ocrx_word' id='word_1_49' title='bbox 887 749 942 794; x_wconf 83' lang='lat' dir='ltr'><strong>V.</strong></span> <span class='ocrx_word' id='word_1_50' title='bbox 975 751 1032 791; x_wconf 82' lang='lat'><strong>13</strong></span> <span class='ocrx_word' id='word_1_51' title='bbox 1062 761 1130 804; x_wconf 87' lang='lat' dir='ltr'><strong>sq.</strong></span> <span class='ocrx_word' id='word_1_52' title='bbox 1189 747 1303 791; x_wconf 89' lang='lat' dir='ltr'><strong>Iam</strong></span> <span class='ocrx_word' id='word_1_53' title='bbox 1341 746 1476 790; x_wconf 89' lang='lat' dir='ltr'><strong>mihi</strong></span> <span class='ocrx_word' id='word_1_54' title='bbox 1518 747 1821 803; x_wconf 78' lang='lat' dir='ltr'><strong>persolvet</strong></span> <span class='ocrx_word' id='word_1_55' title='bbox 1859 758 1990 801; x_wconf 82' lang='lat' dir='ltr'><strong>poe-</strong></span> 
     </span>
     <span class='ocr_line' id='line_1_7' title="bbox 288 825 1992 874; baseline -0.004 0"><span class='ocrx_word' id='word_1_56' title='bbox 288 842 399 874; x_wconf 83' lang='lat' dir='ltr'><strong>nas.</strong></span> <span class='ocrx_word' id='word_1_57' title='bbox 458 830 595 874; x_wconf 85' lang='lat' dir='ltr'><strong>Redit</strong></span> <span class='ocrx_word' id='word_1_58' title='bbox 634 830 690 874; x_wconf 86' lang='lat' dir='ltr'><strong>ad</strong></span> <span class='ocrx_word' id='word_1_59' title='bbox 726 830 850 874; x_wconf 89' lang='lat' dir='ltr'><strong>iram.</strong></span> <span class='ocrx_word' id='word_1_60' title='bbox 910 829 1104 873; x_wconf 76' lang='lat' dir='ltr'><strong>Pedibus</strong></span> <span class='ocrx_word' id='word_1_61' title='bbox 1144 831 1355 873; x_wconf 87' lang='lat' dir='ltr'><strong>comitans</strong></span> <span class='ocrx_word' id='word_1_62' title='bbox 1383 829 1428 872; x_wconf 89' lang='lat' dir='ltr'><strong>in</strong></span> <span class='ocrx_word' id='word_1_63' title='bbox 1459 828 1614 871; x_wconf 87' lang='lat' dir='ltr'><strong>itinere</strong></span> <span class='ocrx_word' id='word_1_64' title='bbox 1651 825 1866 871; x_wconf 87' lang='lat' dir='ltr'><strong>hominem</strong></span> <span class='ocrx_word' id='word_1_65' title='bbox 1894 838 1992 869; x_wconf 85' lang='lat' dir='ltr'><strong>sor-</strong></span> 
     </span>
     <span class='ocr_line' id='line_1_8' title="bbox 289 908 1992 968; baseline -0.003 -14"><span class='ocrx_word' id='word_1_66' title='bbox 289 911 391 955; x_wconf 89' lang='lat' dir='ltr'><strong>dide</strong></span> <span class='ocrx_word' id='word_1_67' title='bbox 421 924 621 968; x_wconf 86' lang='lat' dir='ltr'><strong>parcum,</strong></span> <span class='ocrx_word' id='word_1_68' title='bbox 667 913 742 968; x_wconf 84' lang='lat' dir='ltr'><strong>qui</strong></span> <span class='ocrx_word' id='word_1_69' title='bbox 785 923 867 955; x_wconf 89' lang='lat' dir='ltr'><strong>nec</strong></span> <span class='ocrx_word' id='word_1_70' title='bbox 905 923 1036 957; x_wconf 87' lang='lat' dir='ltr'><strong>curru</strong></span> <span class='ocrx_word' id='word_1_71' title='bbox 1063 911 1202 954; x_wconf 82' lang='lat' dir='ltr'><strong>utitur</strong></span> <span class='ocrx_word' id='word_1_72' title='bbox 1235 923 1317 955; x_wconf 87' lang='lat' dir='ltr'><strong>nec</strong></span> <span class='ocrx_word' id='word_1_73' title='bbox 1346 910 1443 953; x_wconf 84' lang='lat' dir='ltr'><strong>aliis</strong></span> <span class='ocrx_word' id='word_1_74' title='bbox 1472 909 1852 954; x_wconf 81' lang='lat' dir='ltr'><strong>commoditatibus</strong></span> <span class='ocrx_word' id='word_1_75' title='bbox 1882 908 1992 962; x_wconf 84' lang='lat' dir='ltr'><strong>viae,</strong></span> 
     </span>
     <span class='ocr_line' id='line_1_9' title="bbox 289 981 1994 1053; baseline -0.001 -15"><span class='ocrx_word' id='word_1_76' title='bbox 289 1008 398 1052; x_wconf 89' lang='lat' dir='ltr'><strong>puer</strong></span> <span class='ocrx_word' id='word_1_77' title='bbox 428 996 619 1053; x_wconf 79' lang='lat' dir='ltr'><strong>turpabit</strong></span> <span class='ocrx_word' id='word_1_78' title='bbox 649 1001 696 1039; x_wconf 93' lang='lat' dir='ltr'><strong>et</strong></span> <span class='ocrx_word' id='word_1_79' title='bbox 725 995 869 1039; x_wconf 88' lang='lat' dir='ltr'><strong>laedet</strong></span> <span class='ocrx_word' id='word_1_80' title='bbox 898 1008 1057 1052; x_wconf 86' lang='lat' dir='ltr'><strong>corpus</strong></span> <span class='ocrx_word' id='word_1_81' title='bbox 1085 999 1297 1048; x_wconf 85' lang='lat' dir='ltr'><strong>tenerum,</strong></span> <span class='ocrx_word' id='word_1_82' title='bbox 1327 1000 1459 1049; x_wconf 89' lang='lat' dir='ltr'><strong>atque</strong></span> <span class='ocrx_word' id='word_1_83' title='bbox 1488 981 1549 1037; x_wconf 84' lang='lat' dir='ltr'><strong>ita</strong></span> <span class='ocrx_word' id='word_1_84' title='bbox 1579 995 1662 1038; x_wconf 87' lang='lat' dir='ltr'><strong>iam</strong></span> <span class='ocrx_word' id='word_1_85' title='bbox 1687 1006 1800 1038; x_wconf 88' lang='lat' dir='ltr'><strong>nunc</strong></span> <span class='ocrx_word' id='word_1_86' title='bbox 1830 1005 1994 1048; x_wconf 85' lang='lat' dir='ltr'><strong>poenas</strong></span> 
     </span>
     <span class='ocr_line' id='line_1_10' title="bbox 290 1077 1992 1136; baseline -0.003 -14"><span class='ocrx_word' id='word_1_87' title='bbox 290 1079 426 1123; x_wconf 82' lang='lat' dir='ltr'><strong>dabit.</strong></span> <span class='ocrx_word' id='word_1_88' title='bbox 485 1080 628 1124; x_wconf 82' lang='lat' dir='ltr'>Recte</span> <span class='ocrx_word' id='word_1_89' title='bbox 658 1092 763 1123; x_wconf 89' lang='lat' dir='ltr'><strong>vero</strong></span> <span class='ocrx_word' id='word_1_90' title='bbox 794 1078 923 1122; x_wconf 86' lang='lat' dir='ltr'><strong>habet</strong></span> <span class='ocrx_word' id='word_1_91' title='bbox 946 1078 1198 1136; x_wconf 77' lang='lat' dir='ltr'><strong>persolvet,</strong></span> <span class='ocrx_word' id='word_1_92' title='bbox 1228 1092 1308 1134; x_wconf 91' lang='lat' dir='ltr'><strong>pro</strong></span> <span class='ocrx_word' id='word_1_93' title='bbox 1338 1092 1426 1133; x_wconf 84' lang='lat' dir='ltr'><strong>quo</strong></span> <span class='ocrx_word' id='word_1_94' title='bbox 1455 1079 1646 1122; x_wconf 83' lang='lat' dir='ltr'><strong>Vossms</strong></span> <span class='ocrx_word' id='word_1_95' title='bbox 1677 1081 1722 1120; x_wconf 90' lang='lat' dir='ltr'><strong>et</strong></span> <span class='ocrx_word' id='word_1_96' title='bbox 1751 1077 1992 1120; x_wconf 68' lang='lat' dir='ltr'><strong>Wmvnnn-</strong></span> 
     </span>
     <span class='ocr_line' id='line_1_11' title="bbox 291 1161 1992 1219; baseline -0.002 -14"><span class='ocrx_word' id='word_1_97' title='bbox 291 1174 476 1205; x_wconf 76' lang='lat' dir='ltr'><strong>memus</strong></span> <span class='ocrx_word' id='word_1_98' title='bbox 513 1161 738 1219; x_wconf 77' lang='lat' dir='ltr'><strong>persolves</strong></span> <span class='ocrx_word' id='word_1_99' title='bbox 781 1162 1035 1217; x_wconf 84' lang='lat' dir='ltr'><strong>probarunt.</strong></span> <span class='ocrx_word' id='word_1_100' title='bbox 1093 1161 1294 1215; x_wconf 87' lang='lat' dir='ltr'><strong>Denique</strong></span> <span class='ocrx_word' id='word_1_101' title='bbox 1323 1173 1500 1205; x_wconf 82' lang='lat' dir='ltr'><strong>avarum</strong></span> <span class='ocrx_word' id='word_1_102' title='bbox 1530 1161 1663 1204; x_wconf 79' lang='lat' dir='ltr'><strong>fuisse</strong></span> <span class='ocrx_word' id='word_1_103' title='bbox 1693 1163 1992 1215; x_wconf 81' lang='lat' dir='ltr'><strong>corruptorem</strong></span> 
     </span>
     <span class='ocr_line' id='line_1_12' title="bbox 292 1241 1996 1299; baseline -0.002 -11"><span class='ocrx_word' id='word_1_104' title='bbox 292 1246 419 1299; x_wconf 83' lang='lat' dir='ltr'><strong>pueri</strong></span> <span class='ocrx_word' id='word_1_105' title='bbox 448 1247 635 1289; x_wconf 83' lang='lat' dir='ltr'><strong>Vossms</strong></span> <span class='ocrx_word' id='word_1_106' title='bbox 669 1248 736 1286; x_wconf 85' lang='lat' dir='ltr'><strong>est</strong></span> <span class='ocrx_word' id='word_1_107' title='bbox 763 1243 838 1297; x_wconf 91' lang='lat' dir='ltr'><strong>qui</strong></span> <span class='ocrx_word' id='word_1_108' title='bbox 869 1243 1139 1296; x_wconf 81' lang='lat' dir='ltr'><strong>observavit,</strong></span> <span class='ocrx_word' id='word_1_109' title='bbox 1170 1254 1427 1298; x_wconf 84' lang='lat' dir='ltr'><strong>comparans</strong></span> <span class='ocrx_word' id='word_1_110' title='bbox 1457 1243 1583 1285; x_wconf 86' lang='lat' dir='ltr'><strong>simul</strong></span> <span class='ocrx_word' id='word_1_111' title='bbox 1612 1241 1790 1284; x_wconf 85' lang='lat' dir='ltr'><strong>Tillium</strong></span> <span class='ocrx_word' id='word_1_112' title='bbox 1821 1245 1996 1296; x_wconf 79' lang='lat' dir='ltr'><strong>praeto-</strong></span> 
     </span>
     <span class='ocr_line' id='line_1_13' title="bbox 292 1321 1996 1384; baseline -0.003 -13"><span class='ocrx_word' id='word_1_113' title='bbox 292 1340 385 1371; x_wconf 88' lang='lat' dir='ltr'><strong>rem</strong></span> <span class='ocrx_word' id='word_1_114' title='bbox 414 1326 530 1384; x_wconf 88' lang='lat' dir='ltr'><strong>apud</strong></span> <span class='ocrx_word' id='word_1_115' title='bbox 563 1326 748 1370; x_wconf 67' lang='lat' dir='ltr'><strong>HoaArr.</strong></span> <span class='ocrx_word' id='word_1_116' title='bbox 778 1326 908 1369; x_wconf 88' lang='lat' dir='ltr'><strong>Satir.</strong></span> <span class='ocrx_word' id='word_1_117' title='bbox 938 1326 974 1379; x_wconf 93' lang='lat' dir='ltr'><strong>I,</strong></span> <span class='ocrx_word' id='word_1_118' title='bbox 1005 1329 1047 1379; x_wconf 91' lang='lat'><strong>6,</strong></span> <span class='ocrx_word' id='word_1_119' title='bbox 1079 1329 1183 1368; x_wconf 85' lang='grc'><strong>107.</strong></span> <span class='ocrx_word' id='word_1_120' title='bbox 1242 1326 1454 1368; x_wconf 81' lang='lat' dir='ltr'><strong>Similiter</strong></span> <span class='ocrx_word' id='word_1_121' title='bbox 1482 1324 1614 1368; x_wconf 82' lang='lat' dir='ltr'><strong>etiam</strong></span> <span class='ocrx_word' id='word_1_122' title='bbox 1655 1321 1726 1367; x_wconf 88' lang='lat' dir='ltr'><strong>hic</strong></span> <span class='ocrx_word' id='word_1_123' title='bbox 1765 1326 1914 1366; x_wconf 83' lang='lat' dir='ltr'><strong>noster</strong></span> <span class='ocrx_word' id='word_1_124' title='bbox 1951 1323 1996 1366; x_wconf 83' lang='lat' dir='ltr'><strong>in</strong></span> 
     </span>
     <span class='ocr_line' id='line_1_14' title="bbox 292 1407 1998 1466; baseline -0.001 -14"><span class='ocrx_word' id='word_1_125' title='bbox 292 1421 368 1452; x_wconf 88' lang='lat' dir='ltr'><strong>rus</strong></span> <span class='ocrx_word' id='word_1_126' title='bbox 399 1410 614 1466; x_wconf 86' lang='lat' dir='ltr'><strong>proficisci</strong></span> <span class='ocrx_word' id='word_1_127' title='bbox 654 1409 841 1452; x_wconf 88' lang='lat' dir='ltr'><strong>voluisse</strong></span> <span class='ocrx_word' id='word_1_128' title='bbox 871 1408 1067 1462; x_wconf 87' lang='lat' dir='ltr'><strong>videtur,</strong></span> <span class='ocrx_word' id='word_1_129' title='bbox 1113 1421 1196 1453; x_wconf 88' lang='lat' dir='ltr'><strong>nec</strong></span> <span class='ocrx_word' id='word_1_130' title='bbox 1235 1421 1346 1465; x_wconf 86' lang='lat' dir='ltr'><strong>opus</strong></span> <span class='ocrx_word' id='word_1_131' title='bbox 1374 1413 1424 1451; x_wconf 89' lang='lat' dir='ltr'><strong>ut</strong></span> <span class='ocrx_word' id='word_1_132' title='bbox 1453 1420 1552 1451; x_wconf 90' lang='lat' dir='ltr'><strong>cum</strong></span> <span class='ocrx_word' id='word_1_133' title='bbox 1582 1407 1777 1451; x_wconf 69' lang='lat' dir='ltr'><strong>Hermo</strong></span> <span class='ocrx_word' id='word_1_134' title='bbox 1806 1419 1888 1463; x_wconf 88' lang='lat' dir='ltr'><strong>pro</strong></span> <span class='ocrx_word' id='word_1_135' title='bbox 1909 1416 1998 1450; x_wconf 82' lang='lat' dir='ltr'><strong>¹ue-</strong></span> 
     </span>
     <span class='ocr_line' id='line_1_15' title="bbox 293 1489 1998 1549; baseline -0.001 -15"><span class='ocrx_word' id='word_1_136' title='bbox 293 1493 514 1547; x_wconf 88' lang='lat' dir='ltr'><strong>gotiatore</strong></span> <span class='ocrx_word' id='word_1_137' title='bbox 544 1505 644 1536; x_wconf 90' lang='lat' dir='ltr'><strong>eum</strong></span> <span class='ocrx_word' id='word_1_138' title='bbox 673 1491 849 1537; x_wconf 86' lang='lat' dir='ltr'><strong>habeas.</strong></span> <span class='ocrx_word' id='word_1_139' title='bbox 880 1515 939 1526; x_wconf 90' lang='lat'>—</span> <span class='ocrx_word' id='word_1_140' title='bbox 982 1493 1334 1549; x_wconf 32' lang='lat' dir='ltr'><strong>pulvisque..</strong></span> <span class='ocrx_word' id='word_1_141' title='bbox 1368 1491 1504 1534; x_wconf 87' lang='lat' dir='ltr'><strong>Vides</strong></span> <span class='ocrx_word' id='word_1_142' title='bbox 1534 1491 1690 1534; x_wconf 86' lang='lat' dir='ltr'><strong>iterum</strong></span> <span class='ocrx_word' id='word_1_143' title='bbox 1721 1490 1923 1544; x_wconf 84' lang='lat' dir='ltr'><strong>copulam</strong></span> <span class='ocrx_word' id='word_1_144' title='bbox 1953 1489 1998 1532; x_wconf 88' lang='lat' dir='ltr'><strong>in</strong></span> 
     </span>
     <span class='ocr_line' id='line_1_16' title="bbox 296 1571 1998 1632; baseline -0.002 -14"><span class='ocrx_word' id='word_1_145' title='bbox 296 1577 480 1619; x_wconf 89' lang='lat' dir='ltr'><strong>transitu</strong></span> <span class='ocrx_word' id='word_1_146' title='bbox 514 1576 569 1618; x_wconf 89' lang='lat' dir='ltr'><strong>ad</strong></span> <span class='ocrx_word' id='word_1_147' title='bbox 606 1576 804 1632; x_wconf 86' lang='lat' dir='ltr'><strong>singula,</strong></span> <span class='ocrx_word' id='word_1_148' title='bbox 836 1576 894 1621; x_wconf 87' lang='lat' dir='ltr'><strong>cf.</strong></span> <span class='ocrx_word' id='word_1_149' title='bbox 926 1576 1048 1630; x_wconf 85' lang='lat' dir='ltr'><strong>adl,</strong></span> <span class='ocrx_word' id='word_1_150' title='bbox 1079 1580 1124 1631; x_wconf 83' lang='grc'><strong>5,</strong></span> <span class='ocrx_word' id='word_1_151' title='bbox 1156 1579 1230 1620; x_wconf 89' lang='grc'><strong>11.</strong></span> <span class='ocrx_word' id='word_1_152' title='bbox 1259 1597 1318 1609; x_wconf 91' lang='grc'><strong>-</strong></span> <span class='ocrx_word' id='word_1_153' title='bbox 1359 1580 1599 1619; x_wconf 88' lang='lat' dir='ltr'><strong>urentur</strong></span> <span class='ocrx_word' id='word_1_154' title='bbox 1629 1574 1753 1618; x_wconf 89' lang='lat' dir='ltr'><strong>sole</strong></span> <span class='ocrx_word' id='word_1_155' title='bbox 1784 1571 1998 1629; x_wconf 86' lang='lat' dir='ltr'><strong>capilli,</strong></span> 
     </span>
     <span class='ocr_line' id='line_1_17' title="bbox 296 1644 2001 1715; baseline -0.001 -13"><span class='ocrx_word' id='word_1_156' title='bbox 296 1660 408 1703; x_wconf 84' lang='lat' dir='ltr'><strong>flavo</strong></span> <span class='ocrx_word' id='word_1_157' title='bbox 439 1661 557 1704; x_wconf 90' lang='lat' dir='ltr'><strong>crine</strong></span> <span class='ocrx_word' id='word_1_158' title='bbox 586 1661 630 1703; x_wconf 87' lang='lat' dir='ltr'><strong>in</strong></span> <span class='ocrx_word' id='word_1_159' title='bbox 655 1661 824 1704; x_wconf 86' lang='lat' dir='ltr'><strong>fuscum</strong></span> <span class='ocrx_word' id='word_1_160' title='bbox 854 1666 1036 1715; x_wconf 89' lang='lat' dir='ltr'><strong>mutato,</strong></span> <span class='ocrx_word' id='word_1_161' title='bbox 1066 1662 1128 1704; x_wconf 88' lang='lat' dir='ltr'><strong>ait</strong></span> <span class='ocrx_word' id='word_1_162' title='bbox 1156 1661 1389 1704; x_wconf 69' lang='lat' dir='ltr'><strong>Hermus.</strong></span> <span class='ocrx_word' id='word_1_163' title='bbox 1451 1661 1644 1704; x_wconf 83' lang='lat' dir='ltr'><strong>Vossms</strong></span> <span class='ocrx_word' id='word_1_164' title='bbox 1675 1644 1818 1702; x_wconf 74' lang='lat' dir='ltr'><strong>tamen</strong></span> <span class='ocrx_word' id='word_1_165' title='bbox 1848 1657 2001 1701; x_wconf 76' lang='lat' dir='ltr'><strong>obser-</strong></span> 
     </span>
     <span class='ocr_line' id='line_1_18' title="bbox 295 1743 1997 1817; baseline 0 -33"><span class='ocrx_word' id='word_1_166' title='bbox 295 1746 368 1784; x_wconf 85' lang='lat' dir='ltr'><strong>vat</strong></span> <span class='ocrx_word' id='word_1_167' title='bbox 397 1755 595 1798; x_wconf 84' lang='lat' dir='ltr'><strong>asperam</strong></span> <span class='ocrx_word' id='word_1_168' title='bbox 637 1743 731 1786; x_wconf 85' lang='lat' dir='ltr'><strong>fieri</strong></span> <span class='ocrx_word' id='word_1_169' title='bbox 769 1756 939 1787; x_wconf 92' lang='lat' dir='ltr'><strong>comam</strong></span> <span class='ocrx_word' id='word_1_170' title='bbox 971 1749 1017 1787; x_wconf 93' lang='lat' dir='ltr'><strong>et</strong></span> <span class='ocrx_word' id='word_1_171' title='bbox 1045 1744 1231 1799; x_wconf 86' lang='lat' dir='ltr'><strong>rigidam</strong></span> <span class='ocrx_word' id='word_1_172' title='bbox 1260 1745 1354 1787; x_wconf 86' lang='lat' dir='ltr'><strong>sole</strong></span> <span class='ocrx_word' id='word_1_173' title='bbox 1384 1749 1431 1787; x_wconf 91' lang='lat' dir='ltr'><strong>et</strong></span> <span class='ocrx_word' id='word_1_174' title='bbox 1469 1743 1695 1787; x_wconf 80' lang='lat' dir='ltr'><strong>mollitiem</strong></span> <span class='ocrx_word' id='word_1_175' title='bbox 1720 1753 1997 1817; x_wconf 83' lang='lat' dir='ltr'><strong>evanescere.</strong></span> 
     </span>
     <span class='ocr_line' id='line_1_19' title="bbox 293 1820 1998 1880; baseline 0.003 -17"><span class='ocrx_word' id='word_1_176' title='bbox 293 1820 464 1880; x_wconf 84' lang='lat' dir='ltr'><strong>Libyco</strong></span> <span class='ocrx_word' id='word_1_177' title='bbox 505 1823 596 1865; x_wconf 80' lang='lat' dir='ltr'><strong>sole</strong></span> <span class='ocrx_word' id='word_1_178' title='bbox 631 1832 824 1880; x_wconf 81' lang='lat' dir='ltr'><strong>perusta</strong></span> <span class='ocrx_word' id='word_1_179' title='bbox 864 1839 987 1867; x_wconf 83' lang='lat' dir='ltr'><strong>coma</strong></span> <span class='ocrx_word' id='word_1_180' title='bbox 1017 1826 1222 1870; x_wconf 89' lang='lat' dir='ltr'><strong>Herculis</strong></span> <span class='ocrx_word' id='word_1_181' title='bbox 1251 1827 1525 1870; x_wconf 74' lang='lat' dir='ltr'><strong>PnoPssn&#39;rro</strong></span> <span class='ocrx_word' id='word_1_182' title='bbox 1555 1825 1716 1869; x_wconf 88' lang='lat' dir='ltr'><strong>dicitur</strong></span> <span class='ocrx_word' id='word_1_183' title='bbox 1742 1825 1820 1879; x_wconf 87' lang='lat' dir='ltr'><strong>lv,</strong></span> <span class='ocrx_word' id='word_1_184' title='bbox 1853 1829 1898 1880; x_wconf 87' lang='grc'><strong>9,</strong></span> <span class='ocrx_word' id='word_1_185' title='bbox 1925 1826 1998 1869; x_wconf 88' lang='grc'><strong>46.</strong></span> 
     </span>
    </p>
   </div>
   <div class='ocr_carea' id='block_1_3' title="bbox 294 1905 1999 2046">
    <p class='ocr_par' dir='ltr' id='par_1_3' title="bbox 294 1905 1999 2046">
     <span class='ocr_line' id='line_1_20' title="bbox 295 1905 1999 1968; baseline 0.001 -19.006"><span class='ocrx_word' id='word_1_186' title='bbox 295 1907 423 1950; x_wconf 86' lang='lat' dir='ltr'><strong>Aliud</strong></span> <span class='ocrx_word' id='word_1_187' title='bbox 467 1913 534 1951; x_wconf 86' lang='lat' dir='ltr'><strong>est</strong></span> <span class='ocrx_word' id='word_1_188' title='bbox 574 1907 755 1952; x_wconf 69' lang='lat' dir='ltr'><strong>nomm.</strong></span> <span class='ocrx_word' id='word_1_189' title='bbox 784 1908 931 1965; x_wconf 91' lang='lat' dir='ltr'><strong>Epod</strong></span> <span class='ocrx_word' id='word_1_190' title='bbox 959 1911 1134 1964; x_wconf 84' lang='lat'><strong>11,41=</strong></span> <span class='ocrx_word' id='word_1_191' title='bbox 1173 1917 1366 1968; x_wconf 80' lang='lat' dir='ltr'><strong>perusta</strong></span> <span class='ocrx_word' id='word_1_192' title='bbox 1405 1908 1575 1954; x_wconf 78' lang='lat' dir='ltr'><strong>solibus</strong></span> <span class='ocrx_word' id='word_1_193' title='bbox 1615 1922 1753 1963; x_wconf 83' lang='lat' dir='ltr'><strong>uxor,</strong></span> <span class='ocrx_word' id='word_1_194' title='bbox 1796 1907 1914 1964; x_wconf 85' lang='lat' dir='ltr'><strong>quod</strong></span> <span class='ocrx_word' id='word_1_195' title='bbox 1942 1905 1999 1951; x_wconf 78' lang='lat' dir='ltr'><strong>ad</strong></span> 
     </span>
     <span class='ocr_line' id='line_1_21' title="bbox 294 1989 1069 2046; baseline 0.005 -16"><span class='ocrx_word' id='word_1_196' title='bbox 294 1989 419 2032; x_wconf 78' lang='lat' dir='ltr'><strong>faciei</strong></span> <span class='ocrx_word' id='word_1_197' title='bbox 449 1990 615 2032; x_wconf 87' lang='lat' dir='ltr'><strong>fuscum</strong></span> <span class='ocrx_word' id='word_1_198' title='bbox 645 1991 836 2033; x_wconf 89' lang='lat' dir='ltr'><strong>colorem</strong></span> <span class='ocrx_word' id='word_1_199' title='bbox 865 1993 1069 2046; x_wconf 86' lang='lat' dir='ltr'><strong>pertinet.</strong></span> 
     </span>
    </p>
   </div>
   <div class='ocr_carea' id='block_1_4' title="bbox 297 2072 1998 2213">
    <p class='ocr_par' dir='ltr' id='par_1_4' title="bbox 297 2072 1998 2213">
     <span class='ocr_line' id='line_1_22' title="bbox 416 2072 1998 2128; baseline 0.001 -14"><span class='ocrx_word' id='word_1_200' title='bbox 416 2072 469 2114; x_wconf 89' lang='lat' dir='ltr'><strong>V.</strong></span> <span class='ocrx_word' id='word_1_201' title='bbox 516 2074 697 2114; x_wconf 79' lang='grc'><strong>17-74.</strong></span> <span class='ocrx_word' id='word_1_202' title='bbox 770 2073 1012 2117; x_wconf 87' lang='lat' dir='ltr'><strong>Medium</strong></span> <span class='ocrx_word' id='word_1_203' title='bbox 1069 2085 1304 2118; x_wconf 88' lang='lat' dir='ltr'><strong>carmen.</strong></span> <span class='ocrx_word' id='word_1_204' title='bbox 1391 2073 1677 2117; x_wconf 73' lang='lat' dir='ltr'><strong>Uberior-e</strong></span> <span class='ocrx_word' id='word_1_205' title='bbox 1727 2073 1998 2128; x_wconf 84' lang='lat' dir='ltr'><strong>obiurga-</strong></span> 
     </span>
     <span class='ocr_line' id='line_1_23' title="bbox 297 2156 1998 2213; baseline 0.002 -16"><span class='ocrx_word' id='word_1_206' title='bbox 297 2156 459 2199; x_wconf 81' lang='lat' dir='ltr'><strong>tione</strong></span> <span class='ocrx_word' id='word_1_207' title='bbox 505 2156 745 2211; x_wconf 87' lang='lat' dir='ltr'><strong>exponit</strong></span> <span class='ocrx_word' id='word_1_208' title='bbox 787 2169 1003 2201; x_wconf 89' lang='lat' dir='ltr'><strong>omnem</strong></span> <span class='ocrx_word' id='word_1_209' title='bbox 1055 2158 1322 2200; x_wconf 86' lang='lat' dir='ltr'><strong>iniuriam</strong></span> <span class='ocrx_word' id='word_1_210' title='bbox 1371 2158 1567 2213; x_wconf 89' lang='lat' dir='ltr'><strong>pueri,</strong></span> <span class='ocrx_word' id='word_1_211' title='bbox 1626 2162 1740 2201; x_wconf 89' lang='lat' dir='ltr'><strong>tum</strong></span> <span class='ocrx_word' id='word_1_212' title='bbox 1787 2158 1998 2212; x_wconf 88' lang='lat' dir='ltr'><strong>procul</strong></span> 
     </span>
    </p>
   </div>
   <div class='ocr_carea' id='block_1_5' title="bbox 294 2238 1996 2376">
    <p class='ocr_par' dir='ltr' id='par_1_5' title="bbox 294 2238 1996 2376">
     <span class='ocr_line' id='line_1_24' title="bbox 297 2238 1996 2296; baseline 0.002 -17"><span class='ocrx_word' id='word_1_213' title='bbox 297 2251 418 2280; x_wconf 88' lang='lat' dir='ltr'><strong>eum</strong></span> <span class='ocrx_word' id='word_1_214' title='bbox 463 2238 651 2280; x_wconf 85' lang='lat' dir='ltr'><strong>iratus</strong></span> <span class='ocrx_word' id='word_1_215' title='bbox 703 2239 912 2282; x_wconf 87' lang='lat' dir='ltr'><strong>abesse</strong></span> <span class='ocrx_word' id='word_1_216' title='bbox 959 2240 1142 2294; x_wconf 90' lang='lat' dir='ltr'><strong>iubet,</strong></span> <span class='ocrx_word' id='word_1_217' title='bbox 1203 2241 1547 2296; x_wconf 83' lang='lat' dir='ltr'><strong>corruptori</strong></span> <span class='ocrx_word' id='word_1_218' title='bbox 1592 2252 1728 2283; x_wconf 89' lang='lat' dir='ltr'><strong>vero</strong></span> <span class='ocrx_word' id='word_1_219' title='bbox 1775 2240 1996 2295; x_wconf 87' lang='lat' dir='ltr'><strong>gravis-</strong></span> 
     </span>
     <span class='ocr_line' id='line_1_25' title="bbox 294 2318 1036 2376; baseline 0.004 -15"><span class='ocrx_word' id='word_1_220' title='bbox 294 2318 432 2362; x_wconf 84' lang='lat' dir='ltr'><strong>sima</strong></span> <span class='ocrx_word' id='word_1_221' title='bbox 475 2320 622 2361; x_wconf 81' lang='lat' dir='ltr'><strong>mala</strong></span> <span class='ocrx_word' id='word_1_222' title='bbox 665 2320 1036 2376; x_wconf 86' lang='lat' dir='ltr'><strong>imprecatur.</strong></span> 
     </span>
    </p>
   </div>
   <div class='ocr_carea' id='block_1_6' title="bbox 293 2402 1999 2720">
    <p class='ocr_par' dir='ltr' id='par_1_6' title="bbox 293 2402 1999 2720">
     <span class='ocr_line' id='line_1_26' title="bbox 413 2402 1998 2463; baseline 0.002 -17"><span class='ocrx_word' id='word_1_223' title='bbox 413 2402 469 2446; x_wconf 91' lang='lat' dir='ltr'><strong>V.</strong></span> <span class='ocrx_word' id='word_1_224' title='bbox 504 2405 682 2444; x_wconf 77' lang='lat'><strong>17-50.</strong></span> <span class='ocrx_word' id='word_1_225' title='bbox 730 2402 971 2446; x_wconf 85' lang='lat' dir='ltr'><strong>videbimus</strong></span> <span class='ocrx_word' id='word_1_226' title='bbox 1002 2404 1186 2460; x_wconf 89' lang='lat' dir='ltr'><strong>primum</strong></span> <span class='ocrx_word' id='word_1_227' title='bbox 1227 2402 1594 2463; x_wconf 81' lang='lat' dir='ltr'><strong>obiurgationem.</strong></span> <span class='ocrx_word' id='word_1_228' title='bbox 1655 2405 1882 2460; x_wconf 84' lang='lat' dir='ltr'><strong>Peccasti,</strong></span> <span class='ocrx_word' id='word_1_229' title='bbox 1922 2405 1998 2459; x_wconf 87' lang='lat' dir='ltr'><strong>ait,</strong></span> 
     </span>
     <span class='ocr_line' id='line_1_27' title="bbox 294 2485 1998 2542; baseline 0.003 -15"><span class='ocrx_word' id='word_1_230' title='bbox 294 2485 521 2528; x_wconf 89' lang='lat' dir='ltr'><strong>immemor</strong></span> <span class='ocrx_word' id='word_1_231' title='bbox 547 2485 884 2529; x_wconf 88' lang='lat' dir='ltr'><strong>admonitionum</strong></span> <span class='ocrx_word' id='word_1_232' title='bbox 914 2500 1133 2540; x_wconf 87' lang='lat' dir='ltr'><strong>mearum,</strong></span> <span class='ocrx_word' id='word_1_233' title='bbox 1164 2488 1390 2531; x_wconf 87' lang='lat' dir='ltr'><strong>immemor</strong></span> <span class='ocrx_word' id='word_1_234' title='bbox 1421 2488 1696 2531; x_wconf 83' lang='lat' dir='ltr'><strong>iurisiurandi</strong></span> <span class='ocrx_word' id='word_1_235' title='bbox 1726 2488 1815 2542; x_wconf 90' lang='lat' dir='ltr'><strong>tui,</strong></span> <span class='ocrx_word' id='word_1_236' title='bbox 1843 2488 1998 2533; x_wconf 82' lang='lat' dir='ltr'><strong>imme·-</strong></span> 
     </span>
     <span class='ocr_line' id='line_1_28' title="bbox 294 2549 1999 2631; baseline 0.002 -19"><span class='ocrx_word' id='word_1_237' title='bbox 294 2549 391 2612; x_wconf 84' lang='lat' dir='ltr'><strong>mor</strong></span> <span class='ocrx_word' id='word_1_238' title='bbox 433 2570 672 2613; x_wconf 85' lang='lat' dir='ltr'><strong>officiorum</strong></span> <span class='ocrx_word' id='word_1_239' title='bbox 713 2583 908 2614; x_wconf 87' lang='lat' dir='ltr'><strong>meorum</strong></span> <span class='ocrx_word' id='word_1_240' title='bbox 951 2577 997 2615; x_wconf 91' lang='lat' dir='ltr'><strong>et</strong></span> <span class='ocrx_word' id='word_1_241' title='bbox 1039 2573 1275 2616; x_wconf 86' lang='lat' dir='ltr'><strong>carminum</strong></span> <span class='ocrx_word' id='word_1_242' title='bbox 1322 2573 1401 2615; x_wconf 91' lang='lat' dir='ltr'><strong>tibi</strong></span> <span class='ocrx_word' id='word_1_243' title='bbox 1440 2572 1755 2618; x_wconf 88' lang='lat' dir='ltr'><strong>dedicatorum.</strong></span> <span class='ocrx_word' id='word_1_244' title='bbox 1826 2573 1999 2631; x_wconf 88' lang='lat' dir='ltr'><strong>Nempe</strong></span> 
     </span>
     <span class='ocr_line' id='line_1_29' title="bbox 293 2656 1998 2720; baseline 0.002 -24"><span class='ocrx_word' id='word_1_245' title='bbox 293 2659 395 2696; x_wconf 81' lang='lat' dir='ltr'><strong>sunt</strong></span> <span class='ocrx_word' id='word_1_246' title='bbox 436 2658 526 2697; x_wconf 88' lang='lat' dir='ltr'><strong>tres</strong></span> <span class='ocrx_word' id='word_1_247' title='bbox 567 2656 666 2699; x_wconf 86' lang='lat' dir='ltr'><strong>loci.</strong></span> <span class='ocrx_word' id='word_1_248' title='bbox 729 2656 924 2700; x_wconf 89' lang='lat' dir='ltr'><strong>Primum</strong></span> <span class='ocrx_word' id='word_1_249' title='bbox 966 2661 1113 2699; x_wconf 89' lang='lat' dir='ltr'><strong>narrat</strong></span> <span class='ocrx_word' id='word_1_250' title='bbox 1155 2670 1196 2702; x_wconf 84' lang='lat' dir='ltr'><strong>v.</strong></span> <span class='ocrx_word' id='word_1_251' title='bbox 1231 2661 1433 2720; x_wconf 58' lang='lat'><strong>17-5‘110„</strong></span> <span class='ocrx_word' id='word_1_252' title='bbox 1476 2662 1526 2699; x_wconf 91' lang='lat' dir='ltr'><strong>ut</strong></span> <span class='ocrx_word' id='word_1_253' title='bbox 1565 2657 1837 2700; x_wconf 84' lang='lat' dir='ltr'><strong>admonuerit</strong></span> <span class='ocrx_word' id='word_1_254' title='bbox 1865 2669 1998 2713; x_wconf 83' lang='lat' dir='ltr'><strong>saepe</strong></span> 
     </span>
    </p>
   </div>
   <div class='ocr_carea' id='block_1_7' title="bbox 228 2738 1999 2796">
    <p class='ocr_par' dir='ltr' id='par_1_7' title="bbox 228 2738 1999 2796">
     <span class='ocr_line' id='line_1_30' title="bbox 228 2738 1999 2796; baseline 0 -16"><span class='ocrx_word' id='word_1_255' title='bbox 228 2764 234 2766; x_wconf 16' lang='lat' dir='ltr'><strong>e</strong></span> <span class='ocrx_word' id='word_1_256' title='bbox 296 2751 502 2794; x_wconf 87' lang='lat' dir='ltr'><strong>puerum,</strong></span> <span class='ocrx_word' id='word_1_257' title='bbox 544 2753 600 2783; x_wconf 89' lang='lat' dir='ltr'><strong>ne</strong></span> <span class='ocrx_word' id='word_1_258' title='bbox 628 2753 735 2783; x_wconf 89' lang='lat' dir='ltr'><strong>auro</strong></span> <span class='ocrx_word' id='word_1_259' title='bbox 772 2741 990 2796; x_wconf 90' lang='lat' dir='ltr'><strong>corrumpi</strong></span> <span class='ocrx_word' id='word_1_260' title='bbox 1022 2754 1070 2783; x_wconf 87' lang='lat' dir='ltr'><strong>se</strong></span> <span class='ocrx_word' id='word_1_261' title='bbox 1101 2742 1303 2796; x_wconf 87' lang='lat' dir='ltr'><strong>patiatur.</strong></span> <span class='ocrx_word' id='word_1_262' title='bbox 1367 2740 1498 2786; x_wconf 85' lang='lat' dir='ltr'><strong>Quod</strong></span> <span class='ocrx_word' id='word_1_263' title='bbox 1537 2740 1621 2783; x_wconf 90' lang='lat' dir='ltr'><strong>iste</strong></span> <span class='ocrx_word' id='word_1_264' title='bbox 1658 2740 1846 2783; x_wconf 81' lang='lat' dir='ltr'><strong>levitate</strong></span> <span class='ocrx_word' id='word_1_265' title='bbox 1877 2738 1999 2781; x_wconf 84' lang='lat' dir='ltr'><strong>mala</strong></span> 
     </span>
    </p>
   </div>
   <div class='ocr_carea' id='block_1_8' title="bbox 289 2821 2000 3380">
    <p class='ocr_par' dir='ltr' id='par_1_8' title="bbox 289 2821 2000 3380">
     <span class='ocr_line' id='line_1_31' title="bbox 293 2821 1999 2879; baseline 0.002 -17"><span class='ocrx_word' id='word_1_266' title='bbox 293 2821 501 2874; x_wconf 84' lang='lat' dir='ltr'><strong>neglexit.</strong></span> <span class='ocrx_word' id='word_1_267' title='bbox 563 2821 730 2865; x_wconf 83' lang='lat' dir='ltr'><strong>Deinde</strong></span> <span class='ocrx_word' id='word_1_268' title='bbox 759 2823 940 2878; x_wconf 81' lang='lat' dir='ltr'><strong>exponit</strong></span> <span class='ocrx_word' id='word_1_269' title='bbox 969 2822 1099 2866; x_wconf 87' lang='lat' dir='ltr'><strong>etiam</strong></span> <span class='ocrx_word' id='word_1_270' title='bbox 1130 2824 1294 2866; x_wconf 85' lang='lat' dir='ltr'><strong>iurasse</strong></span> <span class='ocrx_word' id='word_1_271' title='bbox 1332 2837 1515 2879; x_wconf 89' lang='lat' dir='ltr'><strong>puerum</strong></span> <span class='ocrx_word' id='word_1_272' title='bbox 1544 2823 1824 2867; x_wconf 81' lang='lat' dir='ltr'><strong>sanctissimis</strong></span> <span class='ocrx_word' id='word_1_273' title='bbox 1853 2823 1999 2867; x_wconf 80' lang='lat' dir='ltr'><strong>verbis</strong></span> 
     </span>
     <span class='ocr_line' id='line_1_32' title="bbox 293 2905 2000 2961; baseline 0.003 -17"><span class='ocrx_word' id='word_1_274' title='bbox 293 2916 341 2945; x_wconf 83' lang='lat' dir='ltr'><strong>se</strong></span> <span class='ocrx_word' id='word_1_275' title='bbox 372 2905 488 2947; x_wconf 89' lang='lat' dir='ltr'><strong>nolle</strong></span> <span class='ocrx_word' id='word_1_276' title='bbox 517 2905 680 2947; x_wconf 82' lang='lat' dir='ltr'><strong>violare</strong></span> <span class='ocrx_word' id='word_1_277' title='bbox 710 2905 855 2957; x_wconf 89' lang='lat' dir='ltr'><strong>fidem,</strong></span> <span class='ocrx_word' id='word_1_278' title='bbox 885 2917 925 2948; x_wconf 90' lang='lat' dir='ltr'><strong>v.</strong></span> <span class='ocrx_word' id='word_1_279' title='bbox 956 2907 1115 2948; x_wconf 83' lang='lat'><strong>31--40.</strong></span> <span class='ocrx_word' id='word_1_280' title='bbox 1177 2906 1254 2948; x_wconf 88' lang='lat' dir='ltr'><strong>Sic</strong></span> <span class='ocrx_word' id='word_1_281' title='bbox 1278 2905 1529 2961; x_wconf 82' lang='lat' dir='ltr'><strong>periurium</strong></span> <span class='ocrx_word' id='word_1_282' title='bbox 1559 2905 1742 2949; x_wconf 89' lang='lat' dir='ltr'><strong>accedit.</strong></span> <span class='ocrx_word' id='word_1_283' title='bbox 1800 2906 2000 2961; x_wconf 88' lang='lat' dir='ltr'><strong>Denique</strong></span> 
     </span>
     <span class='ocr_line' id='line_1_33' title="bbox 292 2985 1994 3045; baseline 0.004 -20"><span class='ocrx_word' id='word_1_284' title='bbox 292 2997 332 3026; x_wconf 77' lang='lat' dir='ltr'><strong>v.</strong></span> <span class='ocrx_word' id='word_1_285' title='bbox 363 2987 543 3029; x_wconf 86' lang='lat'><strong>41-50.</strong></span> <span class='ocrx_word' id='word_1_286' title='bbox 584 2985 815 3044; x_wconf 82' lang='lat' dir='ltr'><strong>ingratum</strong></span> <span class='ocrx_word' id='word_1_287' title='bbox 856 2985 1053 3028; x_wconf 79' lang='lat' dir='ltr'><strong>animum</strong></span> <span class='ocrx_word' id='word_1_288' title='bbox 1101 2988 1225 3043; x_wconf 86' lang='lat' dir='ltr'><strong>pueri</strong></span> <span class='ocrx_word' id='word_1_289' title='bbox 1266 2988 1468 3031; x_wconf 82' lang='lat' dir='ltr'><strong>ostendit.</strong></span> <span class='ocrx_word' id='word_1_290' title='bbox 1542 2989 1610 3032; x_wconf 92' lang='lat' dir='ltr'><strong>De</strong></span> <span class='ocrx_word' id='word_1_291' title='bbox 1641 2990 1863 3045; x_wconf 79' lang='lat' dir='ltr'><strong>praeclara</strong></span> <span class='ocrx_word' id='word_1_292' title='bbox 1892 3002 1994 3044; x_wconf 84' lang='lat' dir='ltr'><strong>gra-</strong></span> 
     </span>
     <span class='ocr_line' id='line_1_34' title="bbox 293 3067 1999 3118; baseline 0.003 -9"><span class='ocrx_word' id='word_1_293' title='bbox 293 3067 466 3111; x_wconf 85' lang='lat' dir='ltr'><strong>datione</strong></span> <span class='ocrx_word' id='word_1_294' title='bbox 510 3067 662 3113; x_wconf 85' lang='lat' dir='ltr'><strong>horum</strong></span> <span class='ocrx_word' id='word_1_295' title='bbox 709 3071 902 3113; x_wconf 89' lang='lat' dir='ltr'><strong>locorum</strong></span> <span class='ocrx_word' id='word_1_296' title='bbox 945 3071 1036 3114; x_wconf 84' lang='lat' dir='ltr'><strong>dixi</strong></span> <span class='ocrx_word' id='word_1_297' title='bbox 1081 3072 1211 3115; x_wconf 86' lang='lat' dir='ltr'><strong>etiam</strong></span> <span class='ocrx_word' id='word_1_298' title='bbox 1254 3072 1297 3114; x_wconf 89' lang='lat' dir='ltr'><strong>in</strong></span> <span class='ocrx_word' id='word_1_299' title='bbox 1341 3072 1524 3118; x_wconf 87' lang='lat' dir='ltr'><strong>Dissert.</strong></span> <span class='ocrx_word' id='word_1_300' title='bbox 1565 3071 1621 3115; x_wconf 89' lang='lat' dir='ltr'><strong>de</strong></span> <span class='ocrx_word' id='word_1_301' title='bbox 1663 3072 1796 3115; x_wconf 84' lang='lat' dir='ltr'><strong>Poesi</strong></span> <span class='ocrx_word' id='word_1_302' title='bbox 1835 3071 1999 3114; x_wconf 88' lang='lat' dir='ltr'><strong>Tibulli</strong></span> 
     </span>
     <span class='ocr_line' id='line_1_35' title="bbox 294 3150 1996 3211; baseline 0.004 -21"><span class='ocrx_word' id='word_1_303' title='bbox 294 3161 390 3204; x_wconf 87' lang='lat' dir='ltr'><strong>cap.</strong></span> <span class='ocrx_word' id='word_1_304' title='bbox 419 3150 475 3192; x_wconf 89' lang='lat'><strong>11.</strong></span> <span class='ocrx_word' id='word_1_305' title='bbox 537 3151 665 3194; x_wconf 90' lang='lat' dir='ltr'><strong>Nunc</strong></span> <span class='ocrx_word' id='word_1_306' title='bbox 707 3153 974 3208; x_wconf 86' lang='lat' dir='ltr'><strong>explicemus</strong></span> <span class='ocrx_word' id='word_1_307' title='bbox 1020 3155 1206 3209; x_wconf 81' lang='lat' dir='ltr'><strong>singula.</strong></span> <span class='ocrx_word' id='word_1_308' title='bbox 1236 3178 1293 3187; x_wconf 89' lang='lat'>—</span> <span class='ocrx_word' id='word_1_309' title='bbox 1346 3168 1483 3198; x_wconf 90' lang='lat' dir='ltr'><strong>auro</strong></span> <span class='ocrx_word' id='word_1_310' title='bbox 1528 3167 1596 3198; x_wconf 90' lang='lat' dir='ltr'><strong>ne</strong></span> <span class='ocrx_word' id='word_1_311' title='bbox 1639 3155 1837 3211; x_wconf 91' lang='lat' dir='ltr'><strong>pollue</strong></span> <span class='ocrx_word' id='word_1_312' title='bbox 1882 3153 1996 3198; x_wconf 82' lang='lat' dir='ltr'><strong>for-</strong></span> 
     </span>
     <span class='ocr_line' id='line_1_36' title="bbox 290 3234 1996 3283; baseline 0.002 -8"><span class='ocrx_word' id='word_1_313' title='bbox 290 3245 437 3275; x_wconf 89' lang='lat' dir='ltr'><strong>mam.</strong></span> <span class='ocrx_word' id='word_1_314' title='bbox 498 3234 714 3278; x_wconf 89' lang='lat' dir='ltr'><strong>Polluitur</strong></span> <span class='ocrx_word' id='word_1_315' title='bbox 752 3237 890 3280; x_wconf 88' lang='lat' dir='ltr'><strong>forma</strong></span> <span class='ocrx_word' id='word_1_316' title='bbox 927 3239 1049 3282; x_wconf 86' lang='lat' dir='ltr'><strong>cuius</strong></span> <span class='ocrx_word' id='word_1_317' title='bbox 1092 3251 1196 3283; x_wconf 88' lang='lat' dir='ltr'><strong>usus</strong></span> <span class='ocrx_word' id='word_1_318' title='bbox 1226 3244 1271 3282; x_wconf 87' lang='lat' dir='ltr'><strong>et</strong></span> <span class='ocrx_word' id='word_1_319' title='bbox 1299 3238 1466 3282; x_wconf 86' lang='lat' dir='ltr'><strong>fructus</strong></span> <span class='ocrx_word' id='word_1_320' title='bbox 1494 3250 1602 3282; x_wconf 88' lang='lat' dir='ltr'><strong>auro</strong></span> <span class='ocrx_word' id='word_1_321' title='bbox 1631 3237 1844 3282; x_wconf 87' lang='lat' dir='ltr'><strong>venditur.</strong></span> <span class='ocrx_word' id='word_1_322' title='bbox 1907 3235 1996 3280; x_wconf 84' lang='lat' dir='ltr'><strong>Ce-</strong></span> 
     </span>
     <span class='ocr_line' id='line_1_37' title="bbox 289 3317 1995 3380; baseline 0.004 -24"><span class='ocrx_word' id='word_1_323' title='bbox 289 3319 430 3357; x_wconf 87' lang='lat' dir='ltr'><strong>terum</strong></span> <span class='ocrx_word' id='word_1_324' title='bbox 461 3323 683 3373; x_wconf 88' lang='lat' dir='ltr'><strong>comparat</strong></span> <span class='ocrx_word' id='word_1_325' title='bbox 714 3318 984 3364; x_wconf 77' lang='lat' dir='ltr'><strong>Huscmuus</strong></span> <span class='ocrx_word' id='word_1_326' title='bbox 1017 3318 1234 3380; x_wconf 86' lang='lat' dir='ltr'><strong>Aristoph.</strong></span> <span class='ocrx_word' id='word_1_327' title='bbox 1267 3322 1381 3367; x_wconf 88' lang='lat' dir='ltr'><strong>Nub.</strong></span> <span class='ocrx_word' id='word_1_328' title='bbox 1407 3326 1521 3366; x_wconf 75' lang='lat'><strong>9872</strong></span> <span class='ocrx_word' id='word_1_329' title='bbox 1551 3324 1624 3363; x_wconf 83' lang='grc' dir='ltr'><strong>καὶ</strong></span> <span class='ocrx_word' id='word_1_330' title='bbox 1653 3318 1714 3378; x_wconf 70' lang='grc' dir='ltr'><strong>μή</strong></span> <span class='ocrx_word' id='word_1_331' title='bbox 1743 3317 1864 3380; x_wconf 66' lang='lat' dir='ltr'><strong>nupsi</strong></span> <span class='ocrx_word' id='word_1_332' title='bbox 1893 3318 1995 3369; x_wconf 75' lang='grc' dir='ltr'><strong>τούς</strong></span> 
     </span>
    </p>
   </div>
   <div class='ocr_carea' id='block_1_9' title="bbox 289 3398 1993 3465">
    <p class='ocr_par' dir='ltr' id='par_1_9' title="bbox 289 3398 1993 3465">
     <span class='ocr_line' id='line_1_38' title="bbox 289 3398 1993 3465; baseline 0.008 -26"><span class='ocrx_word' id='word_1_333' title='bbox 289 3400 451 3441; x_wconf 83' lang='grc' dir='ltr'><em>σαυτοῦ</em></span> <span class='ocrx_word' id='word_1_334' title='bbox 481 3403 630 3455; x_wconf 74' lang='grc' dir='ltr'><em>γονέας</em></span> <span class='ocrx_word' id='word_1_335' title='bbox 662 3414 954 3462; x_wconf 70' lang='grc' dir='ltr'><strong>σκαιουργεῖν,</strong></span> <span class='ocrx_word' id='word_1_336' title='bbox 990 3403 1092 3448; x_wconf 71' lang='grc' dir='ltr'><strong>ἄλλο</strong></span> <span class='ocrx_word' id='word_1_337' title='bbox 1125 3423 1171 3451; x_wconf 78' lang='grc' dir='ltr'><strong>τε</strong></span> <span class='ocrx_word' id='word_1_338' title='bbox 1202 3407 1335 3465; x_wconf 68' lang='grc' dir='ltr'><em>μηδὲν</em></span> <span class='ocrx_word' id='word_1_339' title='bbox 1368 3402 1544 3464; x_wconf 71' lang='grc' dir='ltr'><strong><em>αἱσχρδν</em></strong></span> <span class='ocrx_word' id='word_1_340' title='bbox 1576 3414 1733 3459; x_wconf 75' lang='grc' dir='ltr'><strong>ποιεῖν,</strong></span> <span class='ocrx_word' id='word_1_341' title='bbox 1762 3398 1812 3458; x_wconf 73' lang='grc' dir='ltr'><strong>ὅ,</strong></span> <span class='ocrx_word' id='word_1_342' title='bbox 1844 3421 1888 3448; x_wconf 75' lang='grc' dir='ltr'><strong>τι</strong></span> <span class='ocrx_word' id='word_1_343' title='bbox 1914 3405 1993 3462; x_wconf 77' lang='grc' dir='ltr'><strong>τῆς</strong></span> 
     </span>
    </p>
   </div>
   <div class='ocr_carea' id='block_1_10' title="bbox 2116 1363 2158 1995">
    <p class='ocr_par' dir='ltr' id='par_1_10' title="bbox 2116 1363 2158 1995">
     <span class='ocr_line' id='line_1_39' title="bbox 2116 1363 2158 1995; baseline 0 1755"><span class='ocrx_word' id='word_1_344' title='bbox 2116 1363 2158 1995; x_wconf 95' lang='lat' dir='ltr'><strong> </strong></span> 
     </span>
    </p>
   </div>
  </div>
 </body>
</html>
