2158 3750
353 237 455 283 302
740 229 1209 283 COMMENTAR.
1248 231 1324 282 IN
1363 232 1655 284 TIBULLI

354 375 674 435 stipendiis
704 372 1001 418 faciendis
1030 372 1302 428 cogitare
1331 372 1568 429 incipit,
1598 377 1660 417 ut
1690 373 1880 431 fugiat
1909 388 2054 420 amo·-

354 463 433 504 ris
464 470 793 512 aerumnas,
823 456 921 502 sed
952 456 1185 500 frustra.

472 545 526 588 V.
558 546 583 585 1
617 555 682 596 sq.
743 541 953 585 Macer.
1013 541 1239 597 Apponam
1272 540 1458 585 Hunm
1489 541 1645 584 verba:
1696 541 1810 595 „Est
1847 542 2055 589 Aemilius

353 627 506 670 Macer
534 625 828 677 Veronensis,
871 623 1028 666 nobilis
1057 627 1218 679 poeta,
1266 623 1427 666 Ovidio
1457 628 1562 666 natu
1591 623 1754 676 maior,
1797 623 1982 679 Virgilio
2011 629 2056 667 et

352 708 530 751 Tibullo
571 706 664 749 fere
710 705 921 761 aequalis.
993 705 1183 761 Scripsit
1222 704 1613 760 Ornithogoniam,
1658 704 1874 748 Theriaca
1903 710 1958 749 ‘et
2001 705 2057 750 de

351 791 531 836 Herbis.
602 790 746 834 Multa
791 789 848 833 de
890 802 945 832 eo
989 789 1119 832 docte
1167 790 1390 844 congessit
1422 790 1798 832 'Bnoucxmrsms
1842 788 1900 832 ad
1943 788 1986 832 h.
2026 789 2056 833 l.

352 874 480 917 Adde
526 872 714 916 Mirm
758 872 976 915 Veronam
1018 871 1219 914 illustrat.
1262 871 1316 915 P.
1347 870 1405 914 ΙΙ.
1448 884 1515 929 pr.
1590 871 1903 916 Circumfertur
1945 884 2060 915 nunc

351 959 434 1002 sub
465 957 558 1000 eius
587 956 759 999 nomine
800 955 912 998 liber
952 953 1009 997 de
1039 953 1201 996 viribus
1231 951 1480 998 herbarum.
1543 954 1749 998 Diversus
1779 954 1834 998 ab
1865 953 1949 997 hoc
1977 953 2059 1007 fuit

355 1045 417 1097 is,
462 1043 537 1097 qui
577 1041 712 1084 Iliaca
753 1038 928 1094 scripsit
971 1037 1052 1092 (de
1086 1049 1173 1092 quo
1214 1037 1302 1083 vid.
1336 1037 1391 1081 ad
1422 1039 1614 1083 Vmcn..
1657 1038 1755 1084 libr.
1784 1038 1844 1082 ΙΙ.
1874 1037 1986 1082 Exc.
2018 1038 2058 1083 Ι.
2120 1078 2123 1079 ⁷

355 1141 397 1182 p.
424 1123 571 1178 306.)‚
601 1134 730 1177 quem
761 1119 988 1162 confusum
1020 1131 1120 1161 cum
1151 1119 1227 1160 illo
1257 1119 1390 1162 etiam
1419 1132 1445 1162 a
1475 1118 1808 1164 Bnoucmmsm
1841 1125 1887 1165 et
1915 1135 1942 1164 a
1972 1134 2058 1176 me,

358 1214 460 1267 post
488 1211 597 1253 alios
636 1205 841 1250 discrevit
871 1204 1193 1247 WERNSDORF.
1232 1202 1360 1245 Poet.
1396 1201 1497 1246 Lat.
1527 1203 1637 1247 Min.
1674 1203 1730 1246 T.
1758 1204 1837 1248 lv.
1877 1219 1921 1260 p.
1953 1208 2058 1248 579.
2131 1203 2150 1271 (ς’

351 1295 492 1337 580.“
517 1316 576 1328 -
614 1292 826 1335 Castra
856 1290 1156 1344 sequitur,
1184 1293 1234 1330 ut
1263 1287 1442 1331 Lucus.
1474 1286 1667 1332 Pharsal.
1697 1287 1756 1343 X,
1785 1291 1900 1332 407:
1931 1288 2063 1331 nulla

352 1377 468 1433 fides
492 1376 733 1434 pietasque
763 1372 899 1420 viris.
943 1372 1023 1432 qui
1054 1379 1210 1415 castra
1239 1379 1516 1430 sequuntur,
1559 1371 1762 1423 laudante
1791 1372 1970 1416 VULPIO
2012 1375 2058 1415 et
2138 1364 2153 1386 '³¹

361 1464 756 1506 Wunnssumcmo.
818 1458 942 1502 Adde
974 1458 1114 1501 Ovm.
1146 1458 1320 1500 Amorr.
1349 1457 1430 1510 ΙΙΙ,
1459 1460 1503 1510 8,
1534 1460 1619 1499 26:
1651 1457 1840 1503 Discite,
1873 1457 1952 1515 qui
1983 1471 2060 1500 sa·
2139 1431 2158 1490 1⁷⁴·

353 1545 492 1602 pitis,
538 1559 625 1586 non
667 1556 783 1601 quae
827 1557 906 1584 nos
940 1541 1106 1583 scimus
1137 1540 1332 1588 inertes,
1376 1540 1466 1583 Sed
1503 1540 1704 1597 trepidas
1734 1541 1853 1584 acies
1882 1549 1928 1583 et
1948 1541 2063 1600 fera
2148 1592 2150 1594 Ι

357 1635 516 1669 castra
546 1625 686 1684 sequi.
746 1624 830 1666 Est
874 1627 1023 1666 notum
1061 1623 1143 1665 sub
1186 1622 1444 1666 Caesaribus
1485 1623 1681 1678 legiones
1712 1624 1756 1667 in
1797 1627 1951 1667 castris
1984 1621 2062 1667 ha-

360 1711 474 1754 bitas
517 1710 633 1752 circa
673 1708 784 1749 fines
825 1706 1022 1761 imperii,
1067 1704 1183 1747 unde
1228 1704 1438 1761 imprimis
1478 1705 1543 1748 his
1572 1706 1837 1762 temporibus
1867 1707 2060 1762 legitime
2136 1701 2146 1710 ”

359 1799 507 1838 castra
532 1806 596 1849 pr.
628 1789 782 1835 militia
812 1788 1028 1832 dicta.—
1081 1791 1284 1830 tenero
1327 1787 1462 1842 quid
1507 1787 1616 1831 fiet
1658 1788 1882 1831 Amori?
1943 1788 2062 1841 Con·
2144 1776 2145 1779 ¹

357 1877 495 1920 tendit
528 1875 798 1918 Huscnxms
828 1872 995 1915 Amore
1026 1870 1299 1915 scribendum
1330 1884 1456 1925 esse,
1486 1875 1536 1914 ut
1565 1873 1696 1926 vulgo
1728 1871 1930 1916 dicitun·
1954 1871 2059 1927 quid
2144 1878 2150 1890 ‘¹

356 1960 432 2002 illo
464 1960 564 2012 fiet,
605 1956 712 2012 quid
742 1968 814 1999 me
844 1954 1036 1999 futurum
1068 1959 1163 2008 est,
1204 1953 1309 2009 quid
1339 1957 1384 1997 te
1416 1953 1578 1997 factum
1612 1959 1703 2008 est,
1741 1959 1786 1997 et
1815 1966 1927 2009 quae
1957 1959 2057 1997 sunt
2139 1966 2141 1972 ·

358 2041 603 2087 huiusmodi
632 2041 781 2084 multa.
842 2039 936 2082 Sed
966 2038 1156 2082 dativum
1188 2039 1294 2081 satis
1325 2042 1505 2081 tuentur
1533 2039 1732 2082 omnus
1762 2039 1857 2084 Art.
1891 2039 1987 2083 Am.
2019 2040 2057 2093 Ι,
2135 2063 2139 2069 ‚

355 2129 470 2168 536:
495 2121 702 2180 perfidus
731 2118 808 2162 ille
839 2117 985 2160 abiit.-
1019 2118 1132 2178 quid
1161 2117 1271 2160 milii
1290 2118 1398 2174 fiet,
1430 2118 1500 2160 ait
1535 2119 1788 2177 (Ariadna),
1819 2126 1865 2165 et
1896 2121 2059 2165 lems

357 2208 454 2250 libr.
484 2205 630 2259 XLV,
668 2217 709 2247 c.
746 2206 831 2246 392
893 2201 1017 2258 Quid
1046 2201 1202 2244 deinde
1232 2210 1329 2244 tam
1360 2202 1530 2258 opimae
1554 2203 1780 2260 praedae,
1822 2212 1918 2246 tam
1951 2221 2066 2262 opu-

355 2291 507 2332 lentae
549 2286 765 2330 victoriae
810 2284 966 2342 spoliis
1000 2284 1116 2339 fiet,
1165 2285 1239 2328 ubi
1284 2286 1398 2330 conf.
1439 2287 1713 2342 Damnum,
1758 2295 1804 2333 et
1845 2291 2063 2335 Pausa-us
2131 2282 2147 2322 ’-

358 2373 603 2420 Mostellar.
632 2371 713 2425 111,
743 2373 787 2424 2,
819 2373 907 2412 88:
957 2368 1274 2412 Alexandrum
1320 2372 1544 2429 Magnum
1585 2379 1725 2431 atque
1766 2372 2065 2432 Agathoclem
2132 2388 2136 2389 ⁷

357 2455 493 2497 aiunt
523 2466 758 2495 maxumas
788 2453 895 2494 Duo
926 2466 996 2493 res
1025 2451 1243 2510 gessisse:
1275 2451 1389 2510 quid
1415 2453 1524 2494 mihi
1543 2454 1637 2511 flet
1667 2455 1828 2504 tertio,
1863 2457 1955 2514 Qui
1987 2470 2064 2500 so·-

358 2536 434 2580 lus
472 2535 607 2595 facio
643 2534 864 2594 facinora
909 2533 1198 2578 immortalia.
1274 2537 1400 2582 Quae
1439 2538 1523 2582 iam
1562 2540 1768 2584 Vmaems
1808 2542 1968 2585 attulit.
2000 2560 2062 2576 -·-

360 2622 452 2665 Sit
483 2632 696 2673 comes,
728 2620 872 2662 socius
904 2621 1095 2674 militiae,
1128 2626 1173 2664 et
1195 2623 1427 2664 comitetur
1452 2622 1647 2666 Macrum
1669 2624 1829 2679 ubique
1859 2629 2061 2680 tanquam

361 2704 622 2756 commilito,
668 2715 789 2745 arma
831 2701 974 2745 ferens
1015 2707 1059 2745 et
1102 2703 1273 2746 labores
1317 2705 1506 2747 tolerans
1537 2710 1585 2747 ut
1617 2705 1786 2749 ceteri?
1849 2707 2064 2762 Armigeri
2121 2707 2125 2730 ²

358 2799 513 2829 munus
544 2798 630 2828 non
663 2785 894 2828 convenire
926 2783 1009 2826 deo
1044 2784 1233 2828 Vossms
1274 2789 1319 2827 et
1351 2785 1621 2830 Huscmcms
1653 2792 1935 2842 monuerunt,
1980 2801 2061 2832 nec

359 2874 481 2926 patet
523 2867 627 2922 quid
667 2867 900 2923 profuisset
942 2863 1011 2907 hic
1055 2866 1154 2907 talis
1193 2867 1327 2909 fictio.
1400 2869 1612 2914 Quaestio
1658 2867 1766 2911 haec
1803 2874 1896 2912 est:
1946 2868 2060 2912 Num
2126 2895 2134 2930 1

358 2955 514 3006 perget
545 2951 697 2993 Macer
735 2950 866 2992 etiam
904 2950 948 2991 in
988 2950 1142 2992 castris
1173 2951 1320 2993 fovere
1352 2950 1429 2994 hos
1460 2966 1611 2995 sensus
1643 2953 1901 3006 amatorios,
1944 2951 2060 3008 quod
2140 2926 2158 3012 J

359 3033 560 3075 Tibullus
599 3031 773 3088 poetice
813 3032 875 3073 ita
915 3030 1047 3074 dixit:
1097 3031 1214 3075 Num
1255 3034 1387 3076 etiam
1432 3035 1474 3077 in
1517 3035 1670 3077 castris
1703 3036 1835 3077 Amor
1876 3048 1974 3078 cum
2005 3046 2059 3078 eo
2142 3031 2158 3048 ’”

361 3115 443 3156 erit
487 3119 689 3169 tanquam
730 3114 874 3157 socius
919 3116 1246 3173 inseparabilis,
1289 3120 1614 3174 comparatione
1647 3118 1782 3174 petita
1812 3117 1866 3160 ab
1898 3118 2060 3172 amicis,

361 3195 434 3249 qui
466 3197 597 3238 etiam
639 3197 683 3238 in
725 3196 886 3238 bellum
929 3204 1168 3253 sequuntur
1209 3202 1321 3243 alter
1355 3202 1565 3254 alterum,
1608 3214 1694 3243 una
1723 3201 1931 3255 militant,
1976 3213 2060 3244 una

361 3276 506 3319 ferunt
537 3278 707 3320 labores
740 3290 903 3322 omneS.
939 3303 992 3312 ω-
1047 3283 1204 3324 collo
1245 3288 1437 3337 gerat,
1484 3282 1524 3326 h.
1558 3296 1597 3328 e.
1642 3296 1699 3326 ex
1729 3285 1841 3327 collo
1871 3296 2059 3340 appensa

362 3363 520 3415 portet.
583 3360 808 3406 Quaenam
855 3358 963 3404 haec
1008 3364 1145 3406 sunt?
1209 3366 1342 3409 Amor
1383 3366 1485 3409 licet
1530 3365 1651 3409 miles
1693 3377 1776 3408 non
1809 3370 1951 3409 tamen
1982 3363 2058 3407 ha-
