2158 3750
715 260 896 313 LIBR.
933 261 972 310 1.
1044 258 1244 310 ELEG.
1283 260 1349 309 ΙΙ.
1807 260 1871 304 57

182 415 296 459 Num
346 415 528 460 fortasse
573 417 703 460 etiam
748 416 804 459 de
846 429 916 459 me
961 416 1074 459 fama
1105 416 1203 459 talis
1234 413 1334 458 est?
1394 412 1494 470 Ipse
1524 413 1637 456 enim
1669 423 1751 454 non
1783 423 1875 453 me-

179 499 295 542 mini.
358 499 526 546 Quodsi
557 513 661 543 vero
694 504 762 543 est
789 503 835 542 et
867 499 972 542 vidit
1001 498 1083 542 hoc
1112 499 1280 555 aliquis,
1302 500 1528 554 promptus
1558 507 1654 538 sum
1683 493 1736 536 ad
1770 505 1874 548 sup—

180 580 467 635 plicationem.
500 601 556 616 —
605 582 865 624 incestus
911 578 952 622 h.
993 593 1031 622 e.
1076 579 1322 636 improbus,
1370 579 1606 632 scelestus,
1655 574 1769 632 quod
1818 574 1873 616 ad

179 663 319 718 ipsum
360 660 535 720 raptum
573 668 786 719 sertorum
826 662 1064 719 pertineat,
1110 662 1215 705 dicit
1259 662 1676 705 Wunnnnmcnws.
1753 659 1876 702 Alius

179 745 324 787 malitz
368 757 453 788 non
493 757 601 801 pure
638 748 870 798 casteque,
916 743 1127 797 neglectis
1157 743 1224 795 iis,
1254 755 1366 798 quae
1399 743 1632 786 observare
1662 741 1877 784 debebant

177 828 251 882 qui
281 828 441 884 templa
470 827 647 872 deorum
678 823 889 885 adjrent,‘
919 827 977 869 cf.
1009 840 1048 869 v.
1082 839 1120 869 c.
1152 825 1209 878 H,
1241 828 1282 878 1,
1316 828 1370 867 11
1403 839 1497 880 sqq.
1559 824 1651 868 Sed
1679 822 1761 866 hoc
1791 835 1877 866 non

177 910 363 962 sufficit3
408 909 598 964 loquitur
625 908 682 951 de
710 920 798 954 uno
822 910 1037 966 poecato,
1077 913 1127 950 ut
1158 906 1349 950 ostendit
1379 907 1535 963 copula
1566 921 1667 964 que.
1727 907 1875 951 Quare

174 989 371 1032 incestus
401 995 469 1032 est
496 989 692 1046 improba
723 986 1149 1044 mente,²'meditaus
1179 988 1337 1032 malam
1367 1001 1473 1032 rem.
1547 989 1636 1034 Qui
1665 989 1876 1043 sanguine

177 1084 228 1114 ac
258 1072 391 1117 caede
422 1074 758 1117 contaminatum
793 1073 862 1118 hic
895 1074 1240 1131 interpretantur
1279 1072 1514 1126 incestum,
1559 1085 1639 1115 nec
1670 1071 1877 1115 credibile

173 1154 422 1198 in-Tibullo
453 1155 658 1199 delictum
690 1160 879 1213 ponunt,
919 1168 1001 1199 nec
1032 1159 1236 1212 reputant
1265 1155 1401 1198 maius
1439 1155 1600 1198 crimen
1632 1166 1717 1196 non
1742 1165 1877 1209 posse

174 1243 275 1280 ante
300 1238 438 1280 minus
459 1238 686 1292 nominari,
717 1238 762 1281 id
792 1237 911 1294 qnod
939 1250 1053 1280 nunc
1083 1236 1249 1280 faceret
1272 1242 1417 1294 poeta.
1446 1257 1491 1269 -
1527 1235 1876 1292 deripuisse,

171 1326 221 1363 ut
250 1322 426 1366 Prima
457 1321 574 1366 Rud.
608 1320 690 1376 111,
717 1326 761 1376 5,
792 1325 853 1366 5:
902 1321 955 1364 de
997 1334 1083 1363 ara
1124 1320 1318 1376 deripere
1336 1347 1347 1367 ,
1392 1319 1593 1362 laudante
1635 1318 1876 1362 Wunnnn—

171 1418 332 1448 memo
364 1409 410 1449 et
436 1405 704 1460 Huscmuo,
734 1405 810 1449 ubi
839 1406 964 1469 plura
995 1405 1106 1448 vide.
1169 1405 1338 1447 Dicitur
1365 1404 1544 1447 verbum
1574 1403 1629 1446 de
1660 1415 1729 1456 eo,
1760 1401 1876 1455 quod

172 1486 434 1532 abstrahitur
462 1489 516 1532 ab
546 1491 690 1545 aliqua
720 1503 791 1544 re,
841 1494 887 1533 et
928 1489 1192 1532 construitur
1226 1502 1264 1533 c.
1296 1488 1442 1531 dativo
1485 1492 1562 1530 aut
1604 1501 1642 1529 c.
1675 1498 1875 1542 praepOS.

172 1570 253 1617 ab,
284 1587 364 1620 ex,
396 1573 472 1620 de,
513 1572 628 1617 conf.
659 1573 839 1616 Zunpr.
872 1571 926 1615 ad
956 1571 1099 1615 Cicer.
1130 1571 1300 1616 Verrin.
1334 1585 1375 1626 p.
1406 1571 1513 1612 254.
1572 1567 1632 1610 Et
1662 1568 1875 1623 repetitae

171 1657 504 1712 praepositionis
533 1658 731 1713 exempla
776 1656 875 1700 vide
917 1671 987 1713 ap.
1019 1657 1262 1713 interprett.
1303 1655 1359 1698 ad
1393 1655 1629 1698 Pnorssn'r.
1661 1651 1697 1706 I,
1726 1654 1770 1704 3,
1800 1653 1870 1693 36.

171 1753 240 1796 ap.
273 1738 570 1784 Bnoucxmss.
603 1739 714 1783 infra
745 1739 800 1782 ad
830 1740 867 1792 1,
898 1744 941 1793 5,
974 1741 1044 1780 40.
1079 1743 1123 1781 et
1154 1738 1436 1781 Huscnximu
1465 1736 1519 1779 ad
1549 1735 1606 1785 ll,
1639 1738 1679 1787 l,
1709 1736 1782 1776 24.
1823 1752 1875 1765 -·

172 1822 224 1864 V.
257 1825 332 1864 85.
363 1823 410 1865 si
439 1825 645 1878 merui,
688 1825 731 1866 in
762 1825 919 1867 malam
951 1828 1144 1880 partem,
1177 1837 1232 1865 ex
1264 1835 1356 1864 usu.
1389 1823 1627 1864 Pnorssn‘r.
1661 1819 1696 1872 1,
1730 1821 1801 1871 18,
1832 1820 1874 1859 9.

171 1905 308 1950 Ovm.
340 1906 450 1950 Met.
481 1907 538 1960 ΙΙ,
569 1909 672 1950 279.
718 1907 835 1949 Fast.
873 1905 950 1958 IV,
980 1909 1085 1949 239.
1138 1903 1320 1948 Heroid.
1354 1903 1452 1956 Vll,
1483 1906 1556 1945 71.
1599 1914 1707 1956 quae
1740 1899 1875 1942 Hur-

170 2001 277 2032 mus
309 1989 456 2032 laudat
483 1989 595 2032 infra
624 1988 680 2031 ad
711 1989 767 2042 ll,
801 1991 843 2042 4,
874 1991 919 2031 5.
955 2009 1008 2020 -
1054 1987 1438 2044 procumbere
1469 1984 1726 2041 templis,
1758 1983 1798 2027 h.
1833 1996 1871 2026 e.

170 2072 224 2115 ad
255 2073 428 2129 templa.
490 2072 725 2128 Comparat
755 2070 974 2114 Hssrmus
1005 2071 1190 2114 Sunmc.
1223 2071 1318 2115 Sat.
1351 2083 1392 2112 v.
1424 2071 1505 2112 17:
1538 2081 1685 2125 purae
1717 2081 1876 2108 rursus

166 2155 447 2214 procumbere
476 2155 697 2214 lymphae.
759 2156 836 2199 Sic
866 2157 1102 2200 Pnopnnvr.
1136 2155 1216 2208 Ill,
1246 2158 1315 2208 17,
1351 2157 1398 2196 lt
1446 2150 1728 2195 advolvimur
1768 2150 1876 2193 aris.

169 2242 404 2284 Praeterea
431 2245 581 2283 notum
611 2237 781 2282 dIcendi
813 2250 974 2292 genus,
1005 2245 1152 2278 terrae
1182 2236 1348 2289 sterni,
1374 2234 1624 2291 prosterni,
1673 2248 1880 2289 procum-

172 2320 282 2367 bere,
326 2320 551 2378 deponere,
582 2319 741 2366 iacere,
770 2319 825 2362 de
855 2332 942 2373 quo
975 2318 1058 2361 vid.
1092 2318 1245 2360 Bnlm.
1277 2318 1332 2360 ad
1365 2317 1491 2361 ovid.
1525 2319 1691 2360 Amorr.
1720 2317 1800 2370 ΙΙΙ,
1829 2318 1874 2368 2,

169 2407 243 2447 25.
277 2409 322 2447 et
349 2405 615 2447 ernssru..
645 2403 701 2446 ad
735 2403 776 2447 h.
810 2404 952 2446 locum
987 2402 1164 2445 Tibulli.
1226 2402 1348 2445 Adde
1393 2401 1488 2443 rivo
1516 2399 1687 2458 fluenti
1729 2398 1871 2442 iacere

171 2490 309 2532 Vino.
340 2487 497 2544 Eclog.
528 2488 648 2542 vill,
681 2491 783 2531 101.
822 2500 886 2544 pr.
919 2489 961 2530 in
994 2489 1144 2530 rivum.
1209 2486 1274 2530 Ad
1306 2486 1557 2529 sententiam
1591 2484 1775 2538 denique
1824 2482 1877 2526 cf.

172 2574 380 2616 chnss'r.
410 2572 465 2626 V,
502 2575 643 2614 12022
689 2586 768 2613 nec
806 2568 1093 2628 procumbere
1132 2569 1256 2611 lzumi
1291 2575 1577 2626 prostratum
1609 2574 1652 2607 et
1678 2565 1875 2622 pandere

164 2656 344 2713 palmae
374 2663 481 2697 ante
512 2654 639 2696 deum
670 2651 869 2696 delubra.
898 2662 960 2684 '——
1007 2654 1149 2696 Porro
1192 2657 1340 2694 notum
1389 2652 1525 2693 dare
1572 2651 1768 2692 oscula
1811 2651 1875 2692 li-

169 2740 436 2792 minibus,
479 2739 534 2782 cf.
566 2739 693 2782 Lm.
724 2738 917 2782 Elector.
950 2738 1008 2792 11,
1040 2742 1084 2782 6.
1131 2738 1345 2780 Kmnmus
1393 2735 1447 2777 de
1489 2735 1667 2778 Osculis
1708 2735 1874 2797 dissert.

170 2821 267 2874 vn,
295 2825 368 2863 23.
401 2844 459 2851 -
515 2821 786 2865 tenuem
827 2832 1166 2876 perrepere,
1212 2818 1385 2862 humum
1446 2822 1721 2875 perreptare,
1768 2819 1876 2860 ritus

169 2905 492 2961 superstitiosus
533 2904 588 2946 ad
629 2904 863 2961 placandos
903 2904 1022 2949 deos.
1099 2903 1292 2948 Contulit
1322 2903 1560 2947 Scffleea
1606 2902 1751 2946 luven.
1785 2901 1875 2943 Sat.

174 2989 245 3041 Vl,
276 2991 379 3032 528.
427 2994 472 3030 et
513 2989 596 3030 alia
637 3001 692 3031 ex
733 2988 861 3032 Dion.
907 2989 1073 3034 Cassio.
1154 2988 1265 3032 Vide
1310 2989 1439 3030 etiam
1472 2987 1652 3035 Suntne.
1687 2986 1742 3027 de
1785 2986 1872 3028 vit.

171 3073 295 3113 beata
326 3085 363 3113 c.
398 3074 470 3113 27.
531 3069 715 3113 Videtur
745 3083 817 3113 res
848 3084 904 3114 ex
936 3070 1181 3128 peregrinis
1210 3070 1492 3125 religionibus
1524 3068 1692 3121 hausta,
1726 3081 1874 3123 queni-

169 3154 396 3197 admodum
442 3166 552 3208 quae
595 3155 738 3197 statim
784 3155 958 3199 additur
994 3154 1222 3211 percussio
1264 3154 1457 3211 capitis,·
1507 3158 1550 3195 at
1596 3154 1875 3209 procumbere

170 3242 266 3278 ante
299 3237 456 3292 templa
496 3243 538 3278 et
571 3238 754 3279 osculari
789 3237 935 3280 limina
967 3237 1193 3280 domestici
1227 3239 1357 3280 moris
1394 3237 1482 3278 suit.
1519 3261 1575 3267 —-
1609 3238 1873 3280 miserum

170 3326 363 3375 capnt,
412 3321 648 3362 cruciatum
683 3321 841 3363 amoris
876 3332 1023 3376 par-um
1055 3320 1232 3364 secundi
1267 3320 1513 3370 doloribus,
1549 3318 1738 3374 epitheto
1773 3331 1871 3374 per-

171 3418 298 3447 sonae
331 3404 384 3446 ad
419 3410 583 3459 partem
614 3405 807 3460 corporis
842 3404 1003 3458 relato,
1035 3408 1082 3446 ut
1114 3417 1268 3460 saepe,
1300 3402 1353 3445 cf.
1388 3401 1440 3444 ad
1476 3401 1507 3453 l,
1547 3404 1582 3454 1,
1611 3402 1679 3442 46.
