2086 3756
829 232 1132 285 TIBULLI.
1684 251 1788 283 xxv
1796 252 1833 282 ιε

127 377 271 428 micis
319 380 392 428 De
439 378 676 446 Lygdami
723 373 1035 442 carminibus-⁹,
1089 396 1214 447 quae
1250 396 1396 446 nuper
1433 379 1673 446 appellata
1715 389 1835 440 sunt,

127 491 249 524 ann.
300 479 455 524 1819.
505 477 660 524 1823.
712 477 868 526 1824.
923 476 1017 527 ubi
1063 479 1286 544 primam
1337 486 1388 527 et
1436 485 1676 544 quartam
1732 476 1836 525 ele-

123 569 260 632 giam
308 566 613 634 diligentius·
641 570 991 633 examinavit,
1042 569 1230 622 deinde
1276 572 1552 624 Passovius
1602 572 1658 620 in
1698 569 1833 620 Cen-

123 680 247 716 sura
286 681 447 732 supra
478 662 707 728 laudata,
744 675 795 716 et
827 664 1198 719 Lachmannus
1236 670 1362 720 olim
1390 667 1456 719 ad
1482 668 1832 735 Propertium,

122 776 295 826 nuper
324 775 452 812 vero
488 759 731 825 pluribus
769 761 944 813 verbis
981 762 1038 811 in
1074 763 1430 815 Annotatione
1468 766 1737 832 praeclara
1771 765 1835 814 li-

121 857 220 907 bro
269 857 424 908 tertio
474 849 761 924 praemissa
809 857 867 908 in
905 858 999 909 :sui
1027 858 1254 910 Tibulli
1306 858 1563 923 editione,
1615 860 1833 927 repetita

123 953 279 1004 etiam
313 953 371 1003 in
406 964 603 1017 nostra,
631 962 904 1021 praeterea
943 955 1046 1006 alii.
1116 956 1290 1024 Atque
1328 973 1423 1022 ego
1462 973 1672 1024 quoque
1705 956 1837 1006 nihil

123 1048 311 1099 certius
346 1049 549 1112 habeo,
579 1049 824 1117 quamvis
861 1049 1017 1100 etiam
1056 1048 1359 1102 defensores
1395 1052 1635 1117 vulgatae
1675 1049 1835 1101 tradi-

125 1145 283 1196 tionis
320 1136 639 1210 exstiterint,
693 1147 888 1214 quibus
927 1146 1175 1198 commoti
1219 1147 1368 1198 multi
1405 1145 1561 1197 hodie
1600 1143 1838 1218 dubitant

122 1241 176 1290 in
223 1257 284 1292 re
331 1258 441 1292 non
486 1241 642 1292 nimis
674 1244 940 1308 ambigua.
1012 1244 1088 1294 Ac
1133 1243 1374 1312 plerique
1411 1244 1684 1294 Tibullum
1725 1258 1835 1292 cre-

125 1332 258 1386 dunt
291 1335 446 1386 etiam
476 1336 562 1386 hic
595 1351 727 1388 euos
765 1353 1001 1402 amores,
1052 1336 1146 1388 sed
1181 1339 1280 1389 sub
1316 1337 1572 1405 Lygdami
1609 1337 1837 1400 nomine,

126 1430 384 1493 cecinisse,
420 1440 480 1480 ut
516 1431 770 1494 BaueruS,
804 1432 1047 1497 BachiuS,
1083 1430 1365 1499 SpohniuS,
1407 1434 1512 1483 alii.
1583 1431 1688 1484 Cui
1724 1435 1836 1499 opi-

85 1577 95 1585 ,
123 1525 272 1576 nioni
308 1523 432 1593 quid
477 1526 674 1589 obstet,
718 1525 824 1576 iam
859 1525 1044 1576 dicam.
1129 1526 1365 1577 Primum
1403 1536 1559 1593 poeta
1592 1527 1705 1594 ipse
1743 1543 1837 1576 na-

122 1622 250 1672 tales
286 1637 409 1672 suos
440 1618 642 1671 indicat
668 1621 761 1685 m,
793 1626 840 1685 5,
872 1626 955 1672 17.
995 1625 1078 1672 18.
1116 1623 1210 1690 qui
1247 1640 1415 1674 annus
1442 1640 1560 1673 cum
1595 1640 1706 1675 non
1738 1641 1836 1691 po-

123 1710 283 1768 tuerit
317 1717 515 1769 Tibulli
551 1720 912 1783 esse-natalis,
961 1719 1144 1769 eiicere
1185 1721 1468 1770 voluerunt
1506 1721 1708 1785 locum,
1745 1718 1836 1771 sed

121 1811 536 1879 repugnantibus
579 1813 779 1878 legibus
827 1829 990 1864 rsanae
1041 1813 1274 1878 criticae3
1323 1814 1526 1866 videbis
1572 1815 1629 1865 in
1678 1814 1836 1867 Com-

122 1908 381 1959 mentario
407 1908 690 1960 vanitatem
716 1915 1165 1974 argumentorum.
1237 1907 1491 1959 Notatum
1527 1908 1715 1960 deinde
1747 1921 1836 1974 est,

124 1995 204 2052 ab‘
228 2000 418 2055 ovidio
451 2003 660 2070 saepius
693 2007 1001 2070 expressum
1032 2001 1361 2071 Lygdamum
1404 2015 1463 2055 ut
1499 2006 1624 2056 alias
1651 2006 1836 2058 Tibul-

52 2118 57 2123 ’
123 2099 261 2162 lum,
311 2097 455 2167 quod
494 2112 697 2150 verum.
763 2101 828 2151 ³In
867 2098 1117 2166 Epicedio
1158 2099 1368 2168 quidem
1408 2101 1619 2152 Amorr.
1656 2102 1746 2164 III,
1788 2106 1835 2163 9,

71 2249 76 2252 ,
126 2200 189 2248 51
231 2213 347 2264 sqq.
403 2210 515 2247 non
567 2195 777 2263 respici-t
823 2195 1154 2264 Lygdamum
1206 2198 1295 2259 III,
1345 2202 1393 2258 2,
1450 2200 1677 2247 11—13.
1743 2194 1835 2247 sed

125 2290 395 2340 Tibullum
429 2292 469 2353 I,
507 2296 555 2355 3,
586 2297 621 2342 ’5
653 2308 775 2360 sqq.
846 2294 916 2344 v,
948 2297 1039 2344 117.
1097 2287 1309 2360 Epiced.
1338 2291 1608 2358 Spohnius
1645 2310 1834 2360 perpe·

122 2402 239 2436 ram
274 2386 499 2453 explicat
542 2405 597 2454 p.
635 2394 733 2439 70:
783 2387 952 2452 „idem
987 2389 1076 2438 ille
1112 2388 1354 2455 Tibullus
1393 2388 1552 2450 iacet,
1606 2387 1699 2454 qui
1736 2403 1833 2438 nos
1869 2395 1872 2398 ’

124 2481 189 2543 ΙΙ,
216 2484 265 2544 5,
292 2480 411 2531 114.
449 2496 623 2532 sacros
658 2492 817 2546 vateS,
853 2483 942 2545 III,
970 2484 1019 2546 4,
1045 2482 1131 2532 43.
1171 2499 1349 2532 curam
1385 2481 1543 2533 deum
1582 2480 1835 2533 dixerat.“

122 2576 304 2628 Potius
331 2592 488 2629 verus
512 2594 728 2630 sensus:
763 2579 1004 2629 Attamen
1044 2577 1268 2631 dicimur
1303 2589 1352 2630 et
1387 2578 1650 2630 credimur
1674 2579 1832 2644 vulgo

124 2673 257 2723 sacri
305 2682 357 2724 et
407 2690 533 2724 cura
570 2673 820 2739 deorum,
874 2692 969 2725 nec
1007 2673 1074 2725 ad
1110 2675 1295 2738 unius,
1343 2674 1432 2726 sed
1482 2674 1547 2726 ad
1598 2675 1834 2726 omnium

122 2779 440 2835 provocatur
474 2771 849 2822 auctoritatem
921 2770 1168 2822 Ceterum
1206 2789 1316 2823 non
1353 2788 1512 2836 neg0‚
1557 2787 1674 2822 cum
1712 2768 1832 2820 ede-

122 2876 203 2917 ret
249 2866 414 2918 libros
461 2882 585 2920 suos
636 2865 887 2931 Ovidius,
935 2869 1168 2936 potuisse
1221 2871 1285 2920 ab
1334 2885 1397 2919 eo
1443 2866 1631 2934 respici
1678 2866 1833 2916 simul

122 2964 285 3015 verba
308 2961 508 3014 Tibulli
543 2965 608 3028 ΙΙ,
636 2970 684 3027 5,
712 2968 833 3016 11-3.
861 2965 997 3030 114.,
1033 2966 1126 3016 ubi
1158 2975 1294 3017 certe
1333 2961 1397 3014 de
1433 2961 1540 3015 vita
1575 2969 1627 3011 et
1663 2970 1830 3012 morte

125 3076 322 3123 sermo,
358 3077 477 3111 cum
509 3059 649 3128 apud
683 3060 1012 3129 Lygdamum
1050 3061 1138 3124 III,
1174 3061 1223 3123 4,
1259 3061 1344 3111 43.
1382 3059 1538 3126 plane
1576 3058 1675 3108 alia
1712 3073 1830 3106 sen-

124 3158 287 3209 tentia
311 3157 392 3208 sit.
455 3157 602 3209 -Satis
637 3168 817 3211 contra
853 3158 1162 3227 Spohnium.
1236 3157 1346 3208 Nec
1383 3165 1523 3206 certa
1561 3170 1829 3220 compara-

126 3256 198 3305 tio
244 3255 482 3306 locorum
523 3254 690 3323 Lygd.
728 3257 816 3319 ΙΙΙ,
856 3262 902 3321 6,
942 3260 1026 3307 49.
1066 3261 1149 3308 50.
1196 3266 1245 3307 et
1298 3252 1449 3308 ovid.
1493 3255 1602 3304 Art.
1640 3253 1754 3301 Am.
1794 3252 1830 3310 Ι,

131 3353 252 3398 633.
290 3350 409 3399 634.
458 3364 573 3401 cum
623 3351 776 3403 etiam
815 3352 937 3402 talia
983 3369 1135 3418 saepe
1174 3361 1224 3400 et
1263 3369 1289 3399 a
1328 3350 1503 3400 multis
1542 3348 1674 3398 dicla
1712 3345 1826 3395 sint.
