2086 3756
819 225 1121 278 TIBULLI.
1145 278 1152 294 Ι
1660 304 1664 307 ²
1713 243 1824 291 xxx*

128 387 255 437 quas
305 371 388 421 vel
430 356 598 421 errori
633 369 716 421 vel
759 367 933 420 fraudi
975 369 1171 422 debitas
1208 368 1468 421 credibile.
1541 367 1823 434 Sulpiciam

124 464 284 514 fuisse
313 462 485 518 Servii
513 461 731 530 Sulpicii
761 463 885 515 Rufi
918 465 1243 517 celeberrimi
1276 465 1448 527 filiam,
1486 463 1578 532 qui
1614 463 1824 515 Cicero-

123 557 203 607 nis
239 558 479 626 aequalis.
505 566 630 621 erat,
666 557 760 625 qui
796 574 917 610 31111.
946 565 1066 611 703.
1103 562 1285 613 consul
1322 559 1423 611 fuit
1457 569 1506 611 et
1548 559 1669 610 circ.
1704 563 1826 608 710.

123 667 385 720 mortuus,
443 655 551 708 vid.
607 657 856 709 Ellendtii
913 661 1206 727 Prolegom.
1261 661 1328 713 ad
1383 661 1622 713 Ciceron.
1677 661 1826 711 Brut.

121 772 172 819 p.
198 752 317 804 CIII
343 771 472 822 sqq„
506 755 623 805 iure
659 754 898 807 dubitari»
923 767 1111 823 potest.
1184 760 1255 810 At
1288 760 1423 811 filius
1450 757 1664 811 Servius
1702 757 1825 808 Sul-

119 848 285 914 picius
318 859 566 915 paternae
605 848 774 901 laudis
814 852 1049 903 aemulus
1096 853 1270 919 potuit
1314 865 1495 920 postea
1532 855 1692 904 filiam
1730 853 1825 902 ha-

120 946 272 1008 bere„
293 946 440 995 cuius
475 955 614 995 aetas
651 946 844 997 nubilis
881 946 938 996 in
972 947 1115 1012 haec,
1150 964 1284 1016 quae
1326 946 1558 1011 dicimus»,
1590 957 1826 1014 tempora

119 1038 386 1091 incideret.
457 1040 594 1092 Nam
632 1059 743 1094 non
779 1058 891 1093 esse
925 1060 1038 1095 rem
1075 1041 1167 1094 diu
1204 1053 1324 1093 ante
1361 1052 1543 1107 actam,
1579 1041 1669 1092 sed
1697 1050 1823 1091 tunc

119 1137 291 1202 ipsum
329 1155 446 1189 cum
485 1141 715 1191 carmina
750 1140 1134 1203 scriberentur,
1188 1137 1414 1191 ostendit
1464 1140 1626 1206 elegia
1674 1140 1738 1202 ΙΙ,
1775 1143 1826 1188 2.

118 1232 395 1284 Messalam
446 1235 677 1285 amicum>
711 1232 908 1286 domus
950 1235 1110 1286 finisse
1153 1244 1298 1301 patet
1332 1228 1400 1284 e'x
1436 1251 1544 1285 uno
1583 1231 1826 1298 elegidio-

121 1345 255 1392 rum,
290 1338 343 1378 et
381 1328 532 1380 facile
568 1328 811 1380 coniicias
845 1328 1001 1380 etiam
1035 1329 1305 1380 Tibullum
1336 1345 1434 1378 usu
1479 1344 1597 1377 cum
1630 1326 1828 1377 familia

124 1424 475 1474 coniunctum.
546 1422 632 1475 Sic
671 1424 787 1476 fieri
822 1423 1010 1490 potuit,
1049 1423 1149 1487 aio,
1183 1434 1257 1486 ut,
1297 1421 1422 1471 dum
1459 1421 1572 1486 ipse
1610 1419 1828 1472 vacabat

122 1533 314 1581 amore,
358 1517 516 1567 huius
550 1517 759 1582 amoris,
794 1534 951 1585 quem
987 1514 1216 1581 vidisset,
1256 1524 1595 1583 componeret
1628 1512 1828 1565 suavis-

121 1611 301 1661 simam
338 1609 822 1676 adumbrationem‚.
840 1622 892 1662 et
924 1612 1094 1679 possis
1129 1610 1336 1666 Horatii
1372 1610 1643 1678 epistolam
1670 1625 1828 1677 quar·-

122 1717 227 1758 tam
262 1707 532 1760 commode
569 1707 636 1759 ad
669 1709 771 1760 1100
806 1719 1010 1778 tempus
1045 1726 1322 1761 revocare:

332 1803 469 1867 Albi,
509 1819 811 1856 sermonum
841 1815 1144 1857 nostrorum
1180 1801 1398 1856 candide
1436 1801 1612 1866 iudex,

331 1897 474 1962 Quid
513 1918 655 1952 nunc
688 1911 741 1952 te
777 1900 946 1955 dicam
980 1903 1152 1954 facere
1187 1902 1246 1951 in
1280 1900 1493 1966 regione
1529 1895 1755 1962 Pedana,

332 1994 575 2048 Scribere
615 1997 759 2067 quod
795 1998 948 2051 Cassi
978 2000 1274 2051 Parmensis
1316 1997 1568 2065 opuscula
1602 1995 1790 2059 vincat,

329 2093 415 2142 An
447 2093 669 2145 >tacitum
703 2095 859 2147 silvas
891 2094 1031 2146 inter
1067 2104 1276 2162 reptare
1318 2093 1553 2144 salubres
1566 2088 1593 2140 '2'

69 2252 73 2255 Ι
118 2187 163 2237 si
207 2195 320 2238 tum
367 2188 503 2239 forte
551 2189 610 2238 in
651 2190 925 2256 praedium
971 2202 1252 2242 secesserat
1297 2188 1510 2240 diutius.
1595 2186 1670 2237 Ac
1716 2183 1827 2236 dixi

117 2283 223 2334 iam
253 2300 429 2352 supra,
461 2285 520 2335 in
544 2288 883 2355 sequentibus
921 2289 985 2338 ab
1015 2286 1237 2337 Horatio
1273 2284 1438 2335 rideri
1466 2282 1678 2338 mollem
1715 2282 1828 2331 ani-

119 2395 264 2428 mum
298 2388 500 2445 poetae,
533 2380 644 2448 qui,
689 2379 860 2444 credo,
898 2380 1056 2432 modo
1089 2380 1290 2432 flebiles
1328 2379 1455 2430 istos
1496 2378 1666 2442 elegos
1689 2394 1828 2443 *pro-

117 2484 236 2542 pter
289 2474 564 2542 Glyceram
615 2475 994 2529 decantaverat.
1089 2475 1240 2527 Circa
1289 2477 1390 2526 hoc
1443 2491 1579 2528 veroa
1622 2484 1828 2541 tempus

118 2571 277 2621 etiam
312 2573 473 2637 elegia
507 2573 839 2640 prima'libri
873 2569 1090 2625 secundi
1125 2570 1282 2623 scribi
1316 2571 1513 2638 potuit,
1570 2568 1828 2638 siquidem

116 2667 173 2716 in
205 2667 299 2718 illo
335 2668 564 2719 carmine
594 2669 749 2720 nulla
780 2669 838 2720 fit
871 2669 1068 2720 mentio
1105 2669 1311 2735 puellae
1347 2684 1506 2736 quam
1542 2676 1680 2718 amet
1716 2662 1856 2733 (va-⁴

118 2765 269 2815 cahat
304 2763 445 2814 enim
479 2761 708 2834 amore),
738 2781 876 2815 >cum
906 2774 1088 2828 >tamen
1123 2764 1180 2813 in
1219 2761 1446 2813 carmine
1481 2759 1548 2812 ad
1586 2761 1826 2812 Messali-

118 2876 269 2925 num,
306 2876 413 2928 quo
448 2858 991 2928 tempore›.=-Nemesi1n
1025 2875 1199 2910 amare
1235 2865 1503 2924 coeperat,
1539 2856 1692 2906 etiam
1730 2872 1827 2906 no-

118 2971 246 3007 vum
277 2954 419 3005 hunc
455 2971 688 3007 amorem
721 2970 1129 3009 commemorare
1166 2970 1276 3005 non
1299 2952 1659 3005 obliviscatur.
1732 2950 1827 3002 Sa-

120 3051 184 3102 tis
223 3049 287 3101 de
322 3050 425 3102 his.

259 3147 601 3199 Pervenimus
642 3165 782 3200 nunc
819 3166 882 3201 eo
920 3159 981 3201 ut
1027 3149 1091 3201 de
1128 3150 1318 3202 Nemesi
1363 3145 1580 3199 dicatur.
1652 3146 1824 3196 Dubi-

119 3243 218 3293 tari
254 3245 435 3313 nequit
472 3246 631 3298 fuisse
671 3250 807 3298 hauc
838 3247 1164 3298 meretricem
1200 3245 1427 3296 maxime
1465 3244 1744 3311 superbam
1775 3251 1823 3290 et

124 3356 358 3404 avaram,
413 3353 462 3392 01
500 3343 646 3394 nullo
684 3354 916 3411 tempore
955 3346 1047 3395 uni
1096 3345 1307 3395 Tibullo
1358 3341 1634 3402 addictam,
1689 3354 1823 3407 quae
