2158 3750
648 245 954 307 TIBULLI
1004 244 1144 307 LIB.
1182 246 1222 306 1.
1253 257 1296 307 4.
1329 258 1372 304 5.
1794 246 1871 307 17

234 407 387 465 Haec
432 405 593 478 mihi,
638 428 784 489 quae
822 426 1078 465 canerem
1120 404 1289 477 Titio,
1333 402 1475 463 deus
1522 402 1702 465 edidit
1745 425 1872 461 ore:

316 513 431 573 Sed
474 513 686 572 Titium
735 511 981 571 coniunx
1027 510 1166 572 haec
1209 510 1534 573 meminisse
1576 524 1734 570 vetat.

164 637 222 680 75
239 622 440 682 Pareat
467 619 577 680 -ille
615 640 782 678 suae:
852 642 950 677 vos
996 641 1086 678 me
1136 618 1411 680 celebrate
1455 618 1822 700 magistrum,

318 728 483 808 Quos
526 725 673 786 male
717 724 887 784 habet
934 723 1109 786 multa
1154 726 1393 786 callidus
1439 741 1555 788 arte
1599 749 1757 811 puer.

230 834 428 896 Gloria
453 833 658 916 cuique
682 855 784 892 sua
812 845 924 890 est:
970 855 1077 904 me,
1102 832 1199 914 qui
1227 849 1586 913 spernentur,
1623 846 1874 894 amantes

318 939 684 1001 Consultent:
749 939 967 999 cunctis
1011 939 1183 998 ianua
1227 955 1421 999 nostra
1459 956 1627 1024 patet.

233 1053 485 1132 Tempus
524 1048 646 1122 erit,
692 1071 822 1107 cum
860 1044 950 1107 me
981 1047 1219 1107 Veneris
1261 1063 1564 1131 praecepta
1604 1049 1876 1110 ferentem

163 1173 224 1217 80
319 1158 582 1219 Deducat
615 1156 890 1217 -iuvenum
932 1154 1130 1216 sedula
1173 1156 1341 1216 turba
1386 1180 1594 1217 senem.

235 1269 363 1328 Heu
406 1267 519 1327 heu
559 1289 730 1350 quam
756 1263 1056 1325 Marathus
1091 1263 1242 1324 lento
1274 1288 1363 1324 me
1393 1279 1620 1349 torquet
1655 1269 1876 1327 amore!

313 1376 605 1437 Deficiunt
644 1388 822 1447 arteS,
878 1371 1262 1455 deficiuntque
1306 1372 1437 1432 doli.

237 1486 444 1558 Parce,
502 1505 678 1567 puer,
731 1503 977 1564 quaese,
1032 1503 1103 1539 ne
1143 1480 1327 1562 turpis
1372 1480 1568 1541 sabula
1614 1480 1780 1554 fiam,

329 1593 470 1653 Cum
513 1613 640 1653 mea
682 1588 955 1651 ridebunt
998 1611 1140 1650 vana
1183 1586 1522 1668 magisteria.

716 1889 1169 1966 ‘ELEGIA
1248 1892 1317 1942 v.

231 2020 472 2148 Asper
508 2086 658 2124 eram
692 2078 745 2124 et
769 2061 914 2124 bene
945 2063 1250 2124 discidium
1282 2087 1370 2124 me
1405 2061 1551 2124 serre
1577 2062 1881 2147 loquebar:

321 2174 397 2234 At
439 2172 579 2234 mihi
624 2197 778 2233 nunc
822 2172 990 2254 longe
1037 2171 1218 2254 gloria
1262 2172 1426 2233 fortis
1471 2172 1643 2234 abest.

232 2286 488 2366 Namque
511 2304 668 2363 agor,
701 2295 763 2341 ut
777 2304 881 2364 per
894 2280 1066 2364 plana
1092 2280 1234 2340 citus
1259 2281 1376 2340 sola
1402 2285 1633 2342 verbere
1659 2282 1882 2354 turben,

253 2439 256 2441 .
334 2390 527 2469 Quem
574 2388 721 2449 celer
770 2403 990 2448 assueta
1037 2402 1222 2447 versat
1262 2388 1333 2449 ab
1380 2402 1498 2448 arte
1540 2412 1697 2472 puer.

202 2500 362 2558 §Ure
407 2497 592 2557 ferum
638 2510 690 2556 et
733 2511 964 2579 torque,
1010 2495 1183 2556 libeat
1226 2520 1296 2556 nc
1341 2496 1527 2557 dicere
1572 2497 1879 2581 quicquam

323 2605 696 2687 Magnificum
742 2621 871 2690 post
914 2603 1082 2665 haec:
1141 2602 1378 2664 horrida
1424 2606 1596 2666 verba
1641 2607 1828 2668 doma.

245 2717 422 2776 Parce
466 2703 686 2786 tamen,
736 2737 840 2797 per
883 2728 934 2773 te
975 2711 1167 2773 furtivi
1214 2713 1448 2774 foedera
1493 2713 1650 2789 lecti,

200 2807 204 2810 ,
325 2823 438 2884 Per
477 2827 754 2884 Venerem
801 2844 1013 2907 quaeso
1060 2823 1552 2907 compositumque
1596 2837 1779 2910 caput.

292 3008 346 3052 V.
364 3011 438 3052 81.
479 3008 599 3053 Male
633 3010 766 3066 vulgo
795 3008 916 3052 lento
945 3010 1221 3065 Marathus,
1265 3024 1394 3068 prava
1426 3012 1729 3057 collocatione.

292 3109 347 3154 V.
367 3114 410 3155 6.
454 3116 585 3166 post
626 3108 761 3156 haec
804 3112 982 3169 optimi,
1029 3112 1101 3155 alii
1136 3110 1357 3170 posthac,
1404 3112 1518 3167 quod
1551 3117 1692 3156 tamen
1728 3118 1885 3169 poetae

178 3191 316 3234 minus
359 3191 659 3248 frequentant,
714 3194 769 3238 cf.
807 3195 1087 3238 LAcnmnn.
1131 3195 1185 3238 ad
1227 3195 1428 3251 Propert.
1480 3210 1520 3251 p.
1550 3198 1623 3239 65.
1700 3195 1884 3250 Legitur

178 3271 448 3317 nihilominus
492 3275 688 3332 posthac
737 3275 834 3319 infr.
875 3277 953 3331 lv,
996 3281 1048 3331 5,
1100 3280 1169 3321 16.
1242 3277 1310 3321 Ad
1362 3289 1488 3332 quem
1530 3278 1672 3321 locum
1724 3278 1882 3320 frustra

179 3357 447 3399 Huscnst
485 3362 631 3400 tuetur
662 3359 790 3402 etiam
827 3357 893 3402 hic
927 3359 1131 3416 posthac,

1364 3441 1400 3491 2
