2158 3750
294 290 358 335 56
692 282 1159 336 COMMENTAR.
1196 283 1271 336 IN
1311 283 1598 337 TIBULLI

294 440 366 470 sus
400 428 433 480 Ι,
466 430 507 480 4,
544 429 632 479 32„
654 424 856 484 fundere
886 439 949 482 pr.
983 427 1239 482 perfundere
1272 427 1307 480 I,
1340 432 1381 480 7,
1412 431 1501 480 50.,
1538 440 1720 484 pressas
1752 428 1808 482 11,
1842 430 1885 481 1,
1918 431 1991 471 45.

294 522 358 564 pr.
399 522 654 564 expressos,
690 507 871 549 misceat
902 507 960 561 ΙΙ,
994 511 1036 561 4,
1066 512 1139 551 60.
1178 522 1242 565 pr.
1275 509 1538 562 admisceat,
1581 507 1706 550 sedet
1735 522 1801 565 pr.
1832 509 1993 551 assidet

293 593 368 645 IV,
401 595 442 644 4,
474 595 545 634 20.
608 591 733 634 Adde
757 606 911 648 presso
941 604 1004 648 pr.
1037 594 1248 649 impresso
1277 593 1354 646 IV,
1390 595 1430 645 1,
1455 594 1557 634 161.
1577 613 1636 624 —
1672 591 1723 635 V.
1754 594 1827 634 81.
1859 591 1992 633 Num

293 675 540 719 Veneris
572 687 810 730 magnae
840 689 931 731 sqq.
994 677 1176 720 Dixerat
1206 678 1249 720 in
1281 677 1431 719 Deliae
1463 687 1610 718 amore
1640 687 1716 727 se,
1743 673 1781 715 si
1814 684 1993 715 necesse

292 759 372 811 sit,
402 760 469 801 vel
505 763 804 815 paupertatem
833 761 1020 804 tolerare
1052 775 1207 818 posse3
1250 775 1363 804 nunc
1394 761 1524 804 etiam
1557 759 1810 815 expiatoriis
1839 756 1995 799 ritibus

292 843 529 887 durissimis
560 845 757 888 omnibus
787 845 1021 890 subeundis
1052 861 1101 891 se
1134 852 1327 903 paratum
1362 846 1480 899 dicit,
1511 845 1547 887 si
1581 845 1697 887 forte
1724 842 1782 886 dii
1813 846 1994 899 peccato

291 929 435 983 aliquo
468 930 564 972 irati
595 929 876 973 adversentur
905 932 1001 974 sibi.
1075 932 1210 975 Vides
1255 944 1412 974 nexum
1457 936 1623 974 certum
1663 933 1708 973 et
1747 930 1909 972 clarum
1951 932 1996 971 et

293 1013 410 1054 nullo
441 1012 570 1055 modo
603 1013 797 1055 lacunam
829 1013 1113 1066 statuendam,
1146 1018 1194 1056 ut
1225 1013 1480 1068 quibusdam
1509 1014 1673 1065 visum3
1705 1016 1770 1054 est
1798 1010 1866 1053 hic
1893 1022 1995 1064 gra-

292 1097 409 1140 datio
439 1097 739 1154 pulcherrima,
773 1103 916 1154 poeta,
948 1099 991 1141 in
1024 1112 1110 1152 quo
1143 1104 1209 1141 est
1239 1112 1397 1153 magno
1429 1099 1556 1140 animi
1588 1101 1721 1150 motu,
1752 1109 1866 1139 nunc
1897 1097 1993 1139 lon-

291 1179 390 1233 gius
430 1179 692 1235 procedente
724 1185 855 1233 atque
887 1181 1015 1222 etiam
1047 1179 1306 1222 humillimas
1336 1179 1674 1235 supplicationes
1707 1178 1913 1231 deorum,
1956 1178 1994 1220 si

293 1275 402 1317 opus
427 1262 496 1314 sit,
527 1262 751 1315 offerente,
783 1266 831 1303 ut
863 1261 947 1303 iam
977 1259 1079 1303 nihil
1105 1274 1201 1304 esse
1224 1266 1446 1317 appareat,
1477 1260 1592 1316 quod
1624 1273 1704 1316 pro
1737 1258 1818 1303 hoc
1848 1271 1995 1302 amore

292 1344 404 1387 ferre
434 1352 619 1388 recuset.
682 1346 740 1387 At
767 1344 991 1387 transitum
1023 1343 1259 1388 desideras,
1319 1343 1562 1388 Particulas
1587 1349 1670 1399 cop
1757 1341 1762 1347 ’
1817 1355 1840 1385 s
1864 1341 1996 1384 etiam

290 1441 330 1471 v.
364 1432 436 1471 67.
480 1441 567 1470 non
610 1428 778 1481 vidisti,
821 1432 973 1481 estque
1004 1425 1072 1470 hic
1103 1425 1414 1482 pulcherrimus
1447 1424 1571 1468 huius
1602 1410 1719 1479 eleg²
1744 1416 1995 1477 effiffectus,

290 1513 340 1551 ut
364 1510 465 1552 talia
493 1513 740 1552 contemnat
771 1489 916 1565 poeta.
981 1509 1269 1563 Cogitationis
1298 1514 1443 1551 autem
1474 1521 1624 1552 cursus
1654 1520 1741 1550 non
1771 1507 1994 1550 obscurus·

289 1593 400 1634 Post
429 1606 479 1634 ea
511 1605 622 1646 quae
665 1592 774 1634 dixit
804 1597 931 1645 ante,
979 1605 1077 1634 cum
1119 1590 1389 1633 nihilominus
1428 1592 1602 1633 clausae
1632 1594 1834 1633 maneant
1864 1588 1994 1641 fores,

288 1679 468 1729 repente
499 1687 597 1716 num
632 1675 754 1726 iram,
786 1675 860 1728 ait,
892 1674 1070 1716 deorum
1103 1674 1281 1726 incurri,
1313 1678 1360 1715 ut
1390 1674 1534 1715 irritae
1558 1685 1690 1716 voces
1720 1685 1843 1715 meae
1875 1671 1995 1714 sint?

291 1737 433 1812 Atque
464 1759 524 1800 ita
557 1759 670 1800 viam
700 1759 781 1800 sibi
814 1759 980 1814 paravit
1011 1759 1142 1800 etiam
1172 1759 1456 1801 luculentiore
1486 1757 1614 1801 modo
1646 1770 1838 1800 amorem
1869 1769 1996 1800 suum

288 1844 513 1899 probandi.
576 1843 687 1886 Nam
730 1841 843 1885 hunc
886 1842 1059 1897 quidem
1104 1855 1159 1885 ne
1200 1841 1350 1884 dubita
1391 1843 1519 1885 finem
1562 1854 1659 1884 esse
1703 1855 1790 1897 quo
1833 1841 1996 1895 tendat,

290 1939 386 1968 cum
428 1931 546 1968 totus
577 1927 698 1969 locus
728 1927 974 1969 necessario
1005 1940 1102 1970 cum
1134 1927 1336 1969 universo
1378 1927 1559 1969 consilio
1589 1926 1790 1968 carminis
1822 1927 1995 1982 conspi-

287 2022 386 2051 rare
427 2023 565 2063 eoque
609 2010 687 2051 niti
730 2010 901 2052 debeat.
964 2012 1064 2055 Quo
1108 2024 1194 2053 non
1239 2012 1344 2054 satis
1385 2011 1834 2071 attendunt‘quidam.
1893 2011 1993 2055 Non

288 2093 399 2134 enim
431 2093 536 2134 illud
570 2097 734 2134 tantum
765 2093 807 2134 in
847 2093 1208 2147 explicationibus
1246 2091 1487 2135 huiusmodi
1519 2093 1836 2147 quaerendum,
1881 2107 1995 2148 quo-

288 2176 416 2218 modo
458 2176 642 2232 scriptor
682 2175 948 2229 cogitatione
992 2175 1047 2217 ab
1089 2175 1443 2218 antecedentibus
1486 2174 1541 2217 ad
1583 2176 1807 2229 sequentia
1846 2177 1993 2220 venire

287 2259 506 2314 potuerit,
553 2272 812 2313 quamquam
844 2259 1099 2314 plerumque
1131 2259 1391 2315 interpretes
1423 2258 1502 2303 hac
1533 2261 1785 2315 quaestione
1817 2263 1992 2316 acquie-

288 2357 410 2385 scere
443 2343 584 2395 vide0‚
614 2342 691 2385 sed
724 2343 851 2385 etiam
878 2356 963 2398 quo
995 2344 1200 2386 interiore
1231 2357 1347 2386 nexu
1378 2344 1500 2386 locus
1532 2345 1714 2398 quisque
1745 2357 1842 2388 cum
1875 2358 1992 2389 sum-

286 2439 356 2469 ma
387 2427 588 2468 carminis
624 2425 869 2470 cohaereat.
946 2427 1177 2470 Transitus
1223 2441 1302 2484 per
1343 2441 1392 2470 se
1430 2434 1560 2470 tenue
1605 2427 1789 2470 fulcrum
1831 2433 1898 2470 est
1938 2428 1991 2484 ad

286 2515 424 2553 totum
456 2511 642 2564 aliquem
674 2511 815 2552 locum
859 2512 1212 2565 sustentandum3
1259 2512 1333 2554 ille
1365 2517 1507 2554 autem
1539 2511 1718 2554 interior
1750 2524 1888 2553 nexus
1920 2511 1993 2553 ubi

286 2593 434 2645 adest,
477 2593 603 2634 etiam
648 2592 874 2648 abruptior
914 2598 1059 2648 potest
1102 2606 1200 2635 esse
1243 2595 1473 2646 transitus,
1515 2598 1564 2635 ut
1602 2593 1646 2635 in
1676 2593 1838 2635 affectu
1868 2594 1917 2635 fit
1949 2596 1992 2634 et

285 2676 535 2718 sublimiore
578 2677 698 2730 poesi
741 2676 932 2719 Pindari.
1006 2678 1096 2720 Sed
1127 2677 1233 2720 haec
1265 2677 1484 2719 hactenus.
1522 2698 1573 2709 —
1626 2676 1827 2730 verbo,
1874 2676 1992 2731 quod

285 2758 546 2813 imprudenti
578 2757 677 2800 mihi
713 2758 941 2800 exciderit.
1003 2759 1146 2800 Recte
1191 2767 1340 2800 monet
1372 2758 1774 2801 Wrmnnnmcfflus
1807 2770 1891 2801 non
1923 2760 1989 2801 in-

283 2843 539 2897 telligendas
571 2841 856 2898 blasphemias
890 2841 930 2886 h.
962 2843 1006 2895 l.,
1037 2842 1184 2896 quales
1217 2841 1326 2884 infra
1359 2842 1439 2895 III,
1471 2846 1514 2896 5,
1550 2846 1620 2886 13.
1655 2844 1725 2886 14.
1759 2865 1815 2874 --
1860 2855 1990 2898 poe-

284 2938 382 2966 nas
417 2926 615 2979 lingua
649 2925 786 2977 luit,
817 2937 917 2966 cum
944 2924 1121 2966 inutiles
1155 2936 1285 2966 voces
1318 2924 1404 2965 sint
1435 2937 1541 2978 quas
1577 2923 1742 2977 fundit,
1773 2937 1854 2967 nec
1884 2937 1989 2980 ape-

284 3007 447 3049 riantur
487 3007 604 3049 fores
648 3008 824 3059 Deliae3
871 3006 988 3061 quod
1030 3020 1057 3049 a
1101 3007 1279 3050 deorum
1322 3008 1383 3049 ira
1428 3007 1602 3063 repetit.
1674 3008 1836 3050 Iterum
1869 3009 1989 3050 vides

281 3089 701 3144 παρακλαυσίθυρον
732 3101 828 3131 esse
859 3102 1042 3133 carmen.
1069 3110 1120 3123 -
1153 3103 1279 3132 num
1312 3089 1475 3141 feror
1506 3092 1723 3134 adiisse
1749 3098 1832 3135 etc.
1894 3093 1987 3134 Lo—

281 3171 426 3223 quitur
456 3185 534 3226 per
564 3176 702 3214 totum
737 3173 876 3215 locum
908 3173 962 3216 de
992 3174 1148 3216 talibus
1175 3174 1356 3229 delictis,
1389 3189 1501 3230 quae
1533 3176 1782 3232 imprudens
1812 3181 1887 3219 aut
1920 3177 1987 3219 in-

283 3254 396 3295 scius
430 3253 667 3317 admiserit..
728 3255 909 3298 Factum
939 3261 1087 3299 autem
1117 3257 1331 3300 interdum
1365 3258 1562 3310 videtur,
1595 3263 1643 3300 ut
1673 3259 1850 3301 iuvenes
1886 3260 1985 3302 vino

283 3337 391 3378 ebrii
435 3342 568 3379 noctu
615 3339 775 3394 templa
821 3338 1000 3383 deorum
1044 3341 1253 3384 intrarent
1297 3347 1499 3396 sertaque
1545 3341 1600 3383 de
1644 3341 1729 3384 aris
1772 3347 1984 3397 raperent,

284 3434 393 3474 quac
425 3422 504 3464 sibi
536 3422 807 3476 imponerent
839 3429 914 3467 aut
946 3424 999 3467 ad
1032 3426 1180 3469 ianuas
1214 3427 1452 3482 puellarum
1483 3425 1657 3469 ferrent.
1734 3425 1821 3467 lam
1855 3425 1983 3468 dicit:
