2158 3750
301 260 402 310 338
698 246 1169 305 COMMENTAR.
1205 247 1281 301 IN
1321 248 1611 302 TIBULLI

300 405 418 460 gant
471 397 664 442 reditum
714 395 960 455 tristesque
1006 411 1203 452 sorores,
1266 397 1384 453 quod
1429 408 1486 441 ex
1531 397 1615 442 ista
1659 396 1829 443 rationo
1869 398 2007 456 signi-

303 487 482 529 ficarett
525 483 563 526 si
603 495 630 524 a
670 480 823 525 Parcis
863 481 1144 525 constitutum
1190 486 1284 536 est,
1327 488 1379 525 ut
1408 481 1581 525 Neaera
1613 493 1828 536 nunquam
1855 481 2008 527 redeat

300 569 504 611 Romam.
563 562 802 607 Enimvero
845 567 1044 619 apertum
1088 551 1156 607 est
1197 563 1253 607 de
1286 564 1446 608 amoris
1487 565 1792 608 coniunctione
1831 565 1920 622 agi.
1947 585 2008 598 -—·

302 661 506 694 aversa
533 660 686 692 aure.
747 646 946 690 Illustrat
971 648 1334 692 Bnoucxmssms
1369 649 1595 705 exemplis.
1626 671 1686 681 —
1715 660 1823 692 non
1850 659 2008 692 meua

306 733 476 787 deus,
506 729 549 776 h.
576 744 618 775 e.
649 735 698 774 ut
729 735 922 785 constat,
952 731 1115 785 ἰτείης,
1147 731 1356 786 infestus,
1387 735 1436 774 ut
1466 744 1618 785 meus,
1648 734 1777 786 tuus,
1805 741 1911 774 suus
1940 734 2010 774 eat

302 817 542 874 propitius,
586 815 720 859 veluti
759 816 899 859 Ovm.
933 815 1043 858 Met,
1074 814 1152 869 lv,
1182 796 1289 858 373.
1337 815 1525 859 Heroid.
1558 814 1662 870 ΧΠ,
1697 816 1772 859 84.
1824 813 2009 859 Eoum·-

298 900 444 958 Epod.
471 901 552 956 IX,
579 903 656 943 30.
716 900 830 945 Vide
862 900 1257 954 Buoucxntrsmm,
1288 900 1524 954 Vumtm,
1554 898 1804 943 Hunmm.
1865 898 2010 940 Grae-

300 984 363 1028 cis
393 987 462 1027 est
491 981 634 1042 {inpos-
664 983 859 1035 δαίμων,
902 982 1020 1038 quod
1051 982 1147 1037 quis
1177 981 1340 1025 nescit!
1370 1005 1432 1013 —
1471 981 1699 1036 iuvant,
1740 977 1784 1024 h.
1814 993 1857 1024 e.
1884 979 2010 1022 iuva-
2088 1039 2090 1041 Ι
2154 970 2155 975 ’

304 1068 425 1123 bunt,
455 1071 505 1110 ut
530 1067 576 1110 in
603 1066 903 1110 affirmatione.
964 1067 1226 1123 suspicatur
1253 1078 1358 1109 vero
1389 1079 1476 1109 uon
1505 1065 1700 1109 auditum
1729 1065 1785 1109 iri
1808 1068 2008 1108 vota.—

298 1150 522 1206 Lydius
573 1152 800 1195 aurifer
845 1151 1054 1204 amnis,
1106 1151 1341 1206 Pactolus,
1387 1151 1445 1195 de
1488 1164 1576 1207 quo
1617 1151 1720 1195 trita
1760 1150 1917 1194 omnia.
1946 1169 2008 1184 —·-

302 1233 417 1278 Nec
448 1248 588 1290 quas
619 1239 904 1278 terrarum
935 1234 1194 1277 sustinet
1225 1234 1386 1277 orbis
1415 1247 1580 1291 opes,
1606 1238 1657 1278 ut
1684 1233 2012 1290 supra-§ulmo
2092 1221 2138 1303 3³

299 1319 510 1363 CORNEL.
543 1319 658 1363 NBP.
707 1317 836 1362 Orbis
868 1327 1094 1362 terrarum
1126 1317 1314 1362 divitias
1344 1317 1543 1376 accipere
1579 1317 1681 1361 nolo
1714 1332 1810 1376 pro·
1824 1317 2010 1375 partiare
2068 1348 2070 1350 v
2100 1304 2147 1352 s'ss'

299 1403 511 1447 caritate.
539 1426 599 1436 -
646 1404 703 1448 V.
733 1406 791 1446 31
823 1417 888 1458 sq.
930 1403 1118 1446 liceat
1148 1402 1285 1447 mihi
1321 1408 1406 1448 ete.
1449 1401 1492 1446 h.
1523 1416 1568 1447 e.
1612 1404 1694 1447 sim
1724 1406 2012 1461 tecumpn'*

298 1501 380 1546 per
411 1494 456 1532 et
485 1489 605 1532 fruar
633 1501 812 1532 securus
843 1493 890 1531 te
920 1501 1022 1531 cara
1052 1488 1257 1543 coniuge,
1289 1486 1395 1530 nihil
1426 1486 1684 1531 desiderabo
1715 1486 1931 1544 amplians
1949 1502 2011 1521 -·--
2092 1524 2102 1540 R,

298 1586 554 1630 paupere
597 1574 758 1616 cultu
800 1573 892 1616 scil.
938 1573 1068 1617 vitae.
1144 1571 1229 1615 Est
1273 1574 1387 1616 enim
1431 1574 1574 1617 cultus
1614 1573 1790 1616 omuino
1828 1576 2009 1616 extera

294 1655 466 1699 vivendi
497 1655 632 1710 ratio,
674 1659 724 1697 ut
755 1655 964 1698 Commu.
995 1655 1110 1699 Nm».
1146 1657 1239 1699 Att.
1275 1669 1313 1698 c.
1353 1658 1435 1699 14:
1483 1657 1592 1697 Cum
1623 1661 1763 1697 tanta
1788 1653 2013 1712 pecuniae

290 1741 435 1799 facta
488 1747 608 1782 esset
665 1738 886 1786 accessio,
945 1738 1063 1782 nihil
1107 1739 1161 1781 de
1210 1738 1474 1798 quotidiano
1527 1738 1658 1781 cultu
1705 1737 1919 1781 mutavit.
1948 1755 2012 1773 -—-

297 1826 353 1870 V.
383 1828 442 1868 33
474 1838 540 1881 aq.
597 1824 826 1868 timidis
872 1825 1039 1867 votis.
1112 1825 1322 1869 Vum’ms
1364 1824 1422 1868 ob
1460 1825 1806 1881 superstitiosum
1846 1826 2009 1868 metum

296 1907 459 1951 dictum
493 1911 668 1960 censet,
719 1918 819 1949 cum
849 1918 936 1961 quo
969 1906 1113 1949 omnia
1144 1911 1245 1949 vota
1286 1920 1314 1950 a
1354 1907 1575 1951 veteribus
1614 1911 1876 1964 nuncupata.
1935 1899 2009 1950 ‘nu

295 1991 442 2047 potius
483 1990 538 2033 ad
581 1994 855 2046 praesentem
898 2002 991 2031 rem
1038 1989 1217 2032 verbum
1262 1990 1442 2035 referas.
1521 1992 1639 2035 Sunt
1679 1989 1842 2033 timida
1886 1994 2006 2045 vota,
2087 1968 2113 2026 ⁴„

295 2086 409 2129 quae
443 2072 619 2115 timidus
648 2073 768 2125 facit,
797 2071 872 2114 vix
902 2069 1069 2114 audens
1099 2084 1275 2128 sperare
1306 2073 1481 2118 felicem
1514 2079 1731 2120 eventum.
1792 2075 2004 2120 Ceterum

293 2155 505 2199 lunonem
535 2156 737 2212 implorat
777 2159 828 2198 ut
858 2156 1119 2198 matrimonii
1150 2157 1421 2213 praesidem,
1463 2158 1827 2214 quemadmodum
1855 2160 2006 2206 Vene-
2082 2158 2087 2165 '

295 2252 388 2284 rem
421 2253 595 2294 qnoque
625 2239 738 2282 inter
767 2240 1019 2294 coniugales
1059 2240 1166 2283 deos
1205 2241 1340 2284 fuisse
1371 2246 1543 2285 constat
1555 2264 1592 2297 ,--
1611 2242 1671 2288 cf.
1701 2243 2005 2286 Buotscxumn
2079 2268 2088 2282 .-

293 2325 348 2367 ad
380 2325 415 2379 Ι,
446 2329 489 2379 3,
517 2328 591 2367 79.
623 2340 683 2357 —·
727 2323 966 2379 concha,
999 2322 1445 2382 Cypria‚'vecta
1477 2332 1599 2382 tua,
1630 2327 1688 2372 cf.
1716 2328 2008 2372 Buouexms-

295 2423 406 2453 smm
441 2415 486 2453 et
526 2411 756 2453 Hermum
799 2409 840 2454 h.
872 2412 900 2454 l.
946 2416 991 2454 et
1034 2412 1162 2457 VosS.
1212 2411 1352 2469 Epist.
1397 2412 1645 2470 Mytholog.
1675 2414 1732 2468 11,
1762 2416 1839 2458 Ξ.
1912 2412 2006 2457 Sed

295 2493 398 2548 quid
439 2492 508 2536 hic
543 2494 758 2548 significat
796 2495 960 2538 mentio
1002 2497 1106 2540 rei?
1178 2494 1350 2554 Nempe
1390 2498 1484 2541 vult
1523 2498 1672 2540 venire
1713 2498 1931 2543 Venerem
1977 2508 2004 2542 e

296 2577 469 2632 Cypro,
512 2577 585 2619 ubi
623 2577 716 2620 fere
759 2575 950 2631 habitat,
999 2583 1044 2620 et
1076 2586 1350 2634 praesentem
1380 2579 1464 2622 sibi
1493 2579 1648 2623 adesse
1679 2578 1724 2623 in
1753 2591 1902 2623 amore
1931 2591 2007 2623 re-
2063 2580 2066 2581 ’
2147 2551 2153 2603 ι·

294 2662 502 2717 parando.
547 2662 732 2705 Honm.
764 2663 800 2716 I,
837 2666 905 2716 19,
935 2666 987 2705 9:
1034 2665 1092 2704 In
1122 2677 1188 2703 me
1220 2670 1321 2704 tota
1352 2677 1487 2706 ruens
1523 2665 1674 2708 Venus
1703 2665 1897 2720 Cyprum
1928 2661 2006 2703 de-
2076 2692 2078 2698 ,
2144 2659 2150 2667 ’

293 2746 450 2789 seruit.
513 2747 637 2791 Adde
667 2747 769 2791 ibid.
801 2748 836 2802 I,
867 2751 940 2791 30.
1003 2748 1209 2790 Ceterum
1241 2747 1468 2802 Tibullus,
1508 2749 1591 2792 etsi
1621 2761 1755 2805 saepe
1786 2727 2091 2798 Vemania]

295 2837 631 2886 commemorat,
687 2844 900 2888 nusquam
946 2831 1191 2875 huiusmodi
1231 2833 1335 2888 quid
1378 2832 1567 2887 addidit,
1613 2834 1716 2888 quia
1756 2845 1844 2876 non
1887 2836 2005 2876 amat
2080 2880 2082 2882 ,

295 2913 634 2970 mythologicum
664 2919 955 2957 ornatum—'⁴
984 2916 1039 2960 V.
1069 2919 1128 2958 36
1160 2928 1256 2971 sqq.
1288 2918 1552 2972 quaeque
1585 2916 1783 2960 futura
1812 2918 2002 2960 neunt.

291 3000 442 3043 Possis
475 2999 778 3055 inter-preterit
825 2998 967 3041 nendo
1003 3000 1296 3055 constituunt,
1339 3005 1388 3043 ut
1419 3001 1663 3044 MAn‘rur„
1694 3000 1732 3055 Ι,
1764 3002 1839 3044 98.
1872 2997 2002 3042 dicits

291 3097 392 3124 cum
422 3082 532 3125 mila·
568 3098 795 3139 supremos
825 3082 1042 3125 Lachesis
1070 3085 1320 3141 perneverit
1352 3098 1510 3128 annos·
1581 3084 1671 3128 Sed
1701 3085 1827 3128 nimis
1853 3084 2003 3141 inepta

291 3166 463 3209 videtur
494 3167 592 3209 talis
623 3165 691 3209 hic
721 3165 904 3208 variatio
934 3166 1096 3210 inutilis
1128 3169 1361 3222 orationi33
1410 3181 1510 3211 nam
1540 3167 1746 3224 repetitio
1776 3166 2000 3224 pronomi-

290 3248 358 3290 nis
391 3247 533 3306 (quae
565 3271 624 3280 -
656 3247 881 3306 quaeque)
913 3248 1108 3294 indicare
1138 3250 1324 3304 videtur,
1355 3251 1543 3294 voluisse
1572 3255 1762 3307 poetam,
1791 3248 2000 3306 quemad-

292 3329 469 3373 modum
501 3343 634 3387 supra
663 3330 743 3384 111,
773 3334 817 3385 2,
849 3333 907 3385 4.,
939 3332 1054 3388 quod
1094 3338 1196 3377 ante
1227 3333 1393 3377 dictum
1426 3338 1540 3388 erat,
1582 3334 1897 3389 significantius
1926 3340 2002 3376 re*

290 3417 455 3468 petere.
518 3412 714 3457 Couiicio
746 3412 882 3470 igitur
923 3422 1086 3474 regunt
1102 3432 1120 3466 ,-
1172 3416 1234 3460 sic
1276 3416 1393 3473 quod
1438 3421 1541 3462 ante
1584 3415 1775 3473 mythice
1812 3414 1997 3466 dixerat,

2070 3471 2078 3479 x
2089 3452 2130 3486 ‹³-
