2158 3750
360 291 461 340 164
763 284 1227 340 (JOMMENTAR.
1266 287 1339 338 ΙΝ
1378 289 1662 342 TIBULLI

364 437 442 490 lx,
472 438 574 478 276.
618 430 895 476 venerandus
932 445 1047 488 puer
1088 438 1267 489 propter
1309 434 1510 477 virtutem
1553 435 1709 479 dicitur
1737 436 1966 494 Euryalus.
1997 463 2054 471 -·

365 521 516 562 eirca
554 519 683 559 stet.
731 514 872 558 Pmn.
901 513 971 555 Ol.
1003 512 1080 567 IV,
1120 516 1204 556 21:
1257 516 1302 555 σέ
1333 511 1373 554 τ’
1415 511 1715 565 Ὀλυμπιόνικε
1749 519 2054 563 Ποσειδανίαι-

366 616 431 642 σιν
469 595 614 643 ἵπποις
652 590 974 652 ἐπιτερπόμενον
1013 596 1151 652 φέρειν
1189 595 1328 652 γῆρας
1361 591 1554 647 εὔθυμον
1591 600 1632 646 ἔς
1670 598 1896 652 τελευτάν,
1939 603 2054 654 υἱῶν,

374 685 536 733 Ψαῦμι,
567 682 908 738 παρισταμένων.
942 703 1003 713 -
1050 680 1104 724 V.
1134 683 1207 723 57.
1239 686 1595 725 monumenta
1636 683 1772 729 viae.
1832 685 1952 728 Inter
1978 700 2058 742 op-

365 766 511 821 pidum
553 763 791 807 Tusculum
832 767 876 805 et
915 766 1104 805 montem
1150 762 1361 806 Albanum
1405 764 1612 807 transibat
1653 765 1810 809 Latina
1851 767 1946 821 via,
2001 768 2057 810 cf.

365 849 539 889 S‘rnffl.
571 846 626 898 V,
662 860 706 901 p.
735 847 839 898 362,
871 845 950 898 A.‘;
992 842 1101 887 hanc
1130 844 1264 899 igitur
1302 858 1416 888 nune
1446 846 1770 901 intelligendam
1807 862 1903 892 esse
1933 854 2062 892 nota-

365 935 465 973 runt
495 931 768 984 interpretes.
825 928 1074 984 Receperat
1112 929 1304 972 Messala
1340 930 1460 972 iussu
1501 931 1688 984 Augusti
1731 937 1897 987 partem
1939 929 2064 974 huius

365 1013 460 1056 viae
488 1013 555 1055 vel
577 1024 729 1054 novam
760 1011 830 1054 vel
859 1014 1074 1053 vetustate
1101 1011 1334 1066 collapsam
1365 1024 1420 1054 ex
1450 1012 1661 1055 manubiis
1686 1013 1983 1066 sternendam,
2012 1019 2062 1055 ut

365 1098 461 1139 aliis
490 1096 596 1138 alias
627 1095 718 1137 vias
747 1093 997 1136 muniendas
1025 1092 1254 1135 mandabat
1280 1094 1516 1147 Augustus,
1545 1094 1601 1137 cf·
1627 1096 1833 1140 Samon.
1859 1097 1972 1150 Aug.
1989 1099 2063 1138 30.

367 1183 413 1220 et
446 1179 533 1220 Dlo
565 1178 690 1219 Cass.
721 1175 842 1228 LIII,
870 1178 944 1218 22.
1007 1175 1116 1218 Cum
1147 1188 1203 1217 ex
1242 1177 1479 1230 manubiis,
1526 1184 1576 1219 ut
1606 1179 1817 1233 diximus,
1861 1179 2065 1222 stravisse

367 1261 478 1302 viam
508 1259 704 1301 videatur
734 1258 947 1310 Messala,
992 1258 1122 1300 etiam
1166 1262 1398 1313 propterea
1439 1271 1524 1301 non
1567 1260 1710 1314 potuit
1748 1260 1886 1303 aliena
1929 1260 2065 1303 videri

364 1354 434 1384 res
478 1342 533 1383 ab
576 1346 730 1383 ornatu
771 1340 994 1392 carminis,
1041 1337 1157 1393 quod
1193 1338 1393 1382 bellicam
1433 1340 1515 1382 viri
1554 1341 1723 1383 laudem
1765 1341 1963 1385 illustrat.
2003 1364 2063 1374 —

368 1432 650 1466 monumenta
678 1428 778 1466 sunt
808 1436 941 1479 opera
970 1423 1167 1478 publica,
1206 1428 1255 1465 ut
1285 1423 1396 1466 bene
1428 1425 1618 1479 explicat
1647 1425 1882 1468 Hermus.
1944 1424 2068 1479 Opus

365 1512 510 1551 autem
553 1508 818 1562 praeclarum
848 1505 983 1548 fuisse
1015 1506 1150 1560 liquet
1187 1518 1213 1548 e
1243 1505 1402 1548 MART.
1434 1505 1554 1559 VIII,
1585 1509 1629 1559 3,
1658 1510 1728 1558 5.‚
1774 1519 1903 1561 quem
1931 1505 2066 1548 Hex-

369 1605 473 1635 Nms
504 1591 684 1634 consert-
707 1611 766 1621 -—
797 1590 915 1633 Nec
946 1595 1164 1643 taceat,
1201 1591 1422 1633 celebrent
1451 1589 1684 1633 Tusculani
1716 1594 1761 1633 et
1791 1589 1951 1634 Albani
1973 1601 2067 1631 mu-

366 1675 626 1716 nificentiam
656 1673 898 1725 Messalae,
943 1685 1122 1726 quorum
1158 1673 1347 1715 maximo
1378 1672 1613 1716 commodo
1638 1676 1776 1716 strata
1805 1675 1873 1715 est
1899 1670 1969 1716 via
2010 1670 2068 1714 ad

365 1756 515 1799 urbem
546 1757 792 1799 ducens·-
823 1757 963 1799 Alba
993 1758 1228 1811 antiquo
1260 1757 1430 1810 Lare,
1466 1755 1509 1800 h.
1531 1770 1571 1801 e.
1598 1769 1710 1812 quae
1729 1757 1952 1807 antiquum
1975 1756 2065 1801 La-

365 1852 456 1881 rem
492 1838 647 1892 habet,
676 1843 726 1882 ut
752 1843 853 1881 sunt
883 1840 1013 1881 etiam
1044 1838 1214 1881 urbium
1245 1844 1289 1881 et
1320 1840 1542 1883 civitatum
1574 1839 1726 1892 Lares,
1756 1839 1813 1884 cf.
1843 1838 2070 1885 Mantua.

365 1921 420 1963 de
451 1921 647 1964 Etruscis
685 1922 811 1964 Tom.
841 1921 899 1974 II,
941 1935 985 1976 p.
1014 1924 1088 1964 91.
1149 1922 1316 1964 Sensus
1347 1922 1505 1976 igitur:
1549 1922 1660 1965 Alba
1689 1920 1890 1976 antiqua,
1926 1921 2066 1964 Albae

365 2007 541 2059 antiqua
569 2006 710 2059 sedes,
750 2018 848 2048 cum
880 2009 996 2047 esset
1026 2004 1242 2058 antiquior
1271 2005 1428 2048 Roma.
1459 2026 1518 2038 —
1552 2004 1817 2048 Candida.
1878 2003 1982 2047 Noli
2012 2003 2067 2046 de

364 2089 571 2131 aedificiis
613 2089 733 2130 urbis
771 2088 884 2130 forte
927 2086 1121 2130 candidis
1161 2088 1387 2142 cogitare3
1433 2094 1691 2144 perpetuum
1735 2086 1959 2143 epitheton
1994 2101 2065 2132 re-

362 2173 547 2226 quiritur
586 2173 629 2215 in
671 2174 748 2216 tali
787 2171 1076 2227 descriptione
1118 2171 1220 2213 loci·
1294 2172 1442 2218 Quare
1473 2173 1616 2228 potius
1647 2185 1673 2215 a
1703 2177 1848 2215 monte
1882 2171 2065 2226 Albano,

362 2256 406 2296 in
438 2255 560 2297 cuius
591 2256 701 2297 clivo
727 2254 809 2295 sita
839 2258 931 2296 erat
960 2253 1090 2306 urbs,
1121 2252 1206 2296 dici
1238 2253 1419 2297 candida
1450 2255 1645 2308 videtur3
1697 2255 1921 2311 probabile
1953 2256 2065 2299 enim

362 2337 501 2379 solum
532 2336 760 2379 candidum
791 2336 924 2379 fuisse
954 2337 1023 2378 vel
1054 2337 1204 2380 visum.
1266 2337 1343 2379 Sic
1375 2337 1596 2380 candidus
1628 2338 1798 2381 Anxur
1827 2337 2061 2383 Murmur..

363 2420 419 2472 V,
452 2424 492 2462 l.
539 2424 606 2463 est
649 2433 776 2474 quem
818 2420 1060 2462 Horwrms
1102 2421 1197 2465 Sat.
1241 2421 1274 2474 1,
1305 2425 1350 2475 5,
1380 2425 1464 2464 26:
1513 2420 1768 2479 impositum
1807 2423 1934 2465 saxis
1972 2423 2067 2468 late

363 2502 657 2545 candentibus
689 2504 890 2560 appellat.
964 2503 1025 2546 Et
1063 2504 1122 2546 ibi
1167 2504 1339 2558 quidem
1382 2505 1613 2548 calcarium
1653 2506 1793 2548 solum
1824 2505 1957 2549 fuisse
1986 2506 2068 2550 do-

362 2590 464 2628 cent
503 2587 670 2628 Scnon.
712 2587 890 2629 Pomm.
931 2586 986 2629 ad
1031 2587 1187 2630 Horat.
1251 2588 1461 2631 Similiter
1502 2584 1640 2645 α’ργὴς
1679 2584 1886 2637 Κολωνός
1925 2590 2068 2634 dictus

361 2669 502 2710 Somt.
534 2668 645 2711 Oed.
677 2668 774 2712 Col.
805 2672 908 2713 670.
954 2670 1096 2712 collat.
1127 2670 1326 2723 Senon„
1368 2675 1622 2726 spectatque
1660 2672 1814 2717 eodem
1845 2671 2067 2729 epitheton

360 2751 530 2793 urbium
561 2746 794 2807 α’ργινόεις,
825 2750 880 2793 cf.
912 2755 1101 2793 annotat.
1136 2757 1269 2794 nostr.
1301 2752 1355 2794 ad
1386 2753 1525 2796 Pmn.
1555 2753 1732 2808 Fragm.
1761 2769 1803 2810 p.
1833 2759 1935 2799 666.
1997 2756 2066 2799 Ad

358 2831 541 2876 Latinos
571 2838 620 2875 ut
651 2837 865 2887 revertar,
894 2845 964 2887 ap.
996 2833 1233 2875 Pnopssm.
1265 2832 1343 2886 111,
1377 2837 1447 2887 16,
1479 2838 1533 2877 3:
1581 2835 1776 2877 candida
1805 2850 1899 2894 qua
1923 2839 2064 2896 gemi-

360 2930 444 2958 nas
478 2916 720 2958 ostendunt
752 2914 947 2957 culmina
978 2923 1153 2964 turres,
1187 2931 1272 2960 non
1299 2923 1398 2960 sunt
1428 2918 1601 2963 aedium
1630 2919 1779 2972 credo,
1807 2925 1857 2964 ut
1885 2921 2064 2976 quibus-

362 2996 459 3039 dam
491 2997 641 3050 visum,
671 2996 749 3039 sed
780 2999 937 3039 montis
968 2999 1152 3040 culmina
1180 2999 1412 3054 Tiburtini,
1444 3001 1517 3044 ubi
1548 3001 1660 3046 duae
1687 3007 1844 3048 turres.
1903 3004 1955 3048 In
1984 3003 2065 3047 de-

360 3079 592 3135 scriptione
621 3079 791 3121 Romae
822 3093 848 3121 a
877 3079 1157 3134 Palmum,
1195 3082 1459 3137 Bmvsnmo,
1492 3086 1785 3139 Gssnmuno,
1817 3085 2064 3129 Bonum.-

361 3172 439 3201 mo
468 3173 605 3216 nuper
624 3159 750 3219 ‘edita
782 3161 943 3214 legitur
973 3176 1014 3217 p.
1040 3165 1121 3205 68:
1154 3163 1272 3209 „Die
1302 3164 1462 3207 steilen
1491 3165 1755 3208 Felswc'inde
1785 3181 1871 3209 von
1906 3167 2065 3216 Tio-oli,

357 3241 520 3284 welche
550 3242 648 3285 siclt
677 3241 969 3287 unmittelbar
998 3258 1085 3285 aas
1119 3244 1195 3287 der
1217 3243 1364 3288 Ebene
1395 3245 1461 3289 bis
1491 3263 1549 3289 zu
1580 3250 1702 3291 2000
1718 3251 1837 3290 Fuss
1865 3248 2063 3297 erhebem

360 3322 463 3364 sind
498 3338 620 3382 ganz
662 3338 748 3367 aas
789 3323 1089 3383 licktgrauem
1132 3326 1311 3370 dichten
1342 3328 1602 3372 Kalksteine
1630 3330 1871 3390 gebildet.“
1930 3333 2062 3380 Quod
2143 3342 2151 3352 ⁴

365 3407 548 3462 denique
579 3409 846 3452 Huscmzms
878 3408 1031 3452 Horat.
1074 3408 1215 3465 Epist.
1247 3410 1281 3465 1,
1311 3414 1386 3455 29.
1433 3413 1621 3457 confert:
1675 3414 1766 3455 Nec
1797 3422 1849 3457 ut
1880 3416 2061 3474 superni
2135 3413 2147 3443 ⁴·
