<?xml version="1.0" encoding="UTF-8"?>
<!DOCTYPE html PUBLIC "-//W3C//DTD XHTML 1.0 Transitional//EN"
    "http://www.w3.org/TR/xhtml1/DTD/xhtml1-transitional.dtd">
<html xmlns="http://www.w3.org/1999/xhtml" xml:lang="en" lang="en">
 <head>
  <title>
</title>
<meta http-equiv="Content-Type" content="text/html;charset=utf-8" />
  <meta name='ocr-system' content='tesseract 3.04.00' />
  <meta name='ocr-capabilities' content='ocr_page ocr_carea ocr_par ocr_line ocrx_word'/>
</head>
<body>
  <div class='ocr_page' id='page_1' title='image "./carminaexrecensi01tibuuoft_0448.png"; bbox 0 0 2158 3750; ppageno 0'>
   <div class='ocr_carea' id='block_1_1' title="bbox 290 286 1583 345">
    <p class='ocr_par' dir='ltr' id='par_1_1' title="bbox 290 286 1583 345">
     <span class='ocr_line' id='line_1_1' title="bbox 290 286 1583 345; baseline -0.003 -1"><span class='ocrx_word' id='word_1_1' title='bbox 290 298 388 345; x_wconf 81' lang='lat'>116</span> <span class='ocrx_word' id='word_1_2' title='bbox 676 286 1143 342; x_wconf 67' lang='lat' dir='ltr'>COnLMENTAR.</span> <span class='ocrx_word' id='word_1_3' title='bbox 1179 289 1255 341; x_wconf 80' lang='lat' dir='ltr'>IN</span> <span class='ocrx_word' id='word_1_4' title='bbox 1295 289 1583 343; x_wconf 88' lang='lat' dir='ltr'>TIBULLI</span> 
     </span>
    </p>
   </div>
   <div class='ocr_carea' id='block_1_2' title="bbox 268 426 1987 2156">
    <p class='ocr_par' dir='ltr' id='par_1_2' title="bbox 268 426 1987 2156">
     <span class='ocr_line' id='line_1_2' title="bbox 288 426 1986 492; baseline -0.001 -9"><span class='ocrx_word' id='word_1_5' title='bbox 288 440 461 483; x_wconf 90' lang='lat' dir='ltr'>omnino</span> <span class='ocrx_word' id='word_1_6' title='bbox 503 437 702 479; x_wconf 83' lang='lat' dir='ltr'><strong>Tibullus</strong></span> <span class='ocrx_word' id='word_1_7' title='bbox 742 433 836 478; x_wconf 86' lang='lat' dir='ltr'>fore</span> <span class='ocrx_word' id='word_1_8' title='bbox 875 439 925 477; x_wconf 89' lang='lat' dir='ltr'>ut</span> <span class='ocrx_word' id='word_1_9' title='bbox 964 434 1089 478; x_wconf 89' lang='lat' dir='ltr'>Delia</span> <span class='ocrx_word' id='word_1_10' title='bbox 1122 435 1247 490; x_wconf 90' lang='lat' dir='ltr'>plane</span> <span class='ocrx_word' id='word_1_11' title='bbox 1278 426 1551 479; x_wconf 67' lang='lat' dir='ltr'>assuesceret</span> <span class='ocrx_word' id='word_1_12' title='bbox 1581 437 1768 491; x_wconf 84' lang='lat' dir='ltr'>negotiis</span> <span class='ocrx_word' id='word_1_13' title='bbox 1801 438 1986 492; x_wconf 74' lang='lat' dir='ltr'>rusticis,</span> 
     </span>
     <span class='ocr_line' id='line_1_3' title="bbox 287 518 1986 575; baseline 0 -10"><span class='ocrx_word' id='word_1_14' title='bbox 287 535 423 575; x_wconf 87' lang='lat' dir='ltr'>eaque</span> <span class='ocrx_word' id='word_1_15' title='bbox 475 521 533 562; x_wconf 88' lang='lat' dir='ltr'>ita</span> <span class='ocrx_word' id='word_1_16' title='bbox 581 519 621 561; x_wconf 91' lang='lat' dir='ltr'>ei</span> <span class='ocrx_word' id='word_1_17' title='bbox 675 519 896 574; x_wconf 82' lang='lat' dir='ltr'>placerent</span> <span class='ocrx_word' id='word_1_18' title='bbox 949 523 997 561; x_wconf 93' lang='lat' dir='ltr'>ut</span> <span class='ocrx_word' id='word_1_19' title='bbox 1042 518 1267 568; x_wconf 84' lang='lat' dir='ltr'>discedere</span> <span class='ocrx_word' id='word_1_20' title='bbox 1316 520 1451 561; x_wconf 91' lang='lat' dir='ltr'>nollet</span> <span class='ocrx_word' id='word_1_21' title='bbox 1498 532 1698 574; x_wconf 88' lang='lat' dir='ltr'>unquam.</span> <span class='ocrx_word' id='word_1_22' title='bbox 1741 543 1801 551; x_wconf 91' lang='lat'><strong>—</strong></span> <span class='ocrx_word' id='word_1_23' title='bbox 1854 535 1986 565; x_wconf 91' lang='lat' dir='ltr'>con-</span> 
     </span>
     <span class='ocr_line' id='line_1_4' title="bbox 287 601 1986 649; baseline -0.002 0"><span class='ocrx_word' id='word_1_24' title='bbox 287 609 517 649; x_wconf 87' lang='lat' dir='ltr'>suescet</span> <span class='ocrx_word' id='word_1_25' title='bbox 547 601 747 645; x_wconf 90' lang='lat' dir='ltr'>ludere</span> <span class='ocrx_word' id='word_1_26' title='bbox 777 615 954 645; x_wconf 90' lang='lat' dir='ltr'>verna</span> <span class='ocrx_word' id='word_1_27' title='bbox 983 607 1067 647; x_wconf 89' lang='lat' dir='ltr'>etc.</span> <span class='ocrx_word' id='word_1_28' title='bbox 1122 603 1333 646; x_wconf 84' lang='lat' dir='ltr'>Consulto</span> <span class='ocrx_word' id='word_1_29' title='bbox 1365 603 1546 645; x_wconf 89' lang='lat' dir='ltr'>mutavit</span> <span class='ocrx_word' id='word_1_30' title='bbox 1573 602 1832 647; x_wconf 88' lang='lat' dir='ltr'>subiectum.</span> <span class='ocrx_word' id='word_1_31' title='bbox 1883 603 1986 646; x_wconf 91' lang='lat' dir='ltr'>Non</span> 
     </span>
     <span class='ocr_line' id='line_1_5' title="bbox 287 687 1987 744; baseline -0.001 -12"><span class='ocrx_word' id='word_1_32' title='bbox 287 690 412 732; x_wconf 87' lang='lat' dir='ltr'>Delia</span> <span class='ocrx_word' id='word_1_33' title='bbox 455 692 711 731; x_wconf 85' lang='lat' dir='ltr'>consuescet</span> <span class='ocrx_word' id='word_1_34' title='bbox 752 687 904 730; x_wconf 90' lang='lat' dir='ltr'>ludere</span> <span class='ocrx_word' id='word_1_35' title='bbox 948 701 1047 732; x_wconf 91' lang='lat' dir='ltr'>cum</span> <span class='ocrx_word' id='word_1_36' title='bbox 1094 702 1250 742; x_wconf 88' lang='lat' dir='ltr'>verna,</span> <span class='ocrx_word' id='word_1_37' title='bbox 1296 701 1408 743; x_wconf 89' lang='lat' dir='ltr'>quae</span> <span class='ocrx_word' id='word_1_38' title='bbox 1448 700 1530 731; x_wconf 89' lang='lat' dir='ltr'>nec</span> <span class='ocrx_word' id='word_1_39' title='bbox 1571 701 1651 744; x_wconf 91' lang='lat' dir='ltr'>per</span> <span class='ocrx_word' id='word_1_40' title='bbox 1680 701 1730 732; x_wconf 81' lang='lat' dir='ltr'>se</span> <span class='ocrx_word' id='word_1_41' title='bbox 1759 687 1987 732; x_wconf 85' lang='lat' dir='ltr'>commoda</span> 
     </span>
     <span class='ocr_line' id='line_1_6' title="bbox 284 769 1986 826; baseline 0 -14"><span class='ocrx_word' id='word_1_42' title='bbox 284 771 446 813; x_wconf 90' lang='lat' dir='ltr'>locutio</span> <span class='ocrx_word' id='word_1_43' title='bbox 490 774 582 823; x_wconf 86' lang='lat' dir='ltr'>est,</span> <span class='ocrx_word' id='word_1_44' title='bbox 628 782 710 812; x_wconf 92' lang='lat' dir='ltr'>nec</span> <span class='ocrx_word' id='word_1_45' title='bbox 748 774 936 813; x_wconf 87' lang='lat' dir='ltr'>mentem</span> <span class='ocrx_word' id='word_1_46' title='bbox 980 775 1138 826; x_wconf 86' lang='lat' dir='ltr'>poetae</span> <span class='ocrx_word' id='word_1_47' title='bbox 1181 771 1408 826; x_wconf 83' lang='lat' dir='ltr'>exprimit,</span> <span class='ocrx_word' id='word_1_48' title='bbox 1455 769 1532 813; x_wconf 90' lang='lat' dir='ltr'>sed</span> <span class='ocrx_word' id='word_1_49' title='bbox 1575 783 1708 813; x_wconf 84' lang='lat' dir='ltr'>verna</span> <span class='ocrx_word' id='word_1_50' title='bbox 1746 770 1791 813; x_wconf 92' lang='lat' dir='ltr'>in</span> <span class='ocrx_word' id='word_1_51' title='bbox 1833 770 1986 813; x_wconf 81' lang='lat' dir='ltr'>Deliae</span> 
     </span>
     <span class='ocr_line' id='line_1_7' title="bbox 283 851 1982 908; baseline -0.001 -14"><span class='ocrx_word' id='word_1_52' title='bbox 283 853 465 906; x_wconf 86' lang='lat' dir='ltr'>gremio,</span> <span class='ocrx_word' id='word_1_53' title='bbox 497 852 637 908; x_wconf 88' lang='lat' dir='ltr'>posita</span> <span class='ocrx_word' id='word_1_54' title='bbox 666 851 910 894; x_wconf 85' lang='lat' dir='ltr'>timiditate.</span> <span class='ocrx_word' id='word_1_55' title='bbox 972 851 1074 893; x_wconf 92' lang='lat' dir='ltr'>Hoc</span> <span class='ocrx_word' id='word_1_56' title='bbox 1106 852 1220 894; x_wconf 90' lang='lat' dir='ltr'>enim</span> <span class='ocrx_word' id='word_1_57' title='bbox 1242 852 1358 895; x_wconf 87' lang='lat' dir='ltr'>vult:</span> <span class='ocrx_word' id='word_1_58' title='bbox 1393 854 1628 895; x_wconf 88' lang='lat' dir='ltr'>Assuescet</span> <span class='ocrx_word' id='word_1_59' title='bbox 1650 852 1774 895; x_wconf 87' lang='lat' dir='ltr'>Delia</span> <span class='ocrx_word' id='word_1_60' title='bbox 1796 852 1982 907; x_wconf 84' lang='lat' dir='ltr'>negotiis</span> 
     </span>
     <span class='ocr_line' id='line_1_8' title="bbox 283 935 1982 991; baseline -0.001 -13"><span class='ocrx_word' id='word_1_61' title='bbox 283 937 479 989; x_wconf 86' lang='lat' dir='ltr'>rusticis,</span> <span class='ocrx_word' id='word_1_62' title='bbox 525 940 774 978; x_wconf 79' lang='lat' dir='ltr'>assuescent</span> <span class='ocrx_word' id='word_1_63' title='bbox 805 935 956 978; x_wconf 88' lang='lat' dir='ltr'>rustici</span> <span class='ocrx_word' id='word_1_64' title='bbox 986 949 1132 979; x_wconf 84' lang='lat' dir='ltr'>amare</span> <span class='ocrx_word' id='word_1_65' title='bbox 1162 935 1358 990; x_wconf 87' lang='lat' dir='ltr'>Deliam,</span> <span class='ocrx_word' id='word_1_66' title='bbox 1402 936 1445 978; x_wconf 92' lang='lat' dir='ltr'>in</span> <span class='ocrx_word' id='word_1_67' title='bbox 1489 949 1574 990; x_wconf 91' lang='lat' dir='ltr'>quo</span> <span class='ocrx_word' id='word_1_68' title='bbox 1617 935 1781 991; x_wconf 86' lang='lat' dir='ltr'>optime</span> <span class='ocrx_word' id='word_1_69' title='bbox 1823 947 1982 976; x_wconf 87' lang='lat' dir='ltr'>vernae</span> 
     </span>
     <span class='ocr_line' id='line_1_9' title="bbox 282 1017 1981 1075; baseline 0.002 -16"><span class='ocrx_word' id='word_1_70' title='bbox 282 1017 571 1061; x_wconf 80' lang='lat' dir='ltr'>familiaritate</span> <span class='ocrx_word' id='word_1_71' title='bbox 601 1031 682 1075; x_wconf 90' lang='lat' dir='ltr'>pro</span> <span class='ocrx_word' id='word_1_72' title='bbox 713 1020 914 1075; x_wconf 83' lang='lat' dir='ltr'>exemplo</span> <span class='ocrx_word' id='word_1_73' title='bbox 944 1021 1095 1062; x_wconf 86' lang='lat' dir='ltr'>utitur.</span> <span class='ocrx_word' id='word_1_74' title='bbox 1157 1019 1340 1062; x_wconf 85' lang='lat' dir='ltr'>Constat</span> <span class='ocrx_word' id='word_1_75' title='bbox 1371 1020 1482 1062; x_wconf 91' lang='lat' dir='ltr'>enim</span> <span class='ocrx_word' id='word_1_76' title='bbox 1517 1033 1671 1062; x_wconf 83' lang='lat' dir='ltr'>vernas</span> <span class='ocrx_word' id='word_1_77' title='bbox 1701 1019 1833 1062; x_wconf 79' lang='lat' dir='ltr'>fuisse</span> <span class='ocrx_word' id='word_1_78' title='bbox 1864 1018 1981 1062; x_wconf 89' lang='lat' dir='ltr'>domi</span> 
     </span>
     <span class='ocr_line' id='line_1_10' title="bbox 280 1101 1981 1159; baseline 0 -16"><span class='ocrx_word' id='word_1_79' title='bbox 280 1106 405 1144; x_wconf 90' lang='lat' dir='ltr'>natos</span> <span class='ocrx_word' id='word_1_80' title='bbox 437 1107 481 1145; x_wconf 88' lang='lat' dir='ltr'>et</span> <span class='ocrx_word' id='word_1_81' title='bbox 510 1103 696 1144; x_wconf 89' lang='lat' dir='ltr'>nutritos</span> <span class='ocrx_word' id='word_1_82' title='bbox 728 1115 887 1158; x_wconf 89' lang='lat' dir='ltr'>pueros</span> <span class='ocrx_word' id='word_1_83' title='bbox 918 1115 1080 1155; x_wconf 89' lang='lat' dir='ltr'>servos,</span> <span class='ocrx_word' id='word_1_84' title='bbox 1111 1115 1220 1157; x_wconf 88' lang='lat' dir='ltr'>qnos</span> <span class='ocrx_word' id='word_1_85' title='bbox 1251 1103 1468 1145; x_wconf 87' lang='lat' dir='ltr'>liberalius</span> <span class='ocrx_word' id='word_1_86' title='bbox 1493 1102 1720 1156; x_wconf 89' lang='lat' dir='ltr'>habebant,</span> <span class='ocrx_word' id='word_1_87' title='bbox 1754 1101 1981 1159; x_wconf 88' lang='lat' dir='ltr'>placebat-</span> 
     </span>
     <span class='ocr_line' id='line_1_11' title="bbox 278 1182 1980 1238; baseline 0.002 -13"><span class='ocrx_word' id='word_1_88' title='bbox 278 1197 364 1238; x_wconf 88' lang='lat' dir='ltr'>que</span> <span class='ocrx_word' id='word_1_89' title='bbox 397 1195 545 1227; x_wconf 80' lang='lat' dir='ltr'>eorum</span> <span class='ocrx_word' id='word_1_90' title='bbox 574 1185 831 1238; x_wconf 86' lang='lat' dir='ltr'>garrulitas,</span> <span class='ocrx_word' id='word_1_91' title='bbox 875 1183 1096 1236; x_wconf 83' lang='lat' dir='ltr'>dicacitas,</span> <span class='ocrx_word' id='word_1_92' title='bbox 1129 1182 1350 1225; x_wconf 82' lang='lat' dir='ltr'>familiaris</span> <span class='ocrx_word' id='word_1_93' title='bbox 1381 1183 1675 1236; x_wconf 84' lang='lat' dir='ltr'>consuetudo,</span> <span class='ocrx_word' id='word_1_94' title='bbox 1716 1184 1771 1228; x_wconf 86' lang='lat' dir='ltr'>cf.</span> <span class='ocrx_word' id='word_1_95' title='bbox 1802 1184 1980 1229; x_wconf 73' lang='lat' dir='ltr'>Hssmn.</span> 
     </span>
     <span class='ocr_line' id='line_1_12' title="bbox 279 1266 1980 1322; baseline -0.001 -12"><span class='ocrx_word' id='word_1_96' title='bbox 279 1268 333 1310; x_wconf 88' lang='lat' dir='ltr'>ad</span> <span class='ocrx_word' id='word_1_97' title='bbox 363 1267 517 1310; x_wconf 85' lang='lat' dir='ltr'>Horat.</span> <span class='ocrx_word' id='word_1_98' title='bbox 549 1268 643 1310; x_wconf 88' lang='lat' dir='ltr'>Sat.</span> <span class='ocrx_word' id='word_1_99' title='bbox 674 1267 732 1320; x_wconf 89' lang='lat'>11,</span> <span class='ocrx_word' id='word_1_100' title='bbox 763 1270 807 1320; x_wconf 88' lang='lat'>6,</span> <span class='ocrx_word' id='word_1_101' title='bbox 837 1270 986 1310; x_wconf 77' lang='lat'>66.—-</span> <span class='ocrx_word' id='word_1_102' title='bbox 1016 1267 1228 1322; x_wconf 69' lang='lat' dir='ltr'>V.‘2qu.</span> <span class='ocrx_word' id='word_1_103' title='bbox 1261 1267 1526 1310; x_wconf 91' lang='lat' dir='ltr'>Secundo</span> <span class='ocrx_word' id='word_1_104' title='bbox 1558 1267 1690 1310; x_wconf 90' lang='lat' dir='ltr'>loco</span> <span class='ocrx_word' id='word_1_105' title='bbox 1720 1266 1787 1309; x_wconf 89' lang='lat' dir='ltr'>de</span> <span class='ocrx_word' id='word_1_106' title='bbox 1818 1267 1980 1310; x_wconf 86' lang='lat' dir='ltr'>cultu</span> 
     </span>
     <span class='ocr_line' id='line_1_13' title="bbox 276 1348 1982 1405; baseline -0.001 -12"><span class='ocrx_word' id='word_1_107' title='bbox 276 1350 512 1394; x_wconf 86' lang='lat' dir='ltr'>deorum</span> <span class='ocrx_word' id='word_1_108' title='bbox 555 1351 873 1405; x_wconf 87' lang='lat' dir='ltr'>agrestium</span> <span class='ocrx_word' id='word_1_109' title='bbox 913 1348 1074 1392; x_wconf 83' lang='lat' dir='ltr'>dicit.</span> <span class='ocrx_word' id='word_1_110' title='bbox 1136 1348 1342 1392; x_wconf 87' lang='lat' dir='ltr'>Nominat</span> <span class='ocrx_word' id='word_1_111' title='bbox 1373 1362 1477 1392; x_wconf 87' lang='lat' dir='ltr'>vero</span> <span class='ocrx_word' id='word_1_112' title='bbox 1506 1350 1642 1392; x_wconf 90' lang='lat' dir='ltr'>instar</span> <span class='ocrx_word' id='word_1_113' title='bbox 1672 1349 1860 1392; x_wconf 88' lang='lat' dir='ltr'>omnium</span> <span class='ocrx_word' id='word_1_114' title='bbox 1890 1349 1982 1391; x_wconf 87' lang='lat' dir='ltr'>Sil-</span> 
     </span>
     <span class='ocr_line' id='line_1_14' title="bbox 275 1427 1982 1490; baseline -0.002 -12"><span class='ocrx_word' id='word_1_115' title='bbox 275 1447 446 1490; x_wconf 88' lang='lat' dir='ltr'>vanum,</span> <span class='ocrx_word' id='word_1_116' title='bbox 475 1448 605 1489; x_wconf 93' lang='lat' dir='ltr'>quem</span> <span class='ocrx_word' id='word_1_117' title='bbox 635 1447 834 1477; x_wconf 90' lang='lat' dir='ltr'>arvorum</span> <span class='ocrx_word' id='word_1_118' title='bbox 864 1435 1122 1490; x_wconf 89' lang='lat' dir='ltr'>pecorisque</span> <span class='ocrx_word' id='word_1_119' title='bbox 1149 1434 1278 1477; x_wconf 92' lang='lat' dir='ltr'>deum</span> <span class='ocrx_word' id='word_1_120' title='bbox 1307 1427 1559 1479; x_wconf 67' lang='lat' dir='ltr'>Vnicums</span> <span class='ocrx_word' id='word_1_121' title='bbox 1591 1432 1698 1475; x_wconf 88' lang='lat' dir='ltr'>dicit</span> <span class='ocrx_word' id='word_1_122' title='bbox 1725 1432 1832 1474; x_wconf 87' lang='lat' dir='ltr'>Aen.</span> <span class='ocrx_word' id='word_1_123' title='bbox 1859 1430 1982 1484; x_wconf 83' lang='lat' dir='ltr'>VIII,</span> 
     </span>
     <span class='ocr_line' id='line_1_15' title="bbox 273 1514 1978 1573; baseline -0.001 -15"><span class='ocrx_word' id='word_1_124' title='bbox 273 1519 376 1559; x_wconf 84' lang='lat'>601.</span> <span class='ocrx_word' id='word_1_125' title='bbox 439 1517 584 1571; x_wconf 83' lang='lat' dir='ltr'>Atque</span> <span class='ocrx_word' id='word_1_126' title='bbox 613 1521 663 1559; x_wconf 89' lang='lat' dir='ltr'>ut</span> <span class='ocrx_word' id='word_1_127' title='bbox 692 1529 892 1560; x_wconf 89' lang='lat' dir='ltr'>arvorum</span> <span class='ocrx_word' id='word_1_128' title='bbox 923 1516 1007 1558; x_wconf 92' lang='lat' dir='ltr'>deo</span> <span class='ocrx_word' id='word_1_129' title='bbox 1038 1517 1206 1573; x_wconf 90' lang='lat' dir='ltr'>spicas,</span> <span class='ocrx_word' id='word_1_130' title='bbox 1237 1530 1367 1571; x_wconf 89' lang='lat' dir='ltr'>uvas,</span> <span class='ocrx_word' id='word_1_131' title='bbox 1399 1529 1528 1573; x_wconf 90' lang='lat' dir='ltr'>poma</span> <span class='ocrx_word' id='word_1_132' title='bbox 1559 1516 1600 1559; x_wconf 89' lang='lat' dir='ltr'>ei</span> <span class='ocrx_word' id='word_1_133' title='bbox 1632 1514 1898 1568; x_wconf 82' lang='lat' dir='ltr'>offerebant,</span> <span class='ocrx_word' id='word_1_134' title='bbox 1928 1518 1978 1557; x_wconf 88' lang='lat' dir='ltr'>nt</span> 
     </span>
     <span class='ocr_line' id='line_1_16' title="bbox 274 1597 1979 1657; baseline -0.001 -14"><span class='ocrx_word' id='word_1_135' title='bbox 274 1602 458 1656; x_wconf 74' lang='lat' dir='ltr'>pecoriS,</span> <span class='ocrx_word' id='word_1_136' title='bbox 491 1602 559 1644; x_wconf 91' lang='lat' dir='ltr'>lac</span> <span class='ocrx_word' id='word_1_137' title='bbox 589 1606 635 1643; x_wconf 89' lang='lat' dir='ltr'>et</span> <span class='ocrx_word' id='word_1_138' title='bbox 665 1601 836 1657; x_wconf 81' lang='lat' dir='ltr'>dapem.</span> <span class='ocrx_word' id='word_1_139' title='bbox 897 1601 1010 1645; x_wconf 88' lang='lat' dir='ltr'>Vide</span> <span class='ocrx_word' id='word_1_140' title='bbox 1039 1602 1162 1657; x_wconf 88' lang='lat' dir='ltr'>plura</span> <span class='ocrx_word' id='word_1_141' title='bbox 1192 1601 1307 1657; x_wconf 86' lang='lat' dir='ltr'>apud</span> <span class='ocrx_word' id='word_1_142' title='bbox 1339 1601 1465 1645; x_wconf 86' lang='lat' dir='ltr'>Voss.</span> <span class='ocrx_word' id='word_1_143' title='bbox 1499 1599 1555 1642; x_wconf 86' lang='lat' dir='ltr'>ad</span> <span class='ocrx_word' id='word_1_144' title='bbox 1586 1599 1710 1655; x_wconf 83' lang='lat' dir='ltr'>Virg.</span> <span class='ocrx_word' id='word_1_145' title='bbox 1735 1598 1894 1654; x_wconf 74' lang='lat' dir='ltr'>Eclog.</span> <span class='ocrx_word' id='word_1_146' title='bbox 1919 1597 1979 1652; x_wconf 89' lang='lat' dir='ltr'>X,</span> 
     </span>
     <span class='ocr_line' id='line_1_17' title="bbox 270 1682 1977 1741; baseline -0.001 -13"><span class='ocrx_word' id='word_1_147' title='bbox 270 1689 433 1741; x_wconf 89' lang='lat' dir='ltr'>p.511.</span> <span class='ocrx_word' id='word_1_148' title='bbox 464 1686 796 1740; x_wconf 86' lang='lat' dir='ltr'>Agricolam</span> <span class='ocrx_word' id='word_1_149' title='bbox 826 1686 984 1728; x_wconf 90' lang='lat' dir='ltr'>deum</span> <span class='ocrx_word' id='word_1_150' title='bbox 1016 1686 1159 1728; x_wconf 89' lang='lat' dir='ltr'>vidisti</span> <span class='ocrx_word' id='word_1_151' title='bbox 1191 1698 1290 1728; x_wconf 90' lang='lat' dir='ltr'>eum</span> <span class='ocrx_word' id='word_1_152' title='bbox 1322 1685 1482 1728; x_wconf 90' lang='lat' dir='ltr'>dictum</span> <span class='ocrx_word' id='word_1_153' title='bbox 1513 1684 1599 1727; x_wconf 89' lang='lat' dir='ltr'>iam</span> <span class='ocrx_word' id='word_1_154' title='bbox 1629 1696 1760 1739; x_wconf 86' lang='lat' dir='ltr'>supra</span> <span class='ocrx_word' id='word_1_155' title='bbox 1790 1682 1826 1737; x_wconf 92' lang='lat'>1,</span> <span class='ocrx_word' id='word_1_156' title='bbox 1846 1683 1977 1738; x_wconf 83' lang='lat'>1,14.</span> 
     </span>
     <span class='ocr_line' id='line_1_18' title="bbox 273 1764 1979 1823; baseline 0.001 -15"><span class='ocrx_word' id='word_1_157' title='bbox 273 1771 406 1820; x_wconf 82' lang='lat' dir='ltr'>atque</span> <span class='ocrx_word' id='word_1_158' title='bbox 446 1766 603 1810; x_wconf 89' lang='lat' dir='ltr'>iterum</span> <span class='ocrx_word' id='word_1_159' title='bbox 647 1771 791 1810; x_wconf 89' lang='lat' dir='ltr'>errant</span> <span class='ocrx_word' id='word_1_160' title='bbox 833 1767 905 1822; x_wconf 89' lang='lat' dir='ltr'>qui</span> <span class='ocrx_word' id='word_1_161' title='bbox 946 1766 1173 1809; x_wconf 89' lang='lat' dir='ltr'>collective</span> <span class='ocrx_word' id='word_1_162' title='bbox 1213 1765 1319 1810; x_wconf 87' lang='lat' dir='ltr'>haec</span> <span class='ocrx_word' id='word_1_163' title='bbox 1361 1766 1492 1809; x_wconf 87' lang='lat' dir='ltr'>verba</span> <span class='ocrx_word' id='word_1_164' title='bbox 1534 1766 1752 1823; x_wconf 86' lang='lat' dir='ltr'>accipiunt</span> <span class='ocrx_word' id='word_1_165' title='bbox 1795 1765 1850 1809; x_wconf 84' lang='lat' dir='ltr'>de</span> <span class='ocrx_word' id='word_1_166' title='bbox 1893 1764 1979 1810; x_wconf 80' lang='lat' dir='ltr'>diis</span> 
     </span>
     <span class='ocr_line' id='line_1_19' title="bbox 270 1847 1975 1905; baseline -0.002 -11"><span class='ocrx_word' id='word_1_167' title='bbox 270 1851 500 1905; x_wconf 87' lang='lat' dir='ltr'>agricolis,</span> <span class='ocrx_word' id='word_1_168' title='bbox 547 1850 664 1905; x_wconf 88' lang='lat' dir='ltr'>quod</span> <span class='ocrx_word' id='word_1_169' title='bbox 706 1851 893 1893; x_wconf 88' lang='lat' dir='ltr'>alienum</span> <span class='ocrx_word' id='word_1_170' title='bbox 923 1851 978 1894; x_wconf 85' lang='lat' dir='ltr'>ab</span> <span class='ocrx_word' id='word_1_171' title='bbox 1013 1850 1095 1894; x_wconf 86' lang='lat' dir='ltr'>hoc</span> <span class='ocrx_word' id='word_1_172' title='bbox 1125 1852 1236 1894; x_wconf 91' lang='lat' dir='ltr'>loco.</span> <span class='ocrx_word' id='word_1_173' title='bbox 1308 1850 1465 1893; x_wconf 85' lang='lat' dir='ltr'>Suavis</span> <span class='ocrx_word' id='word_1_174' title='bbox 1495 1854 1639 1894; x_wconf 88' lang='lat' dir='ltr'>autem</span> <span class='ocrx_word' id='word_1_175' title='bbox 1670 1847 1834 1892; x_wconf 86' lang='lat' dir='ltr'>Tibulli</span> <span class='ocrx_word' id='word_1_176' title='bbox 1863 1848 1975 1892; x_wconf 88' lang='lat' dir='ltr'>ima-</span> 
     </span>
     <span class='ocr_line' id='line_1_20' title="bbox 269 1930 1972 1989; baseline 0.001 -16"><span class='ocrx_word' id='word_1_177' title='bbox 269 1933 449 1987; x_wconf 85' lang='lat' dir='ltr'>ginatio.</span> <span class='ocrx_word' id='word_1_178' title='bbox 507 1933 699 1977; x_wconf 84' lang='lat' dir='ltr'>Quarum</span> <span class='ocrx_word' id='word_1_179' title='bbox 732 1933 845 1975; x_wconf 90' lang='lat' dir='ltr'>enim</span> <span class='ocrx_word' id='word_1_180' title='bbox 876 1934 1006 1975; x_wconf 87' lang='lat' dir='ltr'>trium</span> <span class='ocrx_word' id='word_1_181' title='bbox 1037 1945 1180 1975; x_wconf 88' lang='lat' dir='ltr'>rerum</span> <span class='ocrx_word' id='word_1_182' title='bbox 1211 1933 1542 1989; x_wconf 89' lang='lat' dir='ltr'>praecipuarum</span> <span class='ocrx_word' id='word_1_183' title='bbox 1575 1944 1723 1976; x_wconf 89' lang='lat' dir='ltr'>curam</span> <span class='ocrx_word' id='word_1_184' title='bbox 1756 1930 1972 1975; x_wconf 86' lang='lat' dir='ltr'>mandavit</span> 
     </span>
     <span class='ocr_line' id='line_1_21' title="bbox 268 2003 1974 2072; baseline 0.002 -15"><span class='ocrx_word' id='word_1_185' title='bbox 268 2015 436 2068; x_wconf 87' lang='lat' dir='ltr'>Deliae,</span> <span class='ocrx_word' id='word_1_186' title='bbox 467 2014 615 2057; x_wconf 85' lang='lat' dir='ltr'>harum</span> <span class='ocrx_word' id='word_1_187' title='bbox 648 2029 700 2058; x_wconf 88' lang='lat' dir='ltr'>ea</span> <span class='ocrx_word' id='word_1_188' title='bbox 729 2029 842 2059; x_wconf 90' lang='lat' dir='ltr'>nunc</span> <span class='ocrx_word' id='word_1_189' title='bbox 874 2018 1003 2058; x_wconf 84' lang='lat' dir='ltr'>etiam</span> <span class='ocrx_word' id='word_1_190' title='bbox 1036 2003 1245 2072; x_wconf 85' lang='lat' dir='ltr'>primitias</span> <span class='ocrx_word' id='word_1_191' title='bbox 1275 2017 1432 2060; x_wconf 87' lang='lat' dir='ltr'>offeret</span> <span class='ocrx_word' id='word_1_192' title='bbox 1462 2018 1546 2060; x_wconf 91' lang='lat' dir='ltr'>deo</span> <span class='ocrx_word' id='word_1_193' title='bbox 1574 2017 1697 2072; x_wconf 84' lang='lat' dir='ltr'>quasi</span> <span class='ocrx_word' id='word_1_194' title='bbox 1725 2017 1896 2060; x_wconf 79' lang='lat' dir='ltr'>domina</span> <span class='ocrx_word' id='word_1_195' title='bbox 1928 2021 1974 2060; x_wconf 89' lang='lat' dir='ltr'>et</span> 
     </span>
     <span class='ocr_line' id='line_1_22' title="bbox 270 2099 1974 2156; baseline 0.001 -15"><span class='ocrx_word' id='word_1_196' title='bbox 270 2099 604 2143; x_wconf 76' lang='lat' dir='ltr'>materfamilias,</span> <span class='ocrx_word' id='word_1_197' title='bbox 637 2121 695 2135; x_wconf 85' lang='lat'>···-</span> <span class='ocrx_word' id='word_1_198' title='bbox 742 2104 970 2154; x_wconf 85' lang='lat' dir='ltr'>segete,</span> <span class='ocrx_word' id='word_1_199' title='bbox 1010 2100 1266 2156; x_wconf 88' lang='lat' dir='ltr'>producitur</span> <span class='ocrx_word' id='word_1_200' title='bbox 1305 2101 1471 2154; x_wconf 87' lang='lat' dir='ltr'>syllaba</span> <span class='ocrx_word' id='word_1_201' title='bbox 1511 2101 1651 2144; x_wconf 89' lang='lat' dir='ltr'>finalis</span> <span class='ocrx_word' id='word_1_202' title='bbox 1690 2101 1974 2155; x_wconf 75' lang='lat' dir='ltr'>sequentibus</span> 
     </span>
    </p>
   </div>
   <div class='ocr_carea' id='block_1_3' title="bbox 253 2182 1974 3484">
    <p class='ocr_par' dir='ltr' id='par_1_3' title="bbox 253 2182 1974 3484">
     <span class='ocr_line' id='line_1_23' title="bbox 269 2182 1974 2241; baseline 0.002 -17"><span class='ocrx_word' id='word_1_203' title='bbox 269 2182 605 2224; x_wconf 86' lang='lat' dir='ltr'>consonantibus</span> <span class='ocrx_word' id='word_1_204' title='bbox 661 2186 711 2224; x_wconf 89' lang='lat' dir='ltr'>ut</span> <span class='ocrx_word' id='word_1_205' title='bbox 767 2182 888 2225; x_wconf 84' lang='lat' dir='ltr'>alias.</span> <span class='ocrx_word' id='word_1_206' title='bbox 964 2183 1098 2226; x_wconf 87' lang='lat' dir='ltr'>Plura</span> <span class='ocrx_word' id='word_1_207' title='bbox 1152 2183 1250 2227; x_wconf 87' lang='lat' dir='ltr'>vide</span> <span class='ocrx_word' id='word_1_208' title='bbox 1303 2185 1420 2240; x_wconf 87' lang='lat' dir='ltr'>apud</span> <span class='ocrx_word' id='word_1_209' title='bbox 1471 2184 1702 2227; x_wconf 68' lang='lat' dir='ltr'>BAommu.</span> <span class='ocrx_word' id='word_1_210' title='bbox 1745 2206 1806 2216; x_wconf 93' lang='lat'>—-</span> <span class='ocrx_word' id='word_1_211' title='bbox 1866 2197 1974 2241; x_wconf 89' lang='lat' dir='ltr'>pro</span> 
     </span>
     <span class='ocr_line' id='line_1_24' title="bbox 268 2263 1973 2323; baseline 0.004 -19"><span class='ocrx_word' id='word_1_212' title='bbox 268 2275 470 2317; x_wconf 85' lang='lat' dir='ltr'>grege,</span> <span class='ocrx_word' id='word_1_213' title='bbox 517 2263 660 2304; x_wconf 91' lang='lat' dir='ltr'>ovium</span> <span class='ocrx_word' id='word_1_214' title='bbox 704 2266 750 2304; x_wconf 92' lang='lat' dir='ltr'>et</span> <span class='ocrx_word' id='word_1_215' title='bbox 792 2275 1019 2318; x_wconf 85' lang='lat' dir='ltr'>caprarum</span> <span class='ocrx_word' id='word_1_216' title='bbox 1051 2268 1170 2319; x_wconf 86' lang='lat' dir='ltr'>puta.</span> <span class='ocrx_word' id='word_1_217' title='bbox 1233 2265 1439 2308; x_wconf 87' lang='lat' dir='ltr'>Ceterum</span> <span class='ocrx_word' id='word_1_218' title='bbox 1481 2266 1525 2308; x_wconf 90' lang='lat' dir='ltr'>in</span> <span class='ocrx_word' id='word_1_219' title='bbox 1567 2271 1671 2310; x_wconf 88' lang='lat' dir='ltr'>voto</span> <span class='ocrx_word' id='word_1_220' title='bbox 1710 2279 1791 2323; x_wconf 89' lang='lat' dir='ltr'>pro</span> <span class='ocrx_word' id='word_1_221' title='bbox 1832 2266 1973 2311; x_wconf 83' lang='lat' dir='ltr'>bubus</span> 
     </span>
     <span class='ocr_line' id='line_1_25' title="bbox 266 2346 1973 2401; baseline 0.005 -13"><span class='ocrx_word' id='word_1_222' title='bbox 266 2346 464 2390; x_wconf 85' lang='lat' dir='ltr'>faciendo</span> <span class='ocrx_word' id='word_1_223' title='bbox 506 2359 662 2390; x_wconf 87' lang='lat' dir='ltr'>exesse</span> <span class='ocrx_word' id='word_1_224' title='bbox 708 2346 894 2390; x_wconf 88' lang='lat' dir='ltr'>debebat</span> <span class='ocrx_word' id='word_1_225' title='bbox 937 2347 1116 2401; x_wconf 86' lang='lat' dir='ltr'>mulier,</span> <span class='ocrx_word' id='word_1_226' title='bbox 1162 2348 1218 2391; x_wconf 86' lang='lat' dir='ltr'>cf.</span> <span class='ocrx_word' id='word_1_227' title='bbox 1262 2347 1389 2392; x_wconf 69' lang='lat' dir='ltr'>CA&#39;ro</span> <span class='ocrx_word' id='word_1_228' title='bbox 1439 2349 1495 2392; x_wconf 89' lang='lat' dir='ltr'>de</span> <span class='ocrx_word' id='word_1_229' title='bbox 1535 2349 1607 2393; x_wconf 85' lang='lat' dir='ltr'>Re</span> <span class='ocrx_word' id='word_1_230' title='bbox 1648 2350 1777 2394; x_wconf 81' lang='lat' dir='ltr'>Rust.</span> <span class='ocrx_word' id='word_1_231' title='bbox 1808 2353 1884 2396; x_wconf 81' lang='lat'>83.</span> <span class='ocrx_word' id='word_1_232' title='bbox 1914 2374 1973 2383; x_wconf 92' lang='lat'>—</span> 
     </span>
     <span class='ocr_line' id='line_1_26' title="bbox 267 2429 1972 2487; baseline 0.003 -14"><span class='ocrx_word' id='word_1_233' title='bbox 267 2430 324 2474; x_wconf 88' lang='lat' dir='ltr'>V.</span> <span class='ocrx_word' id='word_1_234' title='bbox 355 2433 430 2472; x_wconf 85' lang='lat'>29.</span> <span class='ocrx_word' id='word_1_235' title='bbox 462 2433 537 2474; x_wconf 85' lang='lat'>30.</span> <span class='ocrx_word' id='word_1_236' title='bbox 598 2430 690 2473; x_wconf 89' lang='lat' dir='ltr'>Iam</span> <span class='ocrx_word' id='word_1_237' title='bbox 723 2429 959 2487; x_wconf 88' lang='lat' dir='ltr'>descriptio</span> <span class='ocrx_word' id='word_1_238' title='bbox 997 2433 1267 2487; x_wconf 84' lang='lat' dir='ltr'>singularum</span> <span class='ocrx_word' id='word_1_239' title='bbox 1296 2446 1441 2476; x_wconf 90' lang='lat' dir='ltr'>rerum</span> <span class='ocrx_word' id='word_1_240' title='bbox 1473 2433 1818 2478; x_wconf 89' lang='lat' dir='ltr'>antecedentium</span> <span class='ocrx_word' id='word_1_241' title='bbox 1850 2436 1972 2479; x_wconf 87' lang='lat' dir='ltr'>clau-</span> 
     </span>
     <span class='ocr_line' id='line_1_27' title="bbox 265 2505 1972 2574; baseline 0.005 -21"><span class='ocrx_word' id='word_1_242' title='bbox 265 2511 383 2554; x_wconf 89' lang='lat' dir='ltr'>ditur</span> <span class='ocrx_word' id='word_1_243' title='bbox 412 2510 592 2568; x_wconf 90' lang='lat' dir='ltr'>pulchre</span> <span class='ocrx_word' id='word_1_244' title='bbox 630 2505 834 2570; x_wconf 75' lang='lat' dir='ltr'>generali</span> <span class='ocrx_word' id='word_1_245' title='bbox 874 2514 1127 2568; x_wconf 79' lang='lat' dir='ltr'>sententia,</span> <span class='ocrx_word' id='word_1_246' title='bbox 1172 2531 1252 2572; x_wconf 86' lang='lat' dir='ltr'>per</span> <span class='ocrx_word' id='word_1_247' title='bbox 1284 2531 1419 2574; x_wconf 84' lang='lat' dir='ltr'>quam</span> <span class='ocrx_word' id='word_1_248' title='bbox 1451 2515 1608 2559; x_wconf 73' lang='lat' dir='ltr'>deinde</span> <span class='ocrx_word' id='word_1_249' title='bbox 1638 2517 1704 2559; x_wconf 82' lang='lat' dir='ltr'>ad</span> <span class='ocrx_word' id='word_1_250' title='bbox 1730 2517 1871 2560; x_wconf 82' lang='lat' dir='ltr'>alium</span> <span class='ocrx_word' id='word_1_251' title='bbox 1901 2518 1972 2562; x_wconf 91' lang='lat' dir='ltr'>lo-</span> 
     </span>
     <span class='ocr_line' id='line_1_28' title="bbox 267 2594 1970 2656; baseline 0.006 -22"><span class='ocrx_word' id='word_1_252' title='bbox 267 2609 367 2635; x_wconf 82' lang='lat' dir='ltr'>cum</span> <span class='ocrx_word' id='word_1_253' title='bbox 404 2594 570 2652; x_wconf 77' lang='lat' dir='ltr'>pergit.</span> <span class='ocrx_word' id='word_1_254' title='bbox 602 2618 662 2626; x_wconf 90' lang='lat'>—</span> <span class='ocrx_word' id='word_1_255' title='bbox 711 2595 1018 2638; x_wconf 88' lang='lat' dir='ltr'>Coniunctivos</span> <span class='ocrx_word' id='word_1_256' title='bbox 1064 2609 1144 2652; x_wconf 93' lang='lat' dir='ltr'>pro</span> <span class='ocrx_word' id='word_1_257' title='bbox 1185 2597 1341 2640; x_wconf 88' lang='lat' dir='ltr'>futuris</span> <span class='ocrx_word' id='word_1_258' title='bbox 1383 2599 1542 2655; x_wconf 85' lang='lat' dir='ltr'>posuit·</span> <span class='ocrx_word' id='word_1_259' title='bbox 1602 2599 1754 2643; x_wconf 84' lang='lat' dir='ltr'>Possis</span> <span class='ocrx_word' id='word_1_260' title='bbox 1794 2601 1970 2656; x_wconf 87' lang='lat' dir='ltr'>quidem</span> 
     </span>
     <span class='ocr_line' id='line_1_29' title="bbox 263 2679 1968 2738; baseline 0.005 -19"><span class='ocrx_word' id='word_1_261' title='bbox 263 2683 429 2732; x_wconf 87' lang='lat' dir='ltr'>regat</span> <span class='ocrx_word' id='word_1_262' title='bbox 461 2692 524 2734; x_wconf 87' lang='lat' dir='ltr'>pr.</span> <span class='ocrx_word' id='word_1_263' title='bbox 553 2679 723 2732; x_wconf 78' lang='lat' dir='ltr'>regite,</span> <span class='ocrx_word' id='word_1_264' title='bbox 764 2679 883 2722; x_wconf 86' lang='lat' dir='ltr'>sint</span> <span class='ocrx_word' id='word_1_265' title='bbox 914 2693 978 2736; x_wconf 91' lang='lat' dir='ltr'>pr.</span> <span class='ocrx_word' id='word_1_266' title='bbox 1009 2686 1137 2724; x_wconf 86' lang='lat' dir='ltr'>sunto</span> <span class='ocrx_word' id='word_1_267' title='bbox 1168 2683 1396 2738; x_wconf 83' lang='lat' dir='ltr'>accipere,</span> <span class='ocrx_word' id='word_1_268' title='bbox 1426 2687 1477 2725; x_wconf 89' lang='lat' dir='ltr'>ut</span> <span class='ocrx_word' id='word_1_269' title='bbox 1508 2682 1688 2736; x_wconf 83' lang='lat' dir='ltr'>Ulysses</span> <span class='ocrx_word' id='word_1_270' title='bbox 1716 2682 1968 2738; x_wconf 84' lang='lat' dir='ltr'>Penelopae</span> 
     </span>
     <span class='ocr_line' id='line_1_30' title="bbox 263 2758 1967 2816; baseline 0.004 -14"><span class='ocrx_word' id='word_1_271' title='bbox 263 2760 368 2803; x_wconf 89' lang='lat' dir='ltr'>dicit</span> <span class='ocrx_word' id='word_1_272' title='bbox 399 2760 524 2803; x_wconf 83' lang='lat' dir='ltr'>HoM·</span> <span class='ocrx_word' id='word_1_273' title='bbox 557 2761 717 2815; x_wconf 90' lang='lat' dir='ltr'>Odyss.</span> <span class='ocrx_word' id='word_1_274' title='bbox 747 2760 871 2815; x_wconf 90' lang='lat' dir='ltr'>XIX,</span> <span class='ocrx_word' id='word_1_275' title='bbox 901 2765 1016 2805; x_wconf 87' lang='lat'><strong>265:</strong></span> <span class='ocrx_word' id='word_1_276' title='bbox 1065 2765 1135 2804; x_wconf 83' lang='grc' dir='ltr'>σοὶ</span> <span class='ocrx_word' id='word_1_277' title='bbox 1163 2758 1207 2804; x_wconf 75' lang='grc' dir='ltr'>δ’</span> <span class='ocrx_word' id='word_1_278' title='bbox 1236 2759 1397 2805; x_wconf 73' lang='grc' dir='ltr'><em>ἐνθάδε</em></span> <span class='ocrx_word' id='word_1_279' title='bbox 1427 2759 1573 2804; x_wconf 81' lang='grc' dir='ltr'><em>πάντα</em></span> <span class='ocrx_word' id='word_1_280' title='bbox 1602 2759 1846 2816; x_wconf 80' lang='grc' dir='ltr'><strong><em>μολόντων,</em></strong></span> <span class='ocrx_word' id='word_1_281' title='bbox 1888 2766 1967 2810; x_wconf 85' lang='lat' dir='ltr'>sed</span> 
     </span>
     <span class='ocr_line' id='line_1_31' title="bbox 263 2842 1967 2903; baseline 0.005 -20"><span class='ocrx_word' id='word_1_282' title='bbox 263 2842 348 2884; x_wconf 88' lang='lat' dir='ltr'>alia</span> <span class='ocrx_word' id='word_1_283' title='bbox 377 2842 438 2884; x_wconf 86' lang='lat' dir='ltr'>ibi</span> <span class='ocrx_word' id='word_1_284' title='bbox 474 2855 570 2895; x_wconf 91' lang='lat' dir='ltr'>res,</span> <span class='ocrx_word' id='word_1_285' title='bbox 603 2848 648 2885; x_wconf 92' lang='lat' dir='ltr'>et</span> <span class='ocrx_word' id='word_1_286' title='bbox 677 2856 764 2886; x_wconf 88' lang='lat' dir='ltr'>non</span> <span class='ocrx_word' id='word_1_287' title='bbox 793 2844 994 2886; x_wconf 90' lang='lat' dir='ltr'>convenit</span> <span class='ocrx_word' id='word_1_288' title='bbox 1024 2844 1212 2897; x_wconf 88' lang='lat' dir='ltr'>iuvet,</span> <span class='ocrx_word' id='word_1_289' title='bbox 1244 2845 1359 2899; x_wconf 91' lang='lat' dir='ltr'>quod</span> <span class='ocrx_word' id='word_1_290' title='bbox 1391 2851 1543 2902; x_wconf 87' lang='lat' dir='ltr'>aperte</span> <span class='ocrx_word' id='word_1_291' title='bbox 1576 2860 1641 2903; x_wconf 88' lang='lat' dir='ltr'>pr.</span> <span class='ocrx_word' id='word_1_292' title='bbox 1671 2845 1852 2898; x_wconf 72' lang='lat' dir='ltr'>iuvabit</span> <span class='ocrx_word' id='word_1_293' title='bbox 1883 2853 1967 2893; x_wconf 78' lang='lat' dir='ltr'>est.</span> 
     </span>
     <span class='ocr_line' id='line_1_32' title="bbox 262 2927 1966 2988; baseline 0.005 -21"><span class='ocrx_word' id='word_1_294' title='bbox 262 2927 377 2968; x_wconf 90' lang='lat' dir='ltr'>Sunt</span> <span class='ocrx_word' id='word_1_295' title='bbox 417 2927 677 2969; x_wconf 90' lang='lat' dir='ltr'>coniunctivi</span> <span class='ocrx_word' id='word_1_296' title='bbox 719 2927 849 2969; x_wconf 88' lang='lat' dir='ltr'>etiam</span> <span class='ocrx_word' id='word_1_297' title='bbox 892 2927 936 2969; x_wconf 92' lang='lat' dir='ltr'>in</span> <span class='ocrx_word' id='word_1_298' title='bbox 980 2929 1272 2982; x_wconf 88' lang='lat' dir='ltr'>sequentibus.</span> <span class='ocrx_word' id='word_1_299' title='bbox 1343 2929 1558 2974; x_wconf 91' lang='lat' dir='ltr'>Nimirum</span> <span class='ocrx_word' id='word_1_300' title='bbox 1589 2931 1633 2973; x_wconf 89' lang='lat' dir='ltr'>in</span> <span class='ocrx_word' id='word_1_301' title='bbox 1663 2931 1810 2988; x_wconf 87' lang='lat' dir='ltr'>priore</span> <span class='ocrx_word' id='word_1_302' title='bbox 1842 2935 1966 2986; x_wconf 85' lang='lat' dir='ltr'>parte</span> 
     </span>
     <span class='ocr_line' id='line_1_33' title="bbox 260 3007 1964 3068; baseline 0.006 -19"><span class='ocrx_word' id='word_1_303' title='bbox 260 3007 559 3063; x_wconf 89' lang='lat' dir='ltr'>descriptionis</span> <span class='ocrx_word' id='word_1_304' title='bbox 587 3009 681 3064; x_wconf 87' lang='lat' dir='ltr'>ipsa</span> <span class='ocrx_word' id='word_1_305' title='bbox 723 3009 867 3053; x_wconf 79' lang='lat' dir='ltr'>futura</span> <span class='ocrx_word' id='word_1_306' title='bbox 900 3018 1210 3068; x_wconf 86' lang='lat' dir='ltr'>usurpaverat,</span> <span class='ocrx_word' id='word_1_307' title='bbox 1258 3026 1372 3056; x_wconf 90' lang='lat' dir='ltr'>nunc</span> <span class='ocrx_word' id='word_1_308' title='bbox 1413 3015 1600 3057; x_wconf 89' lang='lat' dir='ltr'>molliori</span> <span class='ocrx_word' id='word_1_309' title='bbox 1641 3015 1759 3059; x_wconf 82' lang='lat' dir='ltr'>facto</span> <span class='ocrx_word' id='word_1_310' title='bbox 1802 3016 1964 3060; x_wconf 81' lang='lat' dir='ltr'>affectu</span> 
     </span>
     <span class='ocr_line' id='line_1_34' title="bbox 259 3090 1964 3157; baseline 0.007 -24"><span class='ocrx_word' id='word_1_311' title='bbox 259 3090 315 3133; x_wconf 86' lang='lat' dir='ltr'>ad</span> <span class='ocrx_word' id='word_1_312' title='bbox 345 3091 638 3134; x_wconf 89' lang='lat' dir='ltr'>coniunctivos</span> <span class='ocrx_word' id='word_1_313' title='bbox 669 3093 832 3136; x_wconf 87' lang='lat' dir='ltr'>transit.</span> <span class='ocrx_word' id='word_1_314' title='bbox 850 3116 907 3124; x_wconf 89' lang='lat'><strong>—</strong></span> <span class='ocrx_word' id='word_1_315' title='bbox 938 3094 1157 3150; x_wconf 80' lang='lat' dir='ltr'>Adiavet,</span> <span class='ocrx_word' id='word_1_316' title='bbox 1188 3098 1304 3152; x_wconf 92' lang='lat' dir='ltr'>quod</span> <span class='ocrx_word' id='word_1_317' title='bbox 1328 3099 1372 3141; x_wconf 93' lang='lat' dir='ltr'>in</span> <span class='ocrx_word' id='word_1_318' title='bbox 1402 3099 1536 3154; x_wconf 87' lang='lat' dir='ltr'>libris,</span> <span class='ocrx_word' id='word_1_319' title='bbox 1569 3101 1859 3144; x_wconf 71' lang='lat' dir='ltr'>Gnnmnntrs</span> <span class='ocrx_word' id='word_1_320' title='bbox 1885 3114 1964 3157; x_wconf 88' lang='lat' dir='ltr'>per</span> 
     </span>
     <span class='ocr_line' id='line_1_35' title="bbox 257 3171 1956 3237; baseline 0.008 -25"><span class='ocrx_word' id='word_1_321' title='bbox 257 3171 306 3213; x_wconf 84' lang='lat' dir='ltr'>in</span> <span class='ocrx_word' id='word_1_322' title='bbox 345 3180 520 3227; x_wconf 83' lang='lat' dir='ltr'>partem</span> <span class='ocrx_word' id='word_1_323' title='bbox 559 3172 687 3216; x_wconf 81' lang='lat' dir='ltr'>iuvet</span> <span class='ocrx_word' id='word_1_324' title='bbox 729 3175 937 3230; x_wconf 85' lang='lat' dir='ltr'>explicari</span> <span class='ocrx_word' id='word_1_325' title='bbox 977 3175 1046 3220; x_wconf 87' lang='lat' dir='ltr'>hic</span> <span class='ocrx_word' id='word_1_326' title='bbox 1086 3191 1216 3234; x_wconf 89' lang='lat' dir='ltr'>posse</span> <span class='ocrx_word' id='word_1_327' title='bbox 1255 3181 1449 3237; x_wconf 87' lang='lat' dir='ltr'>putabat.</span> <span class='ocrx_word' id='word_1_328' title='bbox 1508 3181 1704 3226; x_wconf 87' lang='lat' dir='ltr'>Frustra.</span> <span class='ocrx_word' id='word_1_329' title='bbox 1767 3183 1854 3228; x_wconf 82' lang='lat' dir='ltr'>Qui</span> <span class='ocrx_word' id='word_1_330' title='bbox 1884 3183 1956 3226; x_wconf 88' lang='lat' dir='ltr'>At</span> 
     </span>
     <span class='ocr_line' id='line_1_36' title="bbox 267 3255 1959 3328; baseline 0.008 -31"><span class='ocrx_word' id='word_1_331' title='bbox 267 3262 376 3297; x_wconf 73' lang='lat' dir='ltr'>avet</span> <span class='ocrx_word' id='word_1_332' title='bbox 408 3255 644 3301; x_wconf 87' lang='lat' dir='ltr'>defendere</span> <span class='ocrx_word' id='word_1_333' title='bbox 675 3259 837 3314; x_wconf 90' lang='lat' dir='ltr'>volent,</span> <span class='ocrx_word' id='word_1_334' title='bbox 869 3266 1089 3317; x_wconf 87' lang='lat' dir='ltr'>opponent</span> <span class='ocrx_word' id='word_1_335' title='bbox 1122 3262 1202 3307; x_wconf 89' lang='lat' dir='ltr'>hoc</span> <span class='ocrx_word' id='word_1_336' title='bbox 1232 3276 1299 3307; x_wconf 89' lang='lat' dir='ltr'>vv.</span> <span class='ocrx_word' id='word_1_337' title='bbox 1332 3265 1439 3308; x_wconf 87' lang='lat' dir='ltr'>illa</span> <span class='ocrx_word' id='word_1_338' title='bbox 1456 3263 1654 3328; x_wconf 39' lang='lat' dir='ltr'>-&#39;·illi‚</span> <span class='ocrx_word' id='word_1_339' title='bbox 1691 3268 1735 3308; x_wconf 91' lang='lat' dir='ltr'>et</span> <span class='ocrx_word' id='word_1_340' title='bbox 1766 3266 1959 3321; x_wconf 87' lang='lat' dir='ltr'>explica-</span> 
     </span>
     <span class='ocr_line' id='line_1_37' title="bbox 259 3335 1965 3402; baseline 0.009 -25"><span class='ocrx_word' id='word_1_341' title='bbox 259 3335 393 3379; x_wconf 83' lang='lat' dir='ltr'>bunt:</span> <span class='ocrx_word' id='word_1_342' title='bbox 454 3337 525 3379; x_wconf 82' lang='lat' dir='ltr'>At</span> <span class='ocrx_word' id='word_1_343' title='bbox 567 3337 694 3381; x_wconf 82' lang='lat' dir='ltr'>iuvet</span> <span class='ocrx_word' id='word_1_344' title='bbox 726 3361 786 3374; x_wconf 87' lang='lat'>--</span> <span class='ocrx_word' id='word_1_345' title='bbox 817 3356 882 3383; x_wconf 87' lang='lat' dir='ltr'>me</span> <span class='ocrx_word' id='word_1_346' title='bbox 926 3358 968 3399; x_wconf 89' lang='lat' dir='ltr'>p.</span> <span class='ocrx_word' id='word_1_347' title='bbox 1030 3345 1089 3387; x_wconf 90' lang='lat' dir='ltr'>At</span> <span class='ocrx_word' id='word_1_348' title='bbox 1133 3358 1228 3399; x_wconf 89' lang='lat' dir='ltr'>me,</span> <span class='ocrx_word' id='word_1_349' title='bbox 1275 3359 1348 3390; x_wconf 87' lang='lat' dir='ltr'>me</span> <span class='ocrx_word' id='word_1_350' title='bbox 1392 3359 1496 3391; x_wconf 82' lang='lat' dir='ltr'>vero</span> <span class='ocrx_word' id='word_1_351' title='bbox 1544 3346 1678 3391; x_wconf 87' lang='lat' dir='ltr'>iuvet.</span> <span class='ocrx_word' id='word_1_352' title='bbox 1739 3347 1830 3391; x_wconf 86' lang='lat' dir='ltr'>Sed</span> <span class='ocrx_word' id='word_1_353' title='bbox 1876 3347 1965 3402; x_wconf 25' lang='lat' dir='ltr'>hoc·</span> 
     </span>
     <span class='ocr_line' id='line_1_38' title="bbox 253 3421 1957 3484; baseline 0.005 -21"><span class='ocrx_word' id='word_1_354' title='bbox 253 3433 384 3464; x_wconf 77' lang='lat' dir='ltr'>sensu</span> <span class='ocrx_word' id='word_1_355' title='bbox 416 3421 616 3467; x_wconf 79' lang='lat' dir='ltr'>Tibullus</span> <span class='ocrx_word' id='word_1_356' title='bbox 646 3424 719 3467; x_wconf 83' lang='lat' dir='ltr'>At</span> <span class='ocrx_word' id='word_1_357' title='bbox 753 3441 818 3468; x_wconf 87' lang='lat' dir='ltr'>me</span> <span class='ocrx_word' id='word_1_358' title='bbox 849 3426 1055 3484; x_wconf 80' lang='lat' dir='ltr'>dixisset,</span> <span class='ocrx_word' id='word_1_359' title='bbox 1097 3434 1145 3473; x_wconf 90' lang='lat' dir='ltr'>ut</span> <span class='ocrx_word' id='word_1_360' title='bbox 1177 3431 1308 3475; x_wconf 84' lang='lat' dir='ltr'>toties</span> <span class='ocrx_word' id='word_1_361' title='bbox 1339 3431 1411 3475; x_wconf 87' lang='lat' dir='ltr'>At</span> <span class='ocrx_word' id='word_1_362' title='bbox 1447 3437 1527 3479; x_wconf 80' lang='lat' dir='ltr'>tu,</span> <span class='ocrx_word' id='word_1_363' title='bbox 1567 3430 1638 3475; x_wconf 87' lang='lat' dir='ltr'>At</span> <span class='ocrx_word' id='word_1_364' title='bbox 1670 3427 1777 3478; x_wconf 80' lang='lat' dir='ltr'>tibi,</span> <span class='ocrx_word' id='word_1_365' title='bbox 1809 3430 1881 3475; x_wconf 83' lang='lat' dir='ltr'>At</span> <span class='ocrx_word' id='word_1_366' title='bbox 1911 3437 1957 3472; x_wconf 84' lang='lat' dir='ltr'>te</span> 
     </span>
    </p>
   </div>
  </div>
 </body>
</html>
