2158 3750
322 231 426 279 406
709 223 1178 277 COMMENTAR.
1214 223 1288 272 IN
1325 222 1613 271 TIBULLI

325 371 485 427 quenti.
546 368 643 411 Cre.
679 365 734 409 ad
777 366 864 408 Att.
896 365 1028 418 XVI,
1056 368 1114 407 3:
1161 364 1228 405 Ne
1266 362 1313 405 in
1356 377 1421 404 me
1458 361 1734 405 stomachum
1770 368 2021 417 erumpant,

324 469 422 496 cum
447 451 530 494 tibi
551 451 643 492 sint
664 448 790 492 irati.
809 473 867 483 —
901 449 1068 494 Verba:
1098 447 1310 490 Laudis
1341 453 1397 490 et
1425 448 1655 490 assiduo
1681 451 1764 489 etc.
1803 445 2020 495 Haustus

324 538 387 578 sic
430 533 644 590 explicat:
690 538 739 575 nt
780 533 902 576 locus
943 532 1125 575 idoneus
1166 533 1341 574 relictus
1377 533 1434 573 sit
1465 531 1761 574 exercitationi
1790 529 2022 585 campestri

323 618 518 660 militum.
609 615 685 658 Sic
732 616 813 657 tria
860 617 1055 671 posuerit
1103 620 1233 670 poeta
1277 616 1320 656 in
1369 615 1477 656 locis
1523 619 1762 656 castrorum
1809 612 2022 667 eligendis

324 697 587 755 spectanda,
644 702 693 740 ut
744 711 856 751 aqua
907 696 1019 739 adsit
1067 696 1205 750 bona,
1263 700 1312 738 ut
1361 695 1500 737 aditus
1549 694 1662 738 hosti
1709 694 1920 747 difficilis,
1976 697 2027 735 ut
2109 727 2114 730 .

322 783 510 838 spatium
541 783 647 825 satis
678 763 849 838 planum
882 786 1117 838 aptumque
1144 781 1200 823 sit
1231 779 1610 822 exercitationibus
1641 779 1838 823 militum.
1898 778 2025 822 Vm.-

325 877 426 906 PIUS
466 869 614 908 autem
656 867 719 909 sic
758 865 990 919 intelligit:
1038 870 1086 908 ut
1129 865 1273 908 aditus
1315 864 1475 906 arduus
1515 865 1573 907 sit
1613 862 1724 906 hosti
1759 867 1804 905 et
1838 863 1882 904 in
1920 861 2025 904 tutis
2107 838 2133 926 J

327 949 480 991 castris
522 951 675 1005 procul
717 950 772 992 ab
815 949 981 992 insidiis
1028 947 1212 992 hosfium
1260 951 1454 992 exerceri
1499 949 1671 992 assidue
1713 947 1850 1004 possit
1889 948 2026 1001 miles,

326 1036 448 1074 arcte
493 1032 705 1087 iungens,
760 1038 808 1075 ut
850 1033 998 1086 vides,
1058 1031 1169 1075 hunc
1214 1046 1384 1075 versum
1432 1033 1628 1089 proxime
1674 1031 2029 1075 antecedentibus

327 1114 483 1158 verbis.
545 1115 635 1158 Sed
667 1115 866 1171 praefero
899 1116 1104 1167 alterum,
1147 1118 1192 1156 et
1222 1127 1307 1156 non
1339 1098 1425 1157 duo
1458 1114 1536 1157 sed
1566 1115 1648 1156 tria
1679 1118 1892 1156 momenta
1925 1113 2027 1169 poni

327 1198 482 1252 credo,
513 1211 694 1253 quorum
726 1199 924 1241 ultimum
955 1198 1180 1253 sequentia
1210 1198 1368 1240 docent
1397 1210 1483 1239 non
1516 1197 1732 1239 minimum
1766 1209 1876 1256 esse.
1938 1195 2028 1236 Ad-

326 1281 444 1324 ditur
484 1280 566 1325 hoc
608 1295 687 1339 per
730 1284 956 1343 copulam,
1007 1283 1071 1325 uti
1116 1295 1247 1336 saepe
1289 1281 1439 1323 ultima
1479 1279 1694 1332 membra,
1741 1291 1796 1322 ne
1837 1278 1933 1332 quis
1975 1282 2030 1318 ut

327 1363 449 1406 malit
491 1377 588 1407 cum
633 1365 814 1420 Dona,
863 1367 1053 1419 Vossm,
1098 1366 1504 1418 Wuminnmcmo,
1552 1364 1747 1410 BAcmo·
1825 1362 2029 1404 Ceterum

329 1447 687 1491 Baoncxmxsms
736 1449 791 1492 de
837 1450 1085 1494 laudatione
1134 1449 1343 1492 castrensi
1387 1461 1559 1492 versum
1602 1449 1938 1502 interpretatur,
1986 1445 2029 1487 in
2096 1455 2098 1458 ·

328 1545 415 1587 quo
447 1545 545 1576 eum
576 1545 722 1576 errare
753 1539 932 1579 certum.
966 1557 1023 1564 —
1085 1534 1136 1578 V.
1171 1537 1229 1575 89
1261 1546 1355 1587 sqq.
1417 1532 1542 1576 Haec
1575 1532 1741 1587 priores
1770 1531 2031 1585 interpretes
2098 1567 2099 1570 ,

328 1616 383 1658 ad
425 1616 564 1672 ipsum
604 1617 837 1659 Messalam
883 1616 1156 1668 referebant,
1203 1620 1252 1657 ut
1294 1615 1409 1658 sacta
1450 1615 1670 1657 mentione
1709 1611 2032 1656 exercitationis

331 1699 561 1742 castrensis
602 1699 687 1741 iam
728 1698 928 1741 ostendat
971 1702 1099 1754 poeta
1132 1697 1288 1741 ducem
1329 1697 1469 1753 ipsum
1501 1698 1543 1740 in
1576 1695 1640 1739 his
1671 1696 1836 1739 artibus
1871 1695 2031 1739 milites

328 1793 430 1823 suos
474 1787 773 1837 superantem,
822 1782 963 1837 sitque
995 1781 1100 1824 haec
1131 1794 1242 1826 nova
1283 1795 1384 1838 pars
1423 1781 1575 1825 laudis.
1649 1779 1720 1824 Ex
1754 1779 1832 1823 hac
1862 1780 2031 1826 ratius

326 1863 462 1918 igitur
505 1869 710 1920 punctum
758 1865 933 1919 ponitur
979 1870 1079 1920 post
1124 1864 1275 1912 miles,
1336 1869 1380 1907 et
1425 1865 1776 1925 interrogationis
1819 1864 1944 1918 signa
1987 1864 2031 1907 in

329 1948 631 2003 sequentibus,
665 1949 946 1991 coniunctivis
979 1954 1126 1992 autem
1158 1961 1261 1991 usus
1291 1948 1421 1992 fuerit
1451 1953 1606 2005 poeta,
1637 1953 1687 1991 ut
1718 1947 1848 2007 etiam
1879 1951 2031 2003 postea

328 2034 486 2073 v.100.
521 2030 625 2073 dicit
639 2046 657 2081 ε,
688 2034 812 2072 Tunc
843 2029 927 2072 tibi
957 2046 1044 2072 non
1076 2030 1204 2074 desit.
1265 2031 1360 2074 Nec
1390 2031 1708 2075 assentiendum
1734 2030 1932 2082 -Hnnuo
1964 2035 2032 2072 est

329 2114 371 2156 in
403 2127 483 2168 eo«,
528 2114 646 2169 quod
682 2114 874 2169 putidam
908 2115 1099 2170 appellat
1129 2115 1258 2156 talem
1292 2114 1625 2170 explicationem
1659 2114 1758 2157 loci.
1818 2114 2029 2156 Similiter

333 2198 445 2240 enim
483 2198 585 2240 olim
619 2197 682 2240 Μ.
713 2197 914 2239 Valerius
946 2197 1112 2239 Corvus
1155 2197 1196 2238 in
1241 2196 1437 2239 exercitu
1467 2210 1546 2238 suo
1577 2194 1640 2238 his
1673 2196 1831 2239 talibus
1868 2196 2031 2238 artibus

333 2280 570 2333 eminebat,
603 2279 656 2321 de
687 2293 771 2334 quo
805 2281 1023 2335 praeclare
1051 2280 1344 2322 Nuznunnms
1372 2279 1481 2322 dixit
1513 2279 1626 2324 Hist.
1650 2279 1780 2322 Rom.
1812 2278 2033 2332 Tem-111,

330 2379 369 2419 p.
388 2365 488 2405 143.
551 2361 839 2404 Nihilominus
870 2362 911 2402 in
944 2375 1037 2403 cam
1074 2366 1238 2416 partem
1271 2361 1454 2415 inclino,
1497 2366 1546 2405 ut
1575 2362 1785 2404 veriorem
1819 2362 2030 2403 rationem

329 2446 384 2487 ab
415 2445 608 2488 Hmcmo
648 2445 794 2488 initam
836 2444 1031 2498 credam,
1077 2446 1148 2500 qui
1182 2446 1309 2488 colon
1352 2445 1495 2502 posuit
1531 2450 1630 2501 post
1663 2443 1787 2486 miles
1817 2450 1862 2488 et
1893 2450 2031 2487 totum

328 2530 471 2571 locum
511 2541 591 2582 per
622 2528 934 2583 digressionem
973 2527 1189 2570 adiectum
1229 2529 1379 2570 statuit
1412 2528 1790 2582 antecedentibus,
1836 2533 1886 2571 ut
1920 2529 2034 2571 mili-

330 2619 421 2655 tum
472 2613 729 2656 exercitatio
782 2613 1106 2654 commemorari
1156 2618 1311 2667 coepta
1360 2625 1471 2654 nunc
1518 2612 1789 2654 describatur
1833 2612 2030 2667 amplius.

328 2695 480 2737 Secuti
524 2699 624 2737 sunt
668 2695 883 2748 Voss1tJS‚
929 2694 1158 2746 BAcu1US‚
1209 2693 1498 2744 Huscnxms,
1544 2695 1843 2737 Gonnssnrtts.
1919 2693 2032 2736 Nam

330 2768 548 2819 fatendum
592 2782 658 2820 est
695 2791 736 2821 v.
755 2781 856 2832 88„
898 2778 1001 2820 licet
1032 2778 1208 2831 elegans
1238 2779 1295 2820 sit
1326 2779 1490 2831 oratio,
1533 2791 1611 2834 per
1641 2791 1689 2821 se
1720 2777 2033 2832 obscuriorem,

332 2861 620 2916 explicatione
666 2874 821 2915 egere,
875 2865 921 2903 et
965 2861 1283 2915 quodammodo
1331 2863 1550 2918 postulare
1594 2867 1644 2904 ut
1688 2862 1912 2916 sequentia
1951 2860 2033 2902 sibi

329 2943 644 2999 adiungantur3
688 2943 909 2987 fatendum
944 2945 1074 2988 etiam
1107 2943 1215 2988 haec
1247 2947 1456 2989 eiusmodi
1489 2959 1611 3000 esse,
1650 2951 1698 2988 ut
1728 2946 1800 2988 vix
1833 2945 1930 2988 inde
1965 2944 2032 2987 di—

327 3027 427 3069 velli
469 3027 651 3082 possint.
734 3025 846 3069 Nam
889 3027 932 3068 in
974 3029 1050 3070 tali
1093 3030 1399 3072 consecutione
1450 3029 1707 3072 verborum:
1765 3034 1814 3071 ut
1855 3027 2031 3070 assiduo

329 3111 563 3154 certamine
605 3109 745 3153 laudis
785 3111 933 3166 vigeat
966 3113 1111 3166 miles,
1153 3115 1248 3168 quis
1279 3116 1433 3157 melius
1464 3116 1616 3158 iecerit
1654 3118 1766 3167 cet.‚
1809 3112 2029 3168 quomodo

329 3193 384 3236 de
418 3194 608 3236 Messala
647 3195 830 3249 cogitari
870 3199 1040 3250 potest,
1087 3198 1205 3240 nullo
1238 3198 1370 3240 verbo
1406 3197 1581 3251 addito,
1622 3197 1736 3240 unde
1769 3197 1909 3239 discas
1944 3210 2030 3239 non

329 3276 385 3319 de
417 3277 649 3331 militibus,
682 3277 760 3321 sed
791 3277 845 3320 de
876 3277 986 3321 duce
1018 3279 1126 3334 agi?
1187 3279 1426 3323 Dicendum
1458 3281 1570 3323 enim
1604 3284 1723 3322 certe
1757 3283 1874 3320 erat:
1919 3278 2030 3323 Quis

327 3365 370 3401 te
401 3359 555 3404 melius
591 3364 674 3403 cet.
720 3360 802 3403 etsi
830 3360 899 3402 vel
929 3360 992 3403 s'ic
1022 3359 1076 3405 ad
1112 3361 1344 3409 Messalam
1377 3362 1516 3404 oratio
1547 3360 1771 3417 abruptius
1810 3346 2011 3403 transiret
