2158 3750
290 223 393 271 408
686 214 1157 272 COMMENTAR.
1192 211 1266 267 ΙΝ
1306 212 1594 267 TIBULLI

281 363 413 422 sorte
451 362 590 406 velint
631 361 788 419 rapido
829 360 1087 404 contendere
1127 375 1287 408 cursu,
1321 356 1502 402 Invitat
1538 354 1700 414 pretiis
1733 356 1904 400 animos
1943 365 1989 399 et

201 500 205 506 ι
285 445 490 502 praemia
517 443 664 501 ponit.
724 443 797 486 Ex
826 456 913 498 quo
944 444 1042 486 loco
1074 456 1128 486 ne
1159 442 1228 486 hic
1260 455 1434 497 quoque
1463 442 1572 484 velis
1601 455 1736 482 cursu
1765 452 1991 496 reponere,

294 531 362 568 est
398 527 507 568 bene
544 524 707 567 dictum
747 537 922 581 passu
961 524 1216 577 directo,
1265 523 1622 578 quemadmodum
1649 523 1736 566 acti
1765 522 1809 565 in
1838 533 1994 576 gyrum

296 608 470 662 obliquo
502 621 634 664 passu
663 608 875 650 feruutur.
905 629 963 637 —
1023 606 1078 649 V.
1107 609 1164 648 95
1195 618 1290 660 sqq.
1340 605 1579 647 Construe:
1623 605 1762 650 Quis
1803 615 1996 659 parma

296 690 452 732 tueri
498 691 592 733 scil.
624 692 788 746 possit,
831 703 931 733 seu
969 689 1177 732 dextra
1221 690 1368 731 velit
1409 702 1508 732 seu
1549 689 1735 741 laeva,
1777 685 1886 731 h.e.
1918 699 1998 728 seu

298 773 494 818 dextram
526 788 605 819 seu
642 776 807 819 laevam
849 779 1044 832 partem3
1086 787 1227 829 neque
1261 780 1404 817 tamen
1435 774 1639 817 omissum
1669 778 1736 816 est
1764 771 2000 815 snbstanti-

299 871 398 902 vum
441 858 616 904 latera,
661 863 711 901 ut
749 862 895 901 monet
937 858 1068 901 etiam
1109 858 1540 910 Wunnssnmcn1us3
1591 870 1696 899 cave
1734 856 1863 898 etiam
1903 867 2002 896 cum

301 942 480 984 Bacmo
511 941 697 984 hostium
727 941 950 994 dextram,
984 941 1150 983 laevam
1183 945 1350 996 partem
1380 940 1611 993 intelligas,
1672 936 1910 992 Sequentia
1939 936 2003 979 sic

303 1025 460 1079 iunge:
504 1025 641 1068 Sive
674 1023 774 1068 hac
812 1025 936 1067 sive
976 1025 1116 1066 illac
1146 1024 1303 1067 venit
1332 1022 1569 1078 grandis
1605 1019 1803 1064 hastae
1835 1021 2006 1074 impe-

304 1111 397 1149 tus
437 1107 700 1162 amplior.
759 1105 951 1150 Verbum
993 1103 1183 1161 amplior
1225 1105 1356 1158 vulgo
1397 1118 1461 1160 pr.
1502 1104 1672 1159 potior,
1719 1103 2007 1159 praestantior

304 1189 524 1244 accipiunt
565 1194 610 1232 et
650 1202 749 1232 cum
790 1188 911 1230 tueri
952 1193 1231 1242 construunt,
1277 1187 1394 1242 quod
1438 1186 1558 1230 vides
1598 1187 1692 1229 fieri
1735 1198 1820 1228 non
1862 1198 2007 1241 posse·

308 1271 485 1326 Optime
522 1271 658 1326 igitur
691 1271 1012 1313 Lacmumms
1051 1270 1443 1324 interpunctionem
1482 1269 1676 1312 mutavit.
1749 1268 1889 1311 Hasta
1926 1268 2012 1310 alia

310 1354 502 1396 velitaris
541 1358 608 1396 est
653 1359 699 1397 et
739 1355 868 1405 levis,
919 1355 1004 1397 alia
1043 1354 1219 1409 grandis
1262 1359 1308 1396 et
1346 1355 1504 1408 gravis.
1577 1351 1785 1409 Amplior·
1824 1351 2013 1407 impetus

311 1443 455 1481 autem
491 1438 630 1481 dictus
658 1444 707 1481 ut
737 1438 853 1482 vires
884 1438 1059 1495 amplae
1089 1438 1298 1482 Lucluz'r.
1324 1438 1379 1492 V,
1407 1441 1540 1482 1173.
1572 1442 1618 1480 et
1643 1436 1740 1478 irae
1779 1434 2015 1492 ampliores

314 1522 530 1567 Trfflsswr.
561 1522 725 1576 Hecyr.
756 1521 847 1575 111,
882 1525 932 1575 1,
964 1524 1008 1564 9.
1082 1522 1238 1564 Sermo
1271 1525 1338 1563 est
1368 1520 1423 1563 de
1457 1521 1564 1563 levis
1594 1524 1836 1562 armaturae
1866 1518 2017 1562 militi-

316 1605 422 1658 bus,
469 1607 620 1660 quales
663 1611 754 1648 tum
799 1606 1083 1659 iaculatores,
1133 1606 1374 1660 sagittarii,
1418 1604 1684 1658 funditores,
1735 1615 2018 1647 memorarem

318 1690 456 1744 primo
502 1689 600 1732 loco
643 1691 822 1743 velites,
873 1689 955 1732 nisi
993 1688 1037 1731 hi
1080 1689 1161 1732 sub
1200 1691 1330 1732 finem
1370 1689 1533 1731 liberae
1572 1687 1836 1744 reipublicae
1869 1685 2022 1729 aboliti

319 1772 590 1825 viderentur,
635 1777 682 1815 et
722 1772 851 1815 docet
882 1785 963 1815 nos
1002 1777 1133 1829 poeta
1173 1773 1237 1816 sic
1277 1771 1356 1815 hos
1394 1771 1611 1815 exercitos
1644 1783 1765 1824 esse,
1808 1774 1858 1813 ut
1891 1770 2022 1813 etiam

319 1853 524 1897 adversus
563 1855 774 1908 gravioris
815 1853 965 1898 hastae
1005 1856 1091 1899 vim
1130 1868 1280 1911 parma
1320 1867 1369 1897 se
1407 1854 1520 1896 tueri
1561 1853 1735 1896 scirent.
1764 1875 1826 1886 --
1900 1853 2024 1896 sive

321 1938 504 1991 venit,
550 1939 806 1982 indicativus
845 1953 900 1982 ne
939 1941 1052 1983 male
1094 1944 1138 1982 te
1179 1938 1360 1993 habeat,
1411 1939 1516 1981 licet
1556 1938 1696 1981 oratio
1739 1937 1914 1992 obliqua
1951 1937 2023 1980 sit.

324 2019 631 2062 Coniunctivus
666 2023 982 2075 requireretur,
1026 2023 1062 2063 si
1096 2020 1202 2064 haec
1232 2034 1319 2064 non
1354 2025 1533 2076 possent
1567 2034 1653 2063 non
1683 2033 1740 2064 ex
1770 2020 2024 2063 certantium

326 2107 470 2145 mente
501 2103 616 2145 dicta
647 2116 770 2155 esse3
800 2116 912 2146 nunc
941 2108 1087 2146 autem
1113 2117 1168 2145 ex
1199 2116 1276 2146 sua
1304 2108 1447 2145 mente
1478 2102 1598 2145 addit
1630 2116 1723 2147 rem
1756 2108 1907 2159 poeta,
1939 2117 2026 2158 quo

328 2185 547 2228 intellecto
588 2186 753 2228 videbis
796 2198 882 2228 nou
916 2186 1053 2228 solum
1090 2185 1433 2238 coniunctivum‚
1477 2185 1555 2227 sed
1591 2186 1721 2228 etiam
1754 2185 2029 2228 indicativum

329 2268 470 2309 locum
501 2266 660 2310 habere
691 2269 931 2311 commode.
960 2291 1019 2301 -
1081 2269 1334 2322 signata,
1375 2269 1509 2322 signis
1539 2268 1754 2313 distincta.
1778 2293 1840 2302 —
1899 2271 1953 2313 V.
1973 2273 2032 2311 98

329 2363 422 2405 sqq.
484 2351 551 2393 De
593 2352 771 2394 tactices
811 2350 994 2395 scientia
1036 2353 1139 2406 agit.
1171 2375 1231 2385 -—
1293 2360 1519 2408 parent,
1563 2352 1790 2407 parabunt.
1850 2351 2035 2395 Videtur

331 2434 464 2487 igitur
505 2436 739 2478 venient
782 2449 957 2489 verum,
1005 2438 1132 2479 etiam
1168 2437 1464 2479 meuNNo
1506 2435 1664 2479 iudice.
1726 2435 1939 2477 Convenit
1973 2434 2036 2476 sic

332 2516 494 2571 optime
529 2518 851 2560 constructione
891 2531 988 2560 cum
1029 2517 1158 2562 desit.
1189 2541 1246 2551 --
1308 2517 1350 2560 N
1364 2531 1432 2559 on
1472 2518 1579 2560 tibi
1620 2517 1774 2560 desit
1816 2530 2035 2573 compo-

332 2612 496 2653 nere,
540 2614 625 2644 non
655 2602 731 2644 tibi
764 2603 876 2645 desit
909 2604 1086 2659 peritia,
1128 2604 1263 2655 scias,
1304 2603 1467 2657 possis3
1511 2603 1657 2644 datum
1690 2602 1767 2644 tibi
1802 2607 1850 2646 ut
1885 2603 2037 2656 possis.

334 2683 619 2727 Locutionem
648 2686 875 2728 illustravit
902 2686 1127 2728 Hssmsms
1158 2687 1212 2728 ad
1244 2687 1322 2729 Sil.
1348 2686 1445 2730 ltal.
1471 2687 1566 2739 Vll,
1596 2690 1684 2729 497
1698 2702 1709 2728 ε
1739 2689 1929 2728 Poscere
1960 2701 2039 2728 nec

335 2768 482 2807 Poeno
506 2781 701 2822 pravum
732 2781 787 2808 ac
817 2767 990 2808 nutrire
1012 2767 1222 2825 furorem
1251 2770 1422 2808 Deerat
1459 2772 1635 2810 notante
1667 2768 1932 2823 Huscmsso,
1963 2769 2037 2824 qui

339 2855 563 2905 praeterea
607 2852 751 2894 laudat
782 2853 1109 2897 RUanssmtm
1151 2853 1204 2894 ad
1246 2853 1384 2896 Rutil.
1417 2854 1530 2908 Lup.
1564 2867 1664 2909 pag.
1684 2856 1782 2895 132.
1817 2858 1861 2895 et
1892 2853 2036 2896 Conw.

337 2931 392 2973 ad
421 2933 597 2975 Sallust.
622 2933 815 2987 Iugurth.
847 2937 1144 2986 c.110,3.-
1194 2935 1398 2978 faciem
1430 2949 1771 2991 componere
1804 2949 2043 2991 pugnae,

338 3015 447 3057 aciei
477 3016 657 3057 formam
689 3017 877 3070 fingere,
920 3018 1157 3060 exercitum
1190 3018 1414 3072 ordinare,
1461 3033 1719 3074 componere
1751 3019 1804 3061 ad
1839 3033 2041 3076 pugnam.

339 3100 578 3153 Distinguit
607 3104 750 3141 autem
782 3099 825 3141 in
857 3101 1160 3154 sequentibus,
1195 3107 1398 3156 quantum
1431 3103 1605 3156 quidem
1634 3103 1903 3157 intelligitur,
1936 3103 2042 3145 duas

340 3182 513 3223 omnino
557 3183 770 3235 rationes,
817 3183 953 3224 aciem
996 3184 1243 3225 continuam
1289 3189 1334 3226 et
1377 3182 1636 3239 bipartitam.
1669 3207 1728 3214 —
1800 3184 2045 3238 quadra-

343 3269 452 3307 tum
498 3277 698 3318 agmen
744 3264 916 3319 proprie
963 3269 1029 3305 est
1073 3265 1338 3320 compositus
1378 3266 1431 3308 ad
1476 3279 1662 3322 pugnam
1703 3265 1920 3307 exercitus
1962 3266 2044 3307 iter

340 3347 502 3389 faciens
539 3345 639 3397 (cler
666 3345 853 3389 Marsa-lc
884 3345 931 3388 ia
955 3347 1426 3408 Sclalaclztordnuug)‚
1462 3359 1507 3393 ut
1540 3351 1694 3393 dicitur
1724 3351 1812 3403 ire,
1844 3349 2044 3393 incedere
