2158 3750
689 245 872 298 LlssR.
910 246 976 297 11.
1049 242 1250 295 ELEG.
1286 243 1355 295 v.
1767 206 1867 292 ἐπ

167 395 296 439 etiam
328 394 536 450 originem
566 391 738 436 fabulae
778 390 833 435 de
870 391 1060 435 sortibus
1089 390 1171 447 ipsi
1203 389 1377 434 Aeneae
1407 386 1519 432 datis
1548 397 1574 430 a
1605 382 1773 439 Sibylla
1802 386 1868 428 vi·-

166 481 258 523 des.
320 480 410 524 Sed
436 477 759 534 Gergithiorum
787 490 887 534 pars
910 478 953 520 in
976 490 1083 532 agro
1109 476 1302 530 Cymaeo
1328 472 1520 517 Aeolidis
1545 469 1779 521 habitabat,
1810 467 1867 510 cf.

165 564 349 606 Arnim.
381 562 457 614 v1,
486 564 618 614 256„
647 565 827 615 eratque
856 560 987 603 etiam
1022 559 1090 603 hic
1119 559 1330 615 templum
1357 555 1593 613 Apollinis,
1643 552 1698 598 cf.
1728 552 1866 597 Pmn.

162 643 369 696 XXXIV,
400 646 471 695 8.,
514 654 648 697 quare
690 653 789 684 cum
830 640 904 683 illa
951 641 1124 682 oracula
1166 640 1229 682 sic
1271 640 1438 694 Cymen
1482 643 1526 681 et
1567 637 1622 680 ad
1652 635 1867 690 Cymaeos

164 730 406 782 venissent,
449 727 504 770 ab
546 726 613 770 his
652 726 740 769 alio
780 730 976 781 tempore
1007 723 1155 767 delata
1185 728 1286 767 sunt
1318 724 1374 767 ad
1404 727 1615 779 cognatos
1649 721 1866 764 Cumanos

163 812 204 854 in
237 812 376 854 Italia.
437 809 524 852 Hic
549 809 594 852 in
623 809 729 863 iugo
759 807 917 863 montis
946 806 1154 862 templum
1187 806 1397 862 Apollinis
1423 806 1566 848 stabat
1592 809 1637 848 et
1665 802 1864 846 subiace-

164 896 240 937 bat
270 899 438 936 antrum
469 891 690 946 Sibyllae,
734 888 790 932 cf.
823 889 983 933 Ham.
1013 887 1199 931 Excurs.
1233 888 1311 930 111.
1353 886 1410 930 ad
1450 887 1606 942 Virgil.
1650 887 1756 928 Aen.
1787 883 1864 928 vl.

162 983 294 1031 atque
325 976 455 1020 etiam
487 975 658 1017 Aeneas
687 970 773 1016 huc
803 971 1026 1015 ferebatur
1055 969 1299 1028 appulisse,
1341 969 1526 1013 docente
1558 968 1775 1023 Hermo,
1818 970 1866 1009 ut

159 1060 284 1102 facile
326 1059 550 1116 agnoscasj
587 1068 748 1100 nexum
801 1054 1050 1100 historicum
1103 1067 1272 1108 rerum,
1319 1054 1572 1108 fabulasque
1617 1052 1671 1095 de
1714 1054 1861 1096 Aenea

156 1154 254 1184 cum
295 1141 520 1195 Sibyllinis
563 1139 758 1184 versibus
802 1140 951 1183 videas
997 1140 1041 1183 in
1080 1139 1251 1182 Italiam
1296 1139 1522 1192 migrasse.
1585 1137 1733 1180 Cumis
1763 1138 1860 1179 Ro-

156 1239 268 1269 mam
301 1226 507 1268 translata
549 1237 648 1278 res,
691 1225 766 1268 ubi
812 1237 912 1268 cum
953 1237 1165 1268 summam
1211 1223 1516 1266 auctoritatem
1560 1222 1673 1264 nacti
1718 1224 1864 1263 essent

156 1308 254 1351 libri
295 1307 522 1363 Sibyllini,
581 1319 694 1362 quae
736 1306 792 1350 de
840 1307 1034 1364 potentia
1083 1306 1382 1350 Aeneadarum
1427 1305 1483 1348 ad
1528 1305 1861 1360 Hellespontum

155 1395 328 1433 cantata
358 1393 504 1443 erant,
533 1388 589 1432 ad
620 1388 739 1432 urbis
769 1390 954 1445 gloriam
983 1394 1186 1435 revocata
1216 1393 1330 1432 suut.
1394 1388 1610 1431 Debemus
1640 1386 1747 1429 hauc
1780 1399 1860 1428 ex-

155 1473 432 1530 plicationem
462 1483 609 1515 rerum
638 1471 902 1526 Μῦιιιςιο,
927 1473 1068 1521 ¹culus
1099 1476 1244 1515 exstat
1279 1472 1502 1528 praeclara
1537 1471 1771 1527 disputatIo
1803 1469 1858 1512 de

156 1554 222 1598 his
264 1556 308 1598 iu
351 1554 501 1598 Diade
548 1553 743 1619 Classico
788 1554 889 1597 Vol.
931 1551 1095 1598 XXVI.
1144 1553 1375 1609 inscripta:
1447 1555 1620 1594 Causae
1662 1548 1859 1608 fabulae

156 1638 208 1679 de
250 1639 430 1680 Aeneae
469 1636 518 1679 in
559 1636 752 1678 Italiam
792 1631 1007 1679 adventu.
1067 1636 1128 1679 Et
1169 1636 1266 1680 vide
1308 1636 1488 1680 eundem
1531 1637 1643 1679 Hist.
1689 1637 1791 1678 Dor.
1825 1635 1860 1687 1,

156 1739 197 1779 p.
229 1725 334 1766 222.
364 1744 423 1756 —
471 1720 687 1770 Abdita
716 1733 862 1777 quae
892 1721 1045 1764 senis
1087 1720 1205 1763 fata
1246 1721 1401 1764 canit
1444 1720 1715 1777 pedibus,
1747 1718 1787 1761 h.
1821 1734 1858 1762 e.

154 1806 327 1849 condita
359 1804 875 1859 hexametris‘versibus3
906 1819 1079 1848 arcana
1098 1805 1219 1864 fata
1250 1804 1374 1847 dicta
1401 1820 1521 1847 meae
1549 1803 1679 1863 genti
1707 1805 1860 1861 appel-

153 1891 215 1932 lat
247 1890 416 1932 Aeneas
446 1889 587 1931 Vmc..
621 1887 730 1931 Aen.
762 1887 838 1942 v1,
869 1891 942 1930 72.
1004 1887 1071 1930 De
1113 1887 1233 1930 libris
1263 1887 1488 1941 Sibyllinis
1519 1887 1610 1930 noti
1642 1887 1727 1930 loci
1758 1891 1858 1929 sunt

151 1974 346 2016 Dronrs.
376 1972 454 2027 lv,
485 1975 558 2016 62.
590 1972 830 2016 Lacus-r.
863 1972 1006 2016 Instit.
1038 1973 1073 2026 1,
1104 1976 1145 2015 6.
1187 1974 1324 2017 an.
1357 1971 1472 2014 Hist.
1506 1971 1607 2014 Nat.
1630 1971 1755 2026 XIII,
1783 1975 1857 2014 13.

149 2056 302 2099 Gann-
336 2054 392 2098 N.
424 2055 514 2099 Att.
545 2054 582 2108 1,
617 2057 689 2098 19.
719 2053 886 2097 ΤΑσιτ.
919 2054 1027 2097 Anu.
1060 2054 1138 2107 VI,
1171 2056 1242 2096 12.
1306 2054 1418 2097 Cum
1447 2053 1711 2108 antiquiores
1741 2052 1858 2095 bello

147 2138 340 2182 Marsico
366 2150 466 2182 cum
497 2136 716 2194 Capitolio
746 2136 926 2180 cremati
958 2138 1129 2190 esseut,
1168 2139 1346 2178 senatus
1376 2148 1474 2178 anu.
1506 2138 1609 2179 677.
1641 2135 1726 2178 alia
1758 2147 1855 2178 car-

25 2253 29 2275 J
74 2219 79 2222 ’
148 2223 264 2266 mina
301 2221 498 2277 conquiri
541 2219 668 2264 iussit
709 2232 807 2264 cum
849 2219 945 2262 aliis
986 2219 1030 2262 in
1073 2219 1280 2274 urbibus,
1326 2224 1418 2263 tum
1453 2218 1654 2274 Erythris
1692 2219 1855 2273 Ioniae,

149 2320 262 2363 quae
291 2306 474 2363 primum
504 2305 547 2347 in
579 2303 797 2361 Capitolio
827 2304 1021 2360 reposita
1051 2307 1152 2346 sunt
1195 2307 1244 2346 ut
1275 2303 1446 2359 priora,
1490 2303 1647 2346 deinde
1677 2302 1733 2345 ab
1764 2302 1854 2345 Au-

150 2395 279 2447 gusto
319 2390 363 2432 in
392 2389 636 2432 Palatinum
676 2388 884 2444 templum
927 2388 1149 2432 translata.
1211 2388 1336 2432 Haec
1368 2387 1629 2432 hexametris
1664 2388 1856 2432 versibus

149 2474 311 2530 scripta
341 2455 475 2516 fuisse
505 2472 706 2516 Tibullus
738 2471 868 2516 docet
900 2478 945 2516 et
989 2473 1163 2516 aliunde
1207 2478 1407 2527 constat,
1450 2473 1537 2523 sed,
1571 2474 1699 2516 etiam
1741 2473 1853 2515 anti-

149 2555 300 2610 quiora
331 2553 443 2598 haud
487 2553 618 2598 dubie
650 2552 844 2598 eiusdem
879 2555 1004 2598 metri
1049 2560 1184 2599 erant.
1250 2557 1437 2599 Omnino
1469 2555 1670 2599 Tibullus
1701 2555 1854 2598 discri-

147 2650 247 2682 men
276 2650 361 2680 non
390 2636 494 2680 facit
528 2642 576 2680 ut
608 2636 754 2691 vides3
785 2643 852 2682 est
879 2639 1031 2683 eadem
1063 2641 1232 2695 Sibylla
1262 2646 1306 2683 et
1339 2641 1528 2697 priorum
1560 2644 1605 2684 et
1636 2641 1851 2696 posterlo-

148 2733 243 2765 rum
279 2720 487 2764 librorum
519 2724 697 2775 auctor,
741 2721 953 2776 siquidem
982 2736 1093 2778 quae
1134 2735 1410 2779 nunquam
1451 2731 1520 2765 est
1563 2722 1851 2766 frustrata

146 2803 460 2858 Romanos,
491 2801 597 2848 haec
620 2804 855 2851 etiamnum
878 2807 932 2850 iis
956 2809 1071 2852 canit
1096 2822 1174 2866 per
1198 2821 1347 2851 versus
1366 2821 1483 2852 suos.
1547 2807 1677 2850 Cuias
1704 2814 1849 2850 autem

148 2884 255 2929 haec
296 2885 498 2929 credita?
557 2885 765 2932 Cumana.
829 2889 1024 2934 Cumana
1072 2904 1175 2934 vero
1222 2891 1354 2945 vulgo
1402 2889 1581 2932 oriunda
1630 2887 1851 2931 ferebatur

142 2966 361 3022 Erythris,
392 2968 493 3012 licet
522 2981 626 3013 vera
639 2969 763 3017 ,tatio
791 2983 934 3015 rerum
964 2972 1046 3015 alia
1077 2972 1245 3026 fuisset,
1276 2978 1324 3015 ut
1355 2971 1551 3014 vidimus.
1615 2969 1703 3013 Sed
1737 2982 1848 3012 nunc

146 3049 203 3093 de
231 3049 434 3107 opinione
465 3049 584 3106 vulgi
611 3051 795 3107 agimuS,
826 3066 882 3096 ex
912 3067 996 3109 qua
1027 3060 1193 3098 certum
1227 3054 1463 3097 Cumanam
1498 3066 1576 3110 pro
1607 3051 1849 3107 Erythraea

146 3130 361 3187 habitam,
408 3147 506 3178 cum
549 3134 749 3190 Erythris
791 3139 1008 3193 quondam
1054 3141 1268 3184 maximae
1313 3140 1582 3184 auctoritatis
1626 3139 1847 3182 oraculum

146 3214 324 3270 suisset,
367 3215 421 3258 cf.
455 3217 598 3261 Snuv.
628 3218 684 3261 ad
714 3219 836 3276 virg.
871 3222 977 3266 Aen.
1014 3224 1088 3277 vl,
1118 3227 1191 3267 36.
1225 3229 1269 3267 et
1300 3227 1405 3267 321.
1440 3229 1484 3267 et
1516 3225 1638 3266 locus
1669 3222 1723 3265 de
1756 3223 1846 3265 Ad-

147 3297 299 3343 mirab.
337 3300 622 3343 Ammo-ram
668 3300 797 3346 tribui
836 3303 976 3347 solitis
1016 3318 1053 3348 c.
1082 3310 1158 3349 97.
1214 3307 1412 3350 Surus.
1445 3306 1700 3349 Exercitatt.
1733 3305 1844 3347 Plin.

151 3398 190 3438 p.
219 3386 277 3425 52
307 3398 400 3439 sqq.
437 3384 549 3429 unde
582 3386 712 3431 etiam
745 3393 918 3432 senatus
952 3390 1140 3435 maxime
1169 3388 1369 3446 Erythris
1402 3390 1547 3446 colligi
1582 3400 1729 3432 versus
1761 3388 1848 3429 ius-
