2158 3750
659 219 966 279 TIBULLI
1022 220 1163 280 LIB.
1198 222 1241 279 1.
1280 231 1348 279 10.
1781 227 1862 285 37

223 375 386 434 Hanc
424 397 571 457 pura
617 398 746 435 cum
789 390 938 435 veste
981 398 1188 459 sequar
1225 339 1524 462 myrtoque
1571 378 1816 438 canistra

300 483 502 544 Vincta
548 506 772 565 geram,
826 498 1014 569 myrto
1058 485 1278 545 vinctus
1325 499 1379 544 et
1421 484 1542 567 ipse
1587 502 1772 568 caput.

213 591 308 651 Sic
358 591 613 674 placeam
654 590 842 651 vobis:
902 590 1046 651 alius
1091 592 1164 652 sit
1202 593 1365 653 fortis
1409 593 1468 652 in
1516 594 1720 668 armis,

151 713 213 757 30
311 700 539 760 Sternat
581 702 636 758 et
678 698 946 759 adversos
992 699 1178 759 Marte
1223 701 1443 761 favente
1488 701 1690 776 duce5‚

220 809 298 865 Ut
334 806 475 865 mihi
517 805 739 889 potanti
783 805 964 887 possit
1008 828 1111 865 sua
1157 806 1345 866 dicere
1388 808 1537 869 facta

298 913 466 973 Miles
506 927 560 972 et
602 913 663 972 in
700 907 903 973 'mensa
938 913 1175 996 pingere
1223 929 1403 974 castra
1446 939 1619 975 mero,

223 1019 370 1099 Quis
409 1019 573 1079 furor
611 1035 692 1079 est
735 1035 914 1080 atram
958 1019 1123 1080 bellis
1169 1044 1450 1081 arcessere
1496 1024 1776 1082 mortem?

304 1127 568 1188 Imminet
612 1143 664 1205 et
708 1128 878 1188 tacito
922 1126 1064 1188 clam
1111 1128 1262 1188 venit
1306 1127 1400 1189 illa
1445 1129 1606 1211 pede.

150 1235 353 1295 35N0n
392 1260 553 1317 seges
599 1251 684 1296 est
724 1236 905 1309 infra,
949 1260 1066 1296 non
1112 1236 1274 1296 vinea
1312 1235 1489 1310 culta,
1532 1238 1633 1297 sed
1675 1238 1862 1299 audax

302 1344 581 1404 Cerberus
627 1359 680 1404 et
722 1344 954 1430 Stygiae
999 1344 1187 1403 navita
1234 1345 1416 1427 turpis
1465 1369 1675 1428 aquae:

218 1449 339 1510 Illic
377 1451 776 1534 percussisque
815 1451 976 1531 genis
1022 1466 1264 1533 ustoque
1311 1452 1515 1534 capillo

301 1561 471 1620 Errat
510 1559 584 1619 ad
626 1559 902 1619 obscuros
943 1558 1159 1641 pallida
1195 1559 1364 1618 turba
1411 1558 1582 1618 lacus.

213 1669 404 1748 Quam
428 1667 619 1750 potius
655 1666 979 1727 laudandus
1003 1665 1097 1726 hic
1129 1681 1227 1740 est,
1267 1690 1432 1749 quem
1462 1666 1621 1749 prole
1658 1681 1856 1750 parata

148 1790 210 1838 40
308 1779 570 1861 Occupat
610 1777 672 1837 in
715 1800 890 1860 parva
933 1777 1100 1860 pigra
1146 1792 1370 1837 senecta
1415 1780 1571 1837 casa!

221 1890 351 1971 Ipse
391 1911 523 1948 suas
568 1901 815 1947 sectatur
853 1909 1012 1959 oveS‚
1066 1900 1122 1945 at
1162 1884 1312 1945 filius
1353 1909 1562 1965 agnos⁷

296 1998 369 2059 Et
407 1996 652 2059 calidam
694 1995 847 2056 fesso
894 2010 1186 2079 comparat
1229 2019 1374 2055 uxor
1412 2019 1633 2078 aquam.

217 2107 313 2168 Sic
357 2129 463 2188 ego
509 2105 648 2179 sim,
702 2104 977 2188 liceatque
1020 2118 1190 2187 caput
1237 2103 1577 2164 candescere
1624 2104 1811 2177 canis,

298 2214 599 2297 Temporis
646 2228 700 2274 et
743 2213 918 2296 prisci
961 2213 1109 2272 facta
1156 2212 1365 2272 referre
1412 2236 1619 2272 senem.

148 2325 442 2384 45Interea
486 2323 607 2381 Pax
648 2343 781 2380 arva
820 2319 980 2380 colat.
1025 2321 1143 2379 Pax
1189 2319 1436 2379 candida
1477 2321 1726 2401 primum

300 2429 478 2489 Duxit
516 2442 773 2487 araturos
814 2427 922 2486 sub
967 2427 1102 2507 iuga
1145 2426 1343 2509 pm
1383 2427 1583 2499 boves,
1625 2434 1860 2507 {JK-s&

212 2538 328 2596 Pax
374 2535 511 2595 aluit
555 2535 690 2596 vites
730 2550 783 2595 et
825 2559 1026 2595 succos
1073 2534 1330 2594 condidit
1375 2558 1547 2607 uvae,

299 2642 588 2705 Funderet
626 2658 688 2702 ut
730 2657 863 2704 nato
910 2657 1048 2703 testa
1094 2657 1328 2726 paterna
1376 2665 1622 2703 merum:

267 2876 323 2921 V.
336 2879 409 2920 36.
437 2877 626 2920 navita
653 2874 816 2934 puppis
845 2879 914 2922 vel
938 2876 1075 2935 pupis
1106 2878 1226 2931 libri,
1258 2877 1372 2920 unde
1394 2875 1714 2919 Licnmunus
1745 2873 1851 2916 illud

147 2960 354 3016 reposuit.
412 2959 547 3002 hum
584 2960 800 3017 turpis,
842 2960 956 3015 quod
993 2965 1216 3017 receptum
1247 2961 1392 3014 vulgo.
1423 2982 1478 2991 -
1541 2959 1595 3001 V.
1613 2961 1686 3000 37.
1727 2969 1852 3013 per-

147 3043 466 3097 cussisque
514 3042 727 3098 scriptura
770 3044 945 3098 vulgata
992 3043 1210 3085 librorum.
1303 3042 1585 3084 CuncuNth
1634 3039 1852 3081 recentior

143 3124 451 3184 percissisque.
529 3125 756 3168 Hssmsnss
798 3125 1025 3184 exesisque
1069 3125 1324 3169 emendavit.
1401 3125 1592 3168 Vossws
1634 3121 1852 3179 perculsis

146 3209 300 3252 intulit.

270 3309 320 3350 V.
344 3311 413 3350 46.
458 3307 650 3363 panda.
716 3307 799 3350 Alii
836 3307 935 3350 boui
972 3322 1126 3351 curva.
