2158 3750
706 261 885 311 LlBR.
923 261 964 310 I.
1038 260 1238 312 ELEG.
1277 262 1340 311 Π.
1799 265 1858 310 31

171 402 295 444 hodie
327 403 508 457 primum
541 415 637 446 cum
677 404 789 446 laeta
822 417 900 460 spe
930 417 1040 445 nova
1080 404 1222 446 limina
1262 403 1452 455 adierat,
1499 403 1576 446 sed
1607 415 1709 446 ecce
1742 404 1866 446 ianua

170 487 343 528 clausa!
406 489 508 532 Quo
537 500 641 529 casu
673 487 894 541 inopinato
923 486 1140 538 quomodo
1171 491 1429 529 commotum
1462 499 1612 529 censes
1643 498 1765 538 eum,
1795 487 1867 539 qui

169 569 356 611 maximo
397 574 523 612 aestu
565 569 724 612 amoris
763 569 1006 622 flagraret?
1067 569 1271 611 Ostendit
1302 571 1524 626 praeclare
1565 569 1868 613 exordium

173 654 344 707 plenum
374 655 588 697 variorum
619 653 877 695 affectuume
913 653 1006 694 vult
1034 658 1163 707 poeta
1195 655 1295 696 vino
1326 655 1552 711 consopire
1578 652 1771 698 dolorem
1800 654 1867 697 in-

170 742 360 791 gentem,
383 739 461 781 sed
482 742 663 780 conatur
683 735 869 790 frustra3
898 742 1151 779 exsecratur
1174 738 1359 790 ianuam,
1386 751 1539 793 preces
1560 737 1664 781 facit
1688 737 1743 779 ad
1766 750 1869 780 ean-

169 820 293 873 dem,
336 818 419 862 huc
449 819 555 862 illuc'
582 819 742 861 iactato
781 819 1017 873 irrequieto
1055 819 1225 872 animo,
1267 820 1369 862 dum
1400 827 1529 875 urget
1561 820 1774 876 cupiditas
1803 821 1870 864 in·-

169 901 368 942 troeundi
392 901 591 943 maxima.
651 900 934 954 Sequitur
956 899 1196 942 medium
1222 913 1460 943 carmen.
1523 901 1675 945 Rediit
1696 903 1866 957 quidem

165 988 296 1038 poeta
324 983 379 1025 ad
405 996 453 1024 se
477 988 523 1025 et
549 984 734 1030 cessavit
756 983 840 1026 ista
863 980 1239 1026 vehementissima
1261 984 1486 1026 fluctuatio
1510 985 1652 1037 animi,
1682 1000 1762 1030 nec
1783 987 1866 1030 iam

166 1066 311 1123 pergit
335 1066 504 1109 ianuam
537 1067 724 1122 alioqui,
767 1067 846 1111 sed
876 1067 931 1110 ad
961 1068 1131 1112 Deliam
1159 1069 1297 1124 ipsam
1326 1068 1614 1122 convertitur,
1653 1067 1761 1111 hanc
1792 1083 1869 1112 au-

165 1153 252 1192 tem
290 1161 404 1191 nunc
438 1143 638 1192 'omnibus
667 1149 823 1204 quibus
854 1153 1002 1207 potest
1029 1147 1310 1192 hortamentis
1341 1149 1620 1205 aggreditur,
1661 1154 1869 1205 totusque

164 1231 212 1272 iu
237 1243 291 1272 eo
323 1235 412 1283 est,
450 1236 501 1274 ut
537 1233 689 1286 quovis
717 1232 848 1276 modo
878 1233 1065 1275 animum
1097 1237 1141 1274 et
1172 1232 1393 1276 audaciam
1424 1235 1465 1276 ei
1494 1233 1672 1291 inspiret
1701 1234 1756 1277 ad
1788 1235 1869 1277 fal-

166 1315 338 1358 lendum
381 1316 519 1358 virum
559 1322 605 1359 et
643 1317 898 1361 custodiam.
969 1317 1020 1359 In
1051 1331 1137 1372 quo
1176 1330 1290 1360 nunc
1332 1318 1513 1361 observa
1543 1331 1711 1362 mecum
1742 1331 1869 1375 prae-

164 1399 320 1441 claram
352 1401 605 1445 varietatem
639 1405 685 1444 et
715 1401 1014 1456 gradationem
1045 1415 1202 1445 rerum.
1265 1404 1384 1444 Sunt
1414 1408 1507 1444 tres
1530 1409 1706 1458 partes.
1763 1404 1870 1446 Pri-

165 1495 283 1522 mum
315 1482 506 1524 ostendit
534 1476 733 1538 amanter?
748 1484 806 1526 ·in
846 1483 985 1525 tutela
1013 1484 1205 1526 Veneris
1235 1497 1331 1526 esse
1360 1487 1405 1526 et
1435 1484 1490 1526 ab
1521 1497 1573 1527 ea
1603 1485 1795 1529 adiuvari
1827 1491 1872 1529 et

163 1566 336 1621 protegi
367 1567 483 1609 omni
514 1543 678 1620 modo,
708 1566 839 1622 idque
869 1567 1056 1611 ostendit
1087 1568 1320 1611 trifariam:
1362 1567 1491 1611 docet
1522 1567 1602 1610 dea
1632 1573 1747 1612 artes
1778 1569 1873 1613 fur-

164 1647 274 1691 tivas
304 1650 459 1703 quibus
490 1649 640 1692 fallere
673 1651 865 1706 possint,
895 1653 1042 1693 tuetur
1071 1655 1246 1693 euntem
1277 1655 1410 1694 noctu
1442 1663 1520 1707 per
1548 1651 1642 1694 vias
1671 1657 1716 1694 et
1750 1654 1873 1708 punit

165 1731 295 1774 etiam
325 1733 570 1789 proditores
599 1735 805 1788 loquaces
836 1735 1070 1778 furtorum:
1117 1748 1228 1790 quae
1271 1748 1400 1790 quam
1441 1734 1647 1792 graphice
1678 1736 1873 1793 depingit

165 1814 329 1857 omnia!
391 1816 481 1858 Sed
513 1829 599 1858 non
630 1816 696 1859 his
736 1818 841 1860 solis
881 1816 1161 1860 hortamentiS
1205 1817 1406 1861 confidit:
1452 1819 1649 1863 succedit
1678 1821 1871 1864 secundo

164 1894 259 1937 loco
288 1895 556 1953 magicarum
588 1912 731 1941 rerum
763 1899 998 1955 descriptio
1027 1900 1283 1954 magnifica,
1331 1905 1376 1943 et
1407 1900 1608 1944 laudatur
1635 1914 1705 1944 ars
1738 1916 1872 1958 sagae

163 1980 375 2037 stupenda
416 1995 495 2038 per
525 1985 720 2035 coelum,
767 1988 954 2037 terram,
1003 1985 1165 2027 Orcum
1208 1985 1452 2040 pertinens,
1492 1996 1620 2038 quam
1651 1989 1797 2028 narrat
1824 1999 1871 2028 se

162 2063 319 2107 adiisse
351 2069 398 2108 et
427 2078 598 2108 carmen
629 2065 877 2121 accepisse,
915 2065 1030 2121 quod
1062 2066 1099 2110 si
1129 2071 1198 2108 ter
1228 2066 1568 2122 pronuntiaverit
1599 2066 1751 2120 Delia,
1790 2059 1872 2109 ob-

164 2146 388 2188 coecatu'm
418 2146 471 2189 iri
498 2144 686 2190 mentem
717 2148 884 2202 mariti,
917 2145 977 2191 ut'
1001 2162 1082 2191 nec
1110 2149 1254 2191 videat
1286 2148 1519 2203 quidquam
1549 2162 1630 2192 nec
1660 2149 1871 2205 proditori

164 2226 328 2270 credat.
405 2227 513 2270 Erat
559 2227 840 2275 enimfhuius
881 2230 1200 2286 superstitionis
1242 2230 1356 2286 apud
1401 2233 1562 2274 multos
1591 2236 1684 2275 tum
1715 2245 1872 2287 magna

165 2308 242 2360 vis,
275 2309 570 2364 imprimisque
597 2294 924 2367 affinitas,
956 2323 1136 2365 quarum
1169 2313 1336 2354 animus
1367 2318 1520 2356 natura
1550 2313 1606 2356 ad
1636 2315 1740 2356 talia
1768 2328 1871 2370 pro-

165 2389 354 2442 pensior.
416 2388 653 2431 Considera
678 2380 1070 2444 mter-tiam
1089 2395 1267 2445 partem
1291 2403 1449 2432 rerum.
1513 2391 1715 2433 Ostendit
1742 2396 1872 2447 poeta

167 2482 295 2525 opem
327 2470 508 2513 Veneris
548 2475 596 2513 et
634 2455 792 2514 obtulit
821 2470 950 2513 etiam
983 2452 1198 2525 magicum
1240 2483 1438 2524 carmen,
1484 2472 1560 2514 sed
1593 2473 1689 2527 quis
1720 2473 1868 2515 credat

169 2567 264 2596 eum
296 2556 437 2598 omnia
466 2553 736 2596 hortamenta
765 2552 1038 2607 exhausisse,
1071 2555 1107 2595 si
1136 2555 1353 2596 omisisset
1383 2567 1470 2609 quo
1501 2553 1603 2596 nihil
1636 2555 1676 2597 in
1711 2553 1789 2597 hac
1822 2567 1868 2597 re

166 2637 408 2691 potentius,
450 2636 552 2679 nihil
594 2637 734 2691 magis
773 2638 1062 2680 necessarium
1107 2639 1149 2679 in
1189 2639 1265 2679 tali
1307 2638 1533 2680 carmine?
1594 2637 1706 2681 Vide
1736 2639 1869 2692 igitur

165 2733 293 2773 quam
332 2721 440 2763 scite
482 2734 594 2763 nunc
636 2721 766 2763 etiam
807 2723 964 2764 amoris
1005 2722 1072 2763 sui
1115 2721 1454 2776 magnitudinem
1498 2724 1543 2762 et
1586 2721 1869 2762 constantiam

165 2802 454 2855 demonstret,
502 2808 551 2845 ut
581 2803 725 2845 rivalis
756 2816 893 2859 nuper
930 2805 973 2845 in
1017 2803 1177 2846 bellum
1219 2803 1404 2859 profecti
1436 2802 1623 2854 levitati,
1666 2801 1870 2857 praedam

166 2889 210 2924 et
251 2884 432 2925 vestium
474 2889 670 2927 ornatum
711 2889 756 2926 et
796 2884 978 2938 gloriam
1021 2884 1332 2941 praeferentis,
1378 2897 1476 2926 cum
1509 2884 1674 2926 Deliam
1707 2883 1865 2927 habere

166 2971 328 3021 posset,
359 2971 548 3022 opponat
578 2979 680 3008 suos
711 2979 876 3019 sensus,
907 2981 1027 3010 suam
1058 2968 1187 3010 fidem
1218 2971 1264 3010 et
1294 2968 1593 3020 constantiam,
1631 2967 1703 3022 qui
1739 2981 1869 3021 sagae

165 3048 331 3090 artibus
372 3049 533 3091 restitit
573 3049 742 3091 solvere
781 3061 974 3092 amorem
1017 3053 1213 3106 paranti,
1260 3053 1334 3106 qui
1365 3052 1419 3093 ad
1460 3057 1650 3094 aratrum
1683 3057 1726 3094 et
1758 3054 1870 3094 inter

165 3143 325 3184 greges
356 3131 460 3172 solis
490 3131 533 3172 in
563 3130 781 3173 montibus
814 3131 926 3173 laete
963 3130 1097 3186 deget
1125 3146 1223 3176 cum
1262 3134 1386 3176 Delia
1417 3139 1461 3175 et
1492 3134 1534 3175 in
1574 3134 1666 3176 eius
1699 3135 1868 3177 lacertis

165 3215 336 3256 mollem
369 3227 564 3257 somnum
596 3213 773 3257 habebit
802 3215 845 3258 in
877 3215 984 3259 dura
1014 3216 1168 3271 humo,
1209 3219 1283 3272 qui
1315 3217 1502 3271 denique
1534 3218 1664 3259 etiam
1695 3217 1867 3272 templis

166 3296 349 3351 supplex
390 3291 674 3350 procumbere
711 3302 756 3338 et
792 3297 975 3349 genibus
1013 3303 1170 3340 terram
1208 3312 1440 3354 perrepere
1477 3306 1652 3354 paratus
1691 3304 1785 3351 est,
1832 3299 1866 3340 si

167 3380 446 3423 adversentur
482 3380 539 3422 dii
574 3386 618 3421 et
647 3380 850 3422 meruerit
882 3381 1065 3434 aliquid,
1106 3383 1267 3424 nullum
1300 3382 1557 3437 supplicium
1591 3386 1865 3423 recusaturus
