2158 3750
323 308 425 360 324
719 301 1187 358 COMMENTAR.
1226 301 1301 354 IN
1339 300 1628 354 TIBULLI

320 450 521 496 ostendit.
596 449 786 491 Ferreus
817 452 911 500 est,
948 447 1113 501 inquit,
1145 447 1219 500 qui
1253 445 1416 501 primus
1449 445 1638 500 puellam
1668 444 1811 487 iuveni
1846 445 2019 501 eripuit,
2054 458 2068 463 “

319 534 452 576 durus
483 533 643 584 etiam,
691 522 764 585 qui
807 535 976 572 tantum
1009 530 1206 572 dolorem
1250 530 1365 571 ferre
1410 529 1552 584 potuit
1597 533 1642 570 et
1681 528 1830 570 vivere
1867 534 2018 585 erepta

319 619 519 671 coniuge.
583 616 684 671 Ego
728 629 813 658 non
856 616 1051 657 sustineo
1096 613 1205 668 hoc,
1249 627 1330 657 nec
1376 613 1515 669 pudor
1546 618 1614 661 est
1656 611 1785 654 fateri
1830 613 2020 655 taedium

315 701 442 744 vitae.
505 698 596 740 Iam
632 702 763 752 post
794 695 908 738 hunc
938 696 1254 738 introitum
1288 695 1472 750 exponit
1500 692 1748 748 singulatim
1775 707 1853 749 per
1874 700 2020 749 partes

316 785 455 837 iusta,
486 796 600 837 quae
631 782 823 838 persolvi
855 781 940 823 sibi
972 781 1079 823 velit
1110 785 1284 822 mortuo
1311 780 1366 822 ab
1396 783 1539 822 amata
1575 783 1619 821 et
1650 784 1789 821 matre
1821 779 1938 831 eius,
1976 783 2021 822 et

315 866 358 908 in
402 865 524 907 fine
568 865 699 907 etiam
730 863 906 904 titulum
938 862 1100 917 imponi
1144 861 1278 916 lapidi
1309 861 1432 902 iubet
1464 874 1639 903 causam
1672 861 1840 903 tristem
1871 861 2022 903 mortis

310 946 589 990 indicantem.
652 946 788 990 Vides
819 950 1142 1000 argumentum.
1203 943 1287 986 Est
1327 945 1464 999 igitur
1503 944 1831 987 fundamentum
1861 946 2020 987 carmi-

310 1032 375 1074 nis
406 1031 634 1072 consilium
665 1030 895 1073 moriendi.
969 1029 1254 1070 Discessurus
1285 1033 1434 1071 autem
1465 1041 1491 1070 e
1521 1029 1607 1071 vita
1640 1028 1816 1071 mandat
1845 1029 2018 1084 puellae

309 1115 552 1157 etiamnunc
582 1126 710 1155 carae
741 1113 891 1154 ultima
922 1116 1023 1154 vota
1055 1124 1148 1164 sua,
1185 1116 1235 1152 ut
1269 1110 1392 1153 cuius
1425 1112 1631 1165 coniugio
1661 1112 1784 1154 vivus
1815 1110 1899 1153 frui
1929 1124 2015 1153 nou

310 1200 476 1255 potuit,
525 1211 577 1240 ea
609 1202 781 1239 mortuo
826 1197 981 1237 saltem
1024 1196 1190 1237 luctum
1225 1195 1490 1248 ultimosque
1522 1192 1709 1236 honores
1740 1207 1794 1236 ne
1825 1199 2011 1237 recuset.

307 1281 408 1324 Hoc
440 1293 518 1337 per
548 1293 596 1323 se
627 1291 754 1322 nemo
787 1277 1102 1333 reprehendat:
1149 1284 1243 1320 erat
1285 1291 1371 1319 non
1414 1277 1637 1319 minimum
1680 1278 1882 1320 solatium
1914 1292 2013 1321 mo-

308 1367 454 1410 rituris
489 1371 609 1408 certa
651 1365 904 1406 ultimorum
940 1363 1154 1406 bonorum
1195 1361 1496 1416 exspectatio,
1542 1365 1586 1403 et
1628 1361 1803 1404 suerunt
1843 1363 1931 1404 cari
1971 1361 2015 1405 hi

306 1451 413 1492 ritus
454 1448 654 1491 sensibus
694 1451 923 1499 veterum,
967 1460 993 1488 a
1027 1445 1280 1502 propinquis
1313 1448 1358 1486 et
1388 1444 1634 1487 amantibus
1665 1444 1890 1501 praestiti;
1936 1444 2015 1488 sed

304 1532 558 1586 Lygdamus
591 1531 735 1573 omnia
769 1543 975 1572 enarrans
1019 1533 1064 1571 et
1107 1527 1210 1570 nihil
1258 1529 1526 1583 praeteriens
1558 1528 1735 1571 modum
1767 1529 1941 1572 excedit
1968 1529 2012 1572 in

305 1616 622 1672 descriptione,
656 1619 703 1656 ut
734 1613 917 1657 videbis.
990 1614 1132 1656 Porro
1163 1613 1218 1655 de
1250 1613 1374 1655 exitu
1407 1611 1665 1664 dicendum,
1698 1613 1773 1666 qui
1805 1612 1935 1655 etiam
1965 1613 2011 1656 in

303 1698 385 1741 hoc
422 1698 613 1740 carmine
655 1697 891 1739 indirectus
925 1700 1020 1747 est,
1067 1699 1116 1736 ut
1147 1694 1190 1735 in
1223 1693 1528 1736 antecedente.
1604 1692 1716 1736 Nam
1749 1707 1848 1736 cum
1879 1694 2012 1736 moris

305 1786 423 1824 esset
462 1781 578 1836 apud
618 1786 816 1833 veteres,
866 1785 914 1821 ut
956 1781 1108 1822 mortis
1141 1792 1272 1822 causa
1315 1779 1450 1834 lapidi
1479 1779 1792 1821 inscriberetur
1823 1779 1877 1821 ad
1909 1779 2009 1833 glo—-

302 1865 410 1907 riam
457 1868 533 1906 aut
581 1864 932 1915 miserationem,
980 1861 1234 1915 Lygdamus
1267 1866 1503 1916 postremo
1554 1861 1684 1903 etiam
1730 1860 1785 1903 de
1833 1859 1914 1904 hac
1959 1872 2008 1903 re

303 1947 530 2002 praecipit.
593 1946 700 1988 Vult
731 1946 868 1998 igitur
900 1944 1070 1985 titulum
1106 1944 1205 1998 poni
1233 1943 1275 1984 in
1309 1943 1452 1985 fronte
1488 1943 1733 1998 frequenti,
1765 1943 1838 1986 ubi
1867 1943 2008 1986 bomi-

301 2041 403 2070 num
445 2029 528 2070 iter
574 2033 618 2071 et
659 2028 892 2079 transitus,
939 2025 1092 2067 credas
1141 2029 1189 2066 ut
1235 2024 1309 2078 qui
1353 2025 1474 2066 vivus
1517 2026 1729 2068 maximas
1779 2037 2007 2067 aerumnas

299 2112 458 2155 amoris
490 2125 643 2167 passus
673 2112 756 2164 sit,
789 2114 890 2166 post
921 2114 1106 2152 mortem
1138 2109 1293 2150 saltem
1326 2108 1478 2150 beatus
1510 2109 1707 2163 quiescat
1738 2108 1928 2150 lacrimis
1960 2111 2005 2149 et

299 2196 412 2239 votis
446 2195 697 2238 viventium.
771 2195 915 2247 Atque
958 2192 1027 2235 hic
1069 2193 1166 2235 finis
1211 2198 1277 2234 est
1322 2197 1370 2233 ut
1417 2192 1720 2234 mandatorum
1766 2191 1828 2233 ita
1871 2190 2006 2232 totius

298 2277 511 2319 carminiS.
597 2276 679 2317 Est
736 2275 872 2329 igitur
926 2274 1161 2316 indii-ectus
1211 2275 1355 2315 exitus
1403 2279 1555 2316 contra
1602 2274 1768 2316 Tibulli
1819 2286 1999 2316 morem.

298 2360 587 2404 Nihilominus
620 2360 747 2415 plane
779 2363 905 2415 aptus
936 2357 1022 2400 dici
1056 2357 1262 2411 deberet,
1314 2358 1352 2399 si
1384 2355 1489 2399 nihil
1532 2357 1722 2410 inesset,
1773 2356 1854 2398 nisi
1885 2353 2002 2410 quod

297 2445 427 2488 modo
469 2443 739 2499 significavi3
784 2448 829 2484 at
873 2441 1046 2484 docebit
1089 2448 1134 2483 te
1174 2439 1284 2482 infra
1327 2439 1577 2495 Explicatio
1621 2451 1827 2494 peccasse
1869 2438 2001 2480 etiam

296 2526 366 2570 hic
397 2532 571 2583 poetam
607 2530 651 2567 et
692 2525 920 2581 posuisse,
963 2522 1080 2578 quod
1113 2536 1199 2565 non
1242 2523 1381 2578 possit
1420 2535 1507 2564 non
1549 2534 1816 2578 magnopere
1847 2520 2000 2576 displi-

297 2625 412 2654 cere.
487 2611 685 2665 Denique
729 2615 779 2652 ut
821 2609 875 2651 de
919 2614 1014 2651 toto
1059 2608 1225 2660 dicam,
1272 2620 1531 2660 quamquam
1580 2611 1648 2648 est
1689 2606 1744 2648 ad
1792 2607 2000 2648 unitatem

298 2695 586 2749 compositum
618 2707 818 2746 carmen,
871 2706 1018 2749 parum
1053 2697 1197 2734 tamen
1231 2695 1375 2733 movet
1405 2691 1641 2743 lectorem,
1692 2690 1792 2744 quia
1828 2691 2002 2732 omnino

297 2777 497 2831 frigidius
530 2783 611 2819 est.
674 2778 849 2834 Nempe
878 2791 1091 2820 summum
1123 2778 1273 2818 vitium
1306 2775 1577 2817 tractationis
1610 2774 1695 2816 dici
1727 2774 1858 2816 debet
1889 2773 2002 2817 haud

297 2861 428 2904 dubie
461 2862 588 2903 nimia
621 2866 665 2905 et
696 2863 819 2916 quasi
850 2863 966 2904 lenta
998 2862 1286 2916 tranquillitas
1318 2863 1475 2914 poetae
1508 2859 1552 2900 in
1585 2859 1662 2900 tali
1694 2871 1768 2910 re,
1801 2858 1874 2911 qui
1906 2859 2000 2913 pla-

295 2927 398 2986 cens
441 2944 522 2986 sibi
568 2945 611 2986 in
655 2943 894 2986 honoribus
936 2943 1250 2998 sepulcralibus
1291 2947 1495 2984 accurate
1539 2939 1810 2995 exponendis
1851 2945 2000 2982 osten-

295 3027 471 3069 tationis
504 3028 650 3083 potius
679 3027 863 3081 frigidae
894 3028 1183 3083 suspicionem
1217 3033 1387 3080 movet,
1417 3040 1551 3081 quam‘
1578 3026 1788 3068 insaniam
1821 3037 1998 3079 aegram

294 3113 484 3155 ostendit
536 3112 738 3168 profundi
778 3112 967 3165 doloris,
1030 3114 1179 3166 requie
1220 3113 1409 3168 sepulcri
1451 3116 1495 3154 et
1538 3110 1725 3153 lacrimis
1765 3110 1998 3152 viventium

295 3193 426 3247 digni.
508 3195 598 3237 Sed
642 3194 895 3237 trahebatur
938 3195 1158 3250 Lygdami
1202 3198 1348 3252 poesis
1391 3196 1530 3249 magis
1576 3194 1633 3236 ad
1679 3198 1882 3236 externas
1926 3206 1996 3236 res

295 3277 627 3330 describendas,
671 3291 813 3332 neque
843 3279 1046 3322 idoneum
1086 3286 1180 3323 erat
1222 3282 1445 3335 ingenium
1491 3279 1582 3320 eius
1627 3277 1824 3319 sensibus
1865 3276 1995 3318 animi

293 3362 562 3414 gravioribus
603 3361 745 3404 vivide
785 3362 1097 3417 depingendis:
1147 3365 1299 3406 aberat
1330 3364 1383 3405 ab
1421 3361 1504 3404 lioc
1535 3359 1709 3401 homine
1740 3359 1994 3414 profundior

292 3450 335 3487 et
379 3443 673 3489 vehementior
716 3446 852 3488 omnis
896 3446 1105 3499 affectuS,
1156 3460 1241 3501 quo
1284 3448 1377 3490 solo
1421 3450 1563 3488 tamen
1612 3445 1752 3487 etiam
1783 3441 1866 3485 hoc
1896 3455 1990 3484 mo—
