2158 3750
235 195 272 251 6
764 189 1069 248 'rfflULLI
1124 190 1266 251 LIB.
1300 191 1340 247 Ι.
1373 201 1414 248 2.

306 344 407 404 Illa
454 346 619 405 docet
661 344 854 403 furtim
898 343 1057 404 molli
1102 341 1375 403 decedere
1419 341 1594 416 lecto,

241 470 302 513 20
397 452 499 512 Illa
544 453 747 534 pedem
793 451 950 511 nullo
995 474 1210 534 ponere
1254 473 1422 533 posse
1460 473 1634 523 son0‚

305 559 407 618 Illa
451 559 571 618 viro
619 582 810 618 coram
855 573 1028 618 nutus
1074 559 1332 618 conferre
1375 558 1641 640 loquaces

393 664 730 747 Blandaque
775 665 1102 748 compositis
1147 666 1355 726 abdere
1402 665 1571 726 verba
1614 661 1779 722 notis.

308 774 424 832 Nec
459 772 625 832 docet
660 772 768 832 hoc
812 773 1015 847 omniS‚
1056 773 1159 833 sed
1192 796 1334 855 quos
1376 795 1481 831 nec
1516 772 1720 831 inertia
1757 768 1946 829 tardat

390 880 509 939 Nec
553 894 700 940 vetat
740 880 984 940 obscura
1030 903 1262 961 surgere
1304 893 1468 939 nocte
1513 879 1698 938 timor.

239 1000 298 1046 25
315 986 404 1045 En
452 1010 556 1068 ego
601 1011 729 1047 cum
774 987 1022 1052 tenebris
1067 1002 1183 1048 tota
1219 1010 1397 1068 vagor
1441 985 1640 1045 anxius
1678 983 1852 1056 urbe,

309 1141 426 1201 Nec
468 1140 602 1199 sinit
647 1155 911 1200 occurrat
948 1141 1280 1222 quisquam,
1339 1141 1436 1222 qui
1479 1163 1722 1222 corpora
1757 1141 1910 1199 terro

391 1245 664 1307 Vulneret
703 1261 802 1306 aut
838 1262 1003 1330 rapta
1046 1247 1300 1330 praemia
1345 1261 1494 1306 veste
1530 1259 1698 1330 petat.

310 1352 592 1434 Quisquis
636 1377 826 1414 amore
866 1367 1119 1428 tenetur,
1171 1369 1260 1414 eat
1299 1368 1567 1437 tutusque
1610 1375 1882 1436 sacerque

242 1476 302 1520 30
389 1460 688 1541 Qualibet:
752 1460 991 1522 insidias
1033 1486 1152 1522 non
1196 1462 1450 1523 timuisse
1498 1462 1672 1522 decet.

314 1571 446 1629 Non
487 1569 630 1629 mihi
673 1570 840 1653 pigra
883 1585 1091 1631 nocent
1133 1570 1408 1630 hibernae
1450 1570 1669 1650 frigora
1711 1567 1926 1641 noctiS‚

396 1678 529 1736 Non
572 1677 743 1750 mihi,
801 1700 929 1738 cum
965 1678 1143 1738 multa
1188 1678 1401 1738 decidit
1440 1678 1625 1737 imber
1668 1701 1831 1758 aqua.

306 1786 438 1846 Non
481 1783 646 1844 labor
688 1785 783 1846 hic
827 1785 1031 1860 laedit,
1087 1800 1298 1847 reseret
1338 1785 1513 1846 modo
1557 1783 1723 1845 Delia
1758 1799 1948 1869 postes

399 1894 472 1952 Et
513 1908 673 1953 vocet
716 1893 791 1953 ad
836 1894 1000 1975 digiti
1045 1918 1135 1954 me
1178 1894 1460 1954 taciturna
1503 1916 1724 1953 sonum.

244 2018 303 2062 35
318 2002 540 2061 Parcite
585 2001 931 2076 luminihm,
987 2026 1087 2063 seu
1128 2003 1214 2063 vir
1256 2027 1356 2063 seu
1397 2004 1609 2063 femina
1647 2002 1747 2064 fiat

403 2108 617 2168 Obvia:
681 2108 849 2169 celari
889 2109 1006 2169 vult
1048 2134 1151 2170 sua
1194 2111 1345 2171 furta
1388 2115 1598 2172 Venus.

310 2216 430 2275 Neu
478 2216 715 2297 strepitu
761 2230 961 2276 terrete
1001 2218 1244 2299 pedum,
1288 2241 1400 2278 neu
1439 2219 1690 2300 quaerite
1723 2243 1950 2293 nomen,

395 2324 521 2382 Neu
564 2346 743 2406 prope
779 2323 1020 2404 fulgenti
1064 2325 1280 2386 lumina
1313 2326 1465 2386 ferte
1509 2327 1646 2387 face.

319 2430 510 2512 Siquis
553 2445 606 2490 et
647 2431 983 2514 imprudens
1022 2434 1329 2515 aspexerit,
1384 2434 1604 2495 occulat
1643 2433 1735 2494 ille

244 2553 304 2598 40
401 2539 624 2620 Perque
662 2539 810 2599 deos
836 2563 1032 2600 omnes
1076 2565 1135 2600 se
1172 2542 1495 2602 meminisse
1538 2557 1735 2623 neget:

314 2648 457 2706 Nam
495 2645 668 2706 fuerit
703 2647 1029 2730 quicunque
1064 2647 1289 2731 loquax,
1326 2649 1374 2708 is
1411 2650 1688 2730 sanguine
1719 2665 1927 2727 natam,

400 2756 454 2812 Is
499 2757 775 2813 Venerem
822 2777 850 2813 e
895 2755 1098 2837 rapido
1143 2756 1343 2816 sentiet
1385 2780 1506 2817 esse
1549 2759 1708 2818 mari.

367 2897 419 2943 V,
447 2899 518 2939 19.
567 2897 713 2950 Vulgo
761 2896 1016 2940 descendere
1062 2899 1117 2942 de
1162 2902 1411 2944 coniectura
1455 2903 1640 2946 Dousm
1685 2905 1777 2948 sine
1822 2919 1951 2950 causa

250 2970 419 3014 idonea.
497 2969 719 3026 Excerpta
763 2971 972 3014 Fmsmc.
1015 2972 1135 3013 molli
1165 2974 1341 3030 fartim
1387 2975 1611 3032 derepere,
1665 2978 1742 3020 sed
1775 2978 1952 3036 furtim

249 3046 541 3100 praepositum
573 3057 670 3087 esse
701 3058 726 3086 a
758 3050 912 3100 poeta,
959 3046 1088 3088 docet
1118 3047 1242 3088 nullo
1279 3049 1321 3090 in
1354 3055 1636 3104 pentametro.

368 3120 420 3162 V.
439 3122 514 3161 25.
560 3118 686 3173 Apud
717 3119 1048 3162 LAcHMANNUM
1091 3134 1155 3165 nr.
1174 3125 1246 3164 25.
1279 3125 1476 3177 sequenti
1512 3125 1655 3167 versui
1694 3124 1950 3182 adscriptus.

366 3192 419 3233 V.
440 3195 514 3235 35.
556 3190 678 3233 fiat.
742 3193 886 3246 Vulgo
906 3192 1007 3247 fias
1042 3208 1097 3236 ex
1130 3195 1252 3248 aliis,
1297 3209 1383 3250 quo
1416 3209 1498 3239 uon
1531 3210 1653 3252 opus.

369 3264 420 3306 V.
440 3265 511 3306 42.
545 3262 662 3305 Male
692 3260 846 3304 rabido
880 3264 1092 3318 Vossws,
1128 3265 1371 3320 mews,
1406 3268 1622 3322 BAcmth,
1654 3271 1952 3314 Gonnssnrtm.
