2158 3750
671 293 854 346 [ΑΒΕ.
897 295 987 344 111.
1059 289 1264 346 ELEG.
1304 293 1372 344 112
1769 300 1869 345 329

166 435 277 477 illic.
336 438 526 480 Sensus:
580 437 669 481 illic
710 439 753 480 in
796 438 999 494 sepulcro
1029 434 1154 495 (auf
1179 434 1273 478 dem
1306 432 1474 491 Grabe)
1507 434 1764 488 fundantur,
1806 434 1872 479 ef-

167 517 399 561 fundantur
425 519 583 562 odores
611 522 815 576 pretiosi,
858 521 1150 575 lacrimaeque
1178 520 1315 562 nostri
1346 531 1560 563 memores
1591 518 1774 572 eodem,
1806 519 1874 560 le-

170 602 283 643 niter
320 603 363 644 in
394 598 480 644 fi'ne
509 607 674 645 mutata
706 604 904 645 oratione
946 616 1026 660 per
1064 603 1180 646 aliud
1225 616 1474 658 pronomen.
1536 603 1700 645 Statuit
1728 605 1874 644 autem

170 685 364 726 Vossms
406 690 635 740 postquam
676 690 850 727 ventum
894 690 1012 727 esset
1051 684 1106 725 ad
1147 686 1395 739 sepulcrum
1451 697 1549 726 cum
1576 696 1731 736 urna,
1786 682 1876 725 illic

171 768 391 809 vasculum
433 769 663 822 unguentis
705 767 930 822 impletum
971 766 1097 807 simul
1146 766 1368 808 conditum
1410 766 1453 808 in
1498 779 1550 808 ea
1593 769 1637 807 et
1681 764 1874 807 additum

171 851 340 892 ossibus
372 863 494 904 esse,
526 857 571 894 et
604 851 802 893 lacrimas
833 851 875 892 in
906 851 1095 892 cinerem
1127 849 1270 902 fusas,
1303 854 1395 891 tum
1428 850 1619 890 clausam
1648 860 1798 890 urnam
1831 851 1876 889 et

170 933 420 987 repositam.
489 933 550 974 At
590 933 704 974 enim
746 932 854 973 mire
898 938 1028 987 poeta
1062 931 1118 974 de
1158 933 1334 974 vasculo
1367 933 1652 985 unguentario
1684 932 1725 973 in
1767 944 1876 974 urna

172 1015 347 1058 condito
376 1016 562 1059 dixerit:
610 1015 766 1058 odores
805 1015 1042 1057 fundantur
1070 1015 1114 1056 in
1145 1028 1326 1067 urnam,
1371 1019 1416 1057 et
1446 1028 1545 1056 cum
1576 1016 1690 1056 sicca
1721 1013 1876 1070 reponi

169 1098 277 1140 velit
317 1110 415 1139 ossa
467 1098 511 1140 in
565 1099 792 1154 sepulcro,
847 1111 933 1140 non
977 1103 1046 1140 est
1090 1098 1316 1153 probabile
1362 1097 1560 1139 lacrimas
1601 1097 1644 1138 in
1686 1097 1877 1139 cinerem

170 1181 301 1224 fusas.
364 1183 512 1228 Quare
553 1196 638 1237 ego
679 1184 922 1226 Huscnxlo
965 1183 1179 1225 assentior
1209 1182 1264 1224 de
1297 1183 1486 1238 sepulcri
1519 1183 1663 1238 potius
1695 1182 1878 1238 adsper-

172 1265 294 1308 sIone
335 1267 407 1320 agi
448 1266 726 1308 contendenti
767 1270 814 1310 et
854 1265 1052 1308 lacrimas
1093 1266 1225 1308 etiam
1267 1265 1311 1307 in
1352 1266 1598 1320 sepulcrum
1631 1264 1747 1306 susas
1773 1269 1879 1310 ‚ante

176 1350 415 1393 discessum
445 1356 553 1406 puto
583 1351 766 1405 intelligi
799 1349 961 1393 debere
989 1354 1039 1391 ut
1070 1348 1106 1401 I,
1135 1351 1180 1401 3,
1211 1352 1256 1390 8.
1327 1348 1595 1390 Describitur
1626 1347 1777 1389 eadem
1809 1359 1880 1389 res

174 1432 217 1475 in
261 1438 447 1488 utroque
487 1434 599 1477 loco.
661 1436 805 1488 Atque
836 1432 942 1476 haec
984 1433 1159 1487 quidem
1190 1432 1246 1474 de
1277 1430 1357 1473 his.
1421 1432 1655 1474 Videamus
1697 1431 1879 1485 reliqua.

174 1515 410 1558 mittere
441 1520 508 1557 est
542 1521 644 1558 nota
674 1529 759 1557 vox
790 1515 845 1557 de
875 1514 1118 1570 peregrinis
1151 1514 1366 1556 mercibus
1400 1519 1444 1555 et
1475 1513 1623 1555 laudat
1657 1513 1880 1555 Hnrmus

176 1597 408 1641 Burmann.
448 1598 504 1641 ad
547 1599 673 1642 Ovid.
717 1601 813 1642 Art.
842 1602 939 1642 Am.
970 1599 1052 1651 111,
1084 1601 1188 1640 213.
1220 1622 1277 1630 —
1323 1596 1635 1649 Panchaia,
1683 1597 1881 1640 fabulosa

177 1680 315 1722 insula
346 1681 592 1738 Emfflssm,
633 1684 757 1726 cuius
794 1683 984 1726 carmina
1023 1683 1304 1726 transtulerat
1348 1682 1556 1736 ENNIUS,
1605 1683 1790 1725 Arabiae
1826 1683 1880 1725 ab

93 1765 102 1771 ’
178 1765 358 1807 Oriente
384 1767 569 1819 obiecta,
597 1768 705 1809 turis
730 1770 775 1810 et
794 1764 995 1821 myrrhae
1016 1765 1142 1808 ¹ferax
1169 1767 1438 1820 aliorumque
1465 1770 1704 1808 aromatum
1733 1765 1883 1808 odori-

177 1846 395 1902 ferorum,
426 1849 480 1892 cf.
513 1851 708 1895 Gustus.
739 1851 795 1894 ad
825 1851 954 1897 Ovid.
987 1851 1097 1895 Met.
1129 1851 1186 1904 X,
1218 1854 1307 1893 307
1338 1863 1430 1904 sqq.
1467 1855 1511 1892 et
1535 1850 1795 1906 interpretes
1828 1851 1884 1892 ad

179 1931 320 1975 Vmc.
354 1934 520 1988 Georg.
550 1935 608 1988 ll,
641 1938 742 1978 139.
802 1934 886 1977 Est
916 1933 1102 1987 dives,
1145 1938 1328 1990 propter
1368 1933 1592 1988 copiosum
1626 1936 1883 1988 proventum

179 2013 329 2056 talium
362 2028 518 2058 rerum.
551 2038 606 2047 —
636 2015 743 2058 Eoi
774 2015 1016 2067 Arabes,
1046 2014 1088 2058 h.
1121 2027 1159 2056 e.
1192 2014 1374 2056 odorati.
1438 2014 1547 2056 Cum
1579 2015 1693 2056 enim
1727 2014 1884 2054 Oriens

179 2087 360 2142 odorum
405 2101 666 2155 optimorum
708 2101 764 2143 sit
805 2100 949 2153 diveS,
995 2100 1040 2141 in
1083 2099 1157 2141 tali
1202 2112 1318 2141 nexu
1354 2100 1520 2141 clarum
1565 2103 1634 2142 est
1664 2100 1768 2153 quid
1803 2082 1887 2141 sibi

180 2182 286 2223 velit
317 2181 538 2238 epitheton
569 2184 720 2228 Eous,
758 2183 934 2225 minime
965 2181 1071 2224 illud
1104 2183 1307 2227 otiosum.
1336 2204 1394 2214 -
1441 2183 1675 2238 pinguis
1720 2184 1889 2237 Assy-

180 2266 290 2319 ria,
335 2264 374 2308 h.
403 2279 442 2309 e.
475 2268 630 2320 Syria,
670 2267 785 2310 unde
815 2280 1055 2320 amomum,
1085 2266 1324 2308 balsamum
1357 2270 1402 2308 et
1433 2267 1550 2307 mille
1577 2266 1661 2308 alia
1690 2279 1888 2320 unguen-

184 2355 328 2393 torum
358 2365 519 2406 genera
549 2353 844 2405 mittebantur,
887 2353 1042 2408 partim
1077 2352 1121 2393 in
1153 2365 1204 2394 ea
1236 2356 1351 2403 nata,
1386 2352 1541 2405 partim
1574 2352 1616 2393 in
1650 2359 1888 2394 mercatum

185 2434 397 2489 adducta,
428 2441 477 2478 ut
512 2436 695 2478 Hermu
728 2435 872 2477 verbis
907 2440 1030 2487 utar,
1071 2434 1144 2489 qui
1176 2434 1239 2476 sic
1271 2433 1466 2475 defendit
1497 2433 1755 2476 adiectivum
1784 2434 1889 2489 pin-

181 2515 303 2574 guis.
375 2516 735 2559 Bnoucxmssms
766 2515 972 2558 audacter
1002 2516 1275 2558 commutatis
1316 2514 1518 2571 epithetis
1542 2515 1732 2573 pinguis
1761 2518 1891 2557 Pan-

186 2599 321 2640 chaia
353 2605 399 2643 et
428 2600 550 2642 dives
582 2602 782 2657 Assyria
813 2602 1032 2657 reposuit,
1074 2606 1203 2655 atque
1234 2601 1295 2643 ita
1330 2600 1482 2642 saltem
1516 2598 1664 2641 dicere
1701 2598 1888 2642 debebat

185 2681 468 2736 Lygdamus,
512 2684 549 2725 si
590 2696 674 2725 non
715 2682 839 2726 dixit.
903 2683 1108 2725 Ceterum
1140 2683 1194 2725 cf.
1228 2682 1283 2724 ad
1314 2682 1348 2735 J,
1378 2686 1420 2735 3,
1455 2687 1497 2726 7.
1561 2683 1662 2727 Quo
1695 2682 1792 2724 loco
1823 2683 1892 2724 in—

185 2768 337 2819 specto
367 2764 617 2808 observabis
659 2766 784 2807 simul
817 2769 977 2819 quanto
1019 2765 1256 2820 simplicius
1289 2765 1490 2807 Tibullus
1533 2763 1640 2807 haec
1672 2770 1892 2808 tractave-

186 2846 268 2899 rit,
310 2849 384 2901 qui
415 2861 513 2891 cum
547 2850 652 2891 satis
686 2848 883 2892 habuerit
914 2851 1116 2904 Assyrios
1159 2850 1317 2892 odores
1362 2850 1609 2903 nominare,
1657 2849 1726 2892 hic
1762 2855 1893 2906 poeta

188 2935 338 2972 contra
369 2933 538 2985 quaerit
567 2933 743 2976 nimium
773 2939 972 2977 ornatum
1003 2935 1235 2977 nominum.
1267 2957 1326 2964 ——
1357 2935 1456 2976 Sic
1491 2945 1596 2986 ego
1629 2932 1893 2989 componi

190 3014 378 3058 velim.
441 3014 616 3063 Claudit
651 3014 716 3058 his
746 3017 891 3059 verbis
921 3018 1258 3074 descriptionem
1291 3018 1646 3070 antecedentem,
1691 3022 1738 3059 ut
1773 3017 1894 3059 simi-

191 3095 292 3138 liter
320 3109 452 3151 supra
495 3100 535 3150 l,
579 3100 648 3140 14.
714 3099 981 3142 Dicebantnr
1026 3105 1173 3142 autem
1218 3101 1418 3156 componi
1462 3101 1661 3156 proprie,
1710 3112 1895 3154 quorum

190 3178 357 3219 cineres
399 3184 443 3220 et
483 3192 583 3221 ossa
623 3181 941 3236 colligebantur
981 3185 1026 3224 et
1068 3183 1252 3225 vasculis
1286 3183 1619 3225 includebantur
1651 3188 1695 3225 et
1728 3182 1892 3225 conde-

192 3260 347 3303 bantur
388 3262 430 3304 in
473 3264 689 3318 sepulcro.
752 3266 863 3308 Vide
906 3266 1212 3309 Kracnnsms.
1258 3266 1313 3309 de
1355 3268 1464 3308 Fun.
1508 3266 1588 3319 111,
1630 3270 1672 3308 8.
1737 3265 1891 3308 Ham-

195 3358 331 3387 noun.
375 3346 430 3388 ad
473 3346 627 3391 Horat.
669 3349 762 3391 Sat.
805 3349 838 3402 1,
874 3353 916 3403 9,
960 3353 1033 3394 28.
1078 3351 1373 3407 imprimisque
1420 3352 1792 3394 Bnoucxnusmm
1838 3348 1890 3391 ad

195 3434 384 3472 nostrum
414 3430 580 3484 locum,
616 3433 687 3485 qui
721 3446 761 3476 v.
793 3447 831 3476 c.
864 3434 1010 3477 laudat
1041 3434 1250 3478 enum„
1287 3435 1424 3488 LXV,
1458 3439 1529 3478 95.
1563 3436 1804 3479 Paonsswr.
1838 3433 1895 3486 11,
