2158 3750
726 281 908 338 LIBR.
946 286 986 336 Ι.
1057 284 1259 339 ELEG.
1295 287 1364 336 V.
1801 293 1903 340 125

203 431 318 488 quod
361 434 444 477 toti
490 435 724 492 competit,
769 435 828 481 cf.
857 437 912 480 ad
943 437 978 490 1,
1011 440 1052 491 1,
1082 439 1156 481 46.
1226 437 1309 480 Est
1338 437 1473 493 igitur
1494 436 1676 482 ‘sensum
1722 438 1766 481 in
1799 451 1902 482 caro

198 516 334 559 latere
375 521 552 561 tenerae
581 518 766 575 puellae.
807 541 864 551 —
915 519 1217 563 Subiiciet
1259 519 1489 574 manuS‚'
1527 521 1680 564 subter
1724 519 1901 564 brachia

194 600 364 655 puellae
395 605 499 655 puta
532 599 673 655 (wira
696 599 762 642 sie
788 599 1119 657 unterfasserz).
1180 601 1309 643 Aliud
1339 603 1478 645 simile
1507 601 1699 646 officium
1731 602 1895 646 Holu-

193 697 298 726 τως
330 683 460 728 habet
489 684 630 741 Epist.
661 684 700 738 Ι,
728 687 772 737 6,
802 687 877 727 51.
921 689 1100 727 notante
1145 685 1402 728 Huscmuo.
1435 709 1494 720 —
1551 687 1900 744 efficietque

191 767 353 810 viam.
402 768 540 810 Ovn).
569 767 666 810 Art.
694 767 794 808 Am.
821 765 880 818 11,
911 768 1029 808 210:
1071 767 1178 822 Ipse
1209 766 1323 824 face
1353 766 1402 809 in
1442 767 1603 816 turba,
1643 784 1736 830 qua
1774 770 1900 813 venit

188 846 299 894 illa,
340 847 500 894 locum.
530 872 588 880 —
630 849 830 904 Denique
857 849 1058 893 Tibullus
1089 850 1210 892 addit
1249 863 1288 894 v.
1320 854 1392 894 65.
1432 854 1662 910 Pauper
1702 855 1769 898 ad
1811 869 1899 900 oc-

190 933 383 974 cultos
429 931 632 974 furtim
680 931 931 976 deducet
974 933 1204 978 amicos.
1284 935 1432 978 Licuit
1475 937 1587 979 enim
1627 936 1810 981 Athenis
1851 944 1897 983 et

185 1013 356 1057 Romae
385 1013 554 1057 feminis
582 1014 831 1058 liberiorem
857 1015 990 1058 'vitam
1022 1017 1234 1072 amplexis
1265 1016 1476 1060 interesse
1507 1019 1714 1063 conviviis
1743 1033 1895 1064 aman-

185 1097 308 1140 tium.
350 1097 452 1143 Vid.
484 1097 597 1142 infra
625 1098 685 1154 ΙΙ,
704 1101 749 1153 3,
771 1101 844 1143 47.
874 1100 956 1155 ΙΠ,
978 1104 1023 1154 6,
1050 1103 1125 1144 59.
1156 1105 1201 1144 et
1225 1102 1362 1145 Ovn».
1387 1101 1556 1144 Amorr.
1580 1101 1637 1156 II,
1658 1106 1701 1155 5,
1721 1105 1778 1145 14
1795 1116 1889 1158 sqq.

185 1180 360 1225 Laudat
389 1179 656 1224 Huscnxms
683 1181 908 1227 Demosth.
952 1188 1091 1228 contr.
1123 1184 1339 1228 Neaeram
1379 1199 1423 1242 p.
1457 1188 1600 1229 1352:
1653 1188 1728 1228 καὶ
1769 1188 1895 1229 συνέ-

183 1277 277 1304 πινε
319 1266 394 1305 καὶ
434 1264 694 1307 συνεδείπνει
726 1267 916 1308 ἐναντίον
958 1266 1129 1308 πολλῶν
1158 1268 1331 1324 Maipa
1366 1261 1507 1324 αὕτη,
1548 1263 1604 1316 οἷς
1645 1262 1700 1310 ἷὶν
1739 1268 1893 1327 ἑταίρα

182 1333 306 1388 οὖσα.
338 1348 741 1391 thnnnmcmus
767 1348 887 1392 addit
913 1348 1174 1393 Tnnocm‘r.
1194 1349 1314 1403 XIV,
1340 1353 1394 1392 31
1422 1364 1516 1405 sqq.
1545 1355 1590 1394 et
1616 1352 1889 1395 Pus-mnen-

181 1428 414 1473 Alexandr.
446 1443 486 1475 c.
507 1435 581 1474 38.
615 1437 661 1476 et
694 1433 964 1488 Honnnm,
994 1434 1069 1476 nbi
1094 1447 1133 1477 v.
1161 1447 1200 1477 c.
1226 1433 1323 1477 vide
1350 1434 1386 1487 I,
1414 1438 1487 1488 36,
1513 1437 1568 1477 13
1589 1448 1684 1490 sqq.
1713 1436 1792 1489 IV,
1815 1439 1890 1480 11.

179 1512 275 1556 Res
305 1521 421 1559 nota.
451 1537 506 1549 —-
552 1517 819 1559 occultos
848 1516 1046 1559 furtim
1079 1515 1331 1559 deducet
1371 1517 1614 1570 amicos,
1656 1519 1888 1572 cumulate,

178 1601 229 1639 ut
265 1609 397 1654 saepe
427 1598 470 1640 in
512 1611 597 1641 una
637 1598 852 1642 sententia
891 1598 1151 1641 adiectivum
1181 1602 1226 1641 et
1257 1597 1507 1651 adverbium
1537 1598 1689 1642 similis
1719 1599 1888 1653 signifi-

178 1680 360 1723 cationis
402 1686 580 1738 ponunt.
643 1681 824 1726 Confert
865 1683 1268 1726 thnnnmcnms
1298 1682 1356 1736 ΙΙ,
1392 1686 1435 1736 6,
1466 1685 1553 1726 45:
1591 1681 1766 1740 furtim
1809 1697 1890 1724 oc·-

179 1762 302 1805 culto
331 1763 449 1808 sinu.
478 1765 515 1819 I,
542 1769 586 1819 7,
603 1742 697 1808 '132
726 1765 888 1810 leniter
918 1765 1105 1808 tacitus.
1149 1765 1186 1820 I,
1218 1769 1291 1820 10,
1321 1765 1406 1810 34}
1440 1764 1556 1808 clam
1586 1765 1730 1807 tacito
1753 1765 1887 1823 pede,

177 1851 223 1888 et
251 1846 328 1900 lv,
358 1850 403 1900 6,
436 1850 510 1892 18.
542 1847 656 1890 clam
687 1847 834 1890 tacita
863 1855 1021 1892 mente.
1075 1848 1190 1894 Vide
1218 1861 1349 1906 porro
1381 1849 1418 1904 I,
1448 1853 1491 1904 6,
1522 1854 1576 1893 62
1601 1849 1777 1908 furtim
1807 1858 1887 1891 ta-

177 1929 270 1971 cita
299 1939 441 1975 nocte.
486 1931 524 1986 I,
552 1935 596 1986 8,
624 1935 710 1975 60:
753 1931 881 1975 nullo
918 1931 1118 1989 strepitu
1159 1931 1289 1976 clam.
1346 1933 1404 1987 ΙΙ,
1444 1937 1487 1987 6,
1521 1937 1604 1976 11:
1647 1933 1886 1991 magnifice

177 2027 344 2072 magna
373 2012 536 2062 locuto,
567 2019 614 2058 et
639 2013 699 2068 II,
729 2017 772 2069 1,
799 2018 884 2058 80:
910 2014 1121 2072 placidus
1150 2013 1324 2059 leniter.
1384 2017 1608 2070 Similiter,
1639 2020 1688 2059 ut
1715 2018 1886 2060 Graeca

176 2096 418 2152 conferam,
464 2095 547 2141 hoc
590 2109 730 2152 genus
774 2096 906 2141 habet
945 2111 986 2140 v.
1026 2111 1066 2140 c.
1105 2099 1354 2142 Pmmaus
1397 2098 1547 2146 Isthm.
1587 2100 1624 2153 Ι,
1664 2103 1750 2143 28:
1797 2100 1885 2142 τῶν

174 2176 359 2239 ἀθρόοις
387 2176 674 2237 ἐνδησάμενοι
701 2179 902 2233 θαμάκις
927 2183 1085 2240 ἕρνεσιν
1111 2188 1287 2237 χαίτας.
1361 2183 1445 2227 Est
1474 2189 1618 2227 autem
1649 2185 1884 2229 cumulatio

174 2265 275 2308 talis
314 2266 512 2308 consulto
551 2267 707 2322 posita.
767 2265 829 2308 Et
864 2277 978 2308 nunc
1019 2265 1192 2320 quidem
1230 2279 1311 2322 per
1349 2279 1587 2322 pauperem
1627 2271 1883 2321 amatorem,

175 2347 376 2391 Tibullus
417 2348 502 2401 ait,
548 2348 680 2391 etiam
721 2348 1014 2391 conviviorum
1062 2349 1284 2404 voluptate
1329 2349 1510 2404 frueris,
1558 2350 1766 2406 dabitque
1812 2350 1882 2395 hic

176 2432 370 2475 studiose
409 2445 587 2490 operam
626 2436 678 2476 nt
717 2434 810 2476 sine
849 2438 970 2476 metu
1010 2433 1175 2488 possis3
1218 2445 1275 2475 ne
1306 2433 1594 2477 interveniant
1634 2436 1882 2491 importune

175 2514 248 2558 alii
278 2514 454 2559 iuvenes
483 2516 562 2558 tibi
592 2516 756 2572 ignoti,
802 2516 840 2558 si
882 2516 1172 2572 compererint
1214 2517 1402 2572 puellam
1435 2516 1670 2560 formosam
1711 2516 1880 2572 adesse,

174 2600 318 2643 furtim
348 2601 480 2644 ducet
508 2600 564 2642 ad
595 2602 766 2643 occulte
796 2606 1052 2654 coenantes,
1085 2601 1141 2643 ad
1173 2601 1395 2643 occultum
1427 2606 1473 2643 et
1506 2601 1579 2644 alii
1609 2601 1767 2644 nemini
1798 2614 1880 2645 no-

172 2690 265 2728 tum
293 2683 533 2727 convivium
562 2685 814 2730 amicorum.
874 2685 1027 2728 Vossn
1059 2687 1351 2729 coniecturam
1382 2683 1529 2727 cultos
1558 2686 1716 2728 merito
1746 2687 1879 2729 casti-

171 2771 331 2823 garant
375 2767 778 2810 Wunnssnmcmus
823 2772 868 2810 et
899 2767 1179 2812 Huscmcms.
1211 2791 1272 2799 —-
1319 2768 1641 2823 Vinclaque
1689 2768 1879 2812 detra-

170 2852 276 2896 het.
336 2850 547 2894 Similiter
578 2849 772 2898 demere,
803 2848 996 2893 adimere
1025 2851 1167 2894 soleas
1197 2850 1360 2894 dicunt.
1393 2850 1447 2894 cf.
1484 2851 1622 2894 Ovm.
1653 2851 1763 2894 Met.
1796 2851 1876 2906 111,

172 2939 272 2979 168.
316 2935 417 2990 ibiq.
451 2935 703 2980 Boanum.
745 2940 792 2979 et
830 2937 924 2980 Art.
958 2936 1053 2979 Am.
1084 2935 1143 2990 II,
1171 2939 1274 2980 212.
1347 2935 1600 2978 Detrahere
1629 2950 1777 2978 soccos
1808 2941 1877 2980 est

169 3018 385 3062 Tannum.
418 3017 578 3062 Heaut.
607 3017 645 3071 I,
671 3020 711 3071 1,
737 3020 810 3061 72.
871 3018 985 3061 Rem
1016 3031 1119 3062 vero
1150 3019 1266 3074 quod
1297 3020 1466 3073 attinet,
1498 3019 1664 3062 demtas
1694 3020 1738 3062 in
1769 3032 1876 3062 con-

168 3102 289 3146 viviis
320 3102 462 3143 soleas
494 3100 800 3143 Wrssmnmus
840 3099 969 3143 docet
999 3101 1054 3143 ad
1086 3101 1241 3145 Horat.
1274 3103 1368 3146 Sat.
1401 3102 1459 3156 11,
1489 3105 1534 3156 8,
1565 3106 1637 3146 78.
1675 3102 1874 3146 laudatus

167 3197 195 3228 a
225 3183 616 3236 Wunnssamcmo,
649 3186 693 3224 et
724 3181 1054 3226 Hssmnonrms
1085 3182 1188 3228 ibid.
1250 3185 1374 3228 Adde
1405 3185 1669 3228 neone-ad
1697 3185 1871 3229 Antllol.

168 3267 327 3309 Graec.
365 3266 468 3309 Vol.
503 3265 559 3319 11,
601 3279 644 3320 p.
675 3266 780 3307 235.
835 3265 1107 3308 Scamnum
1149 3266 1205 3309 ad
1247 3267 1400 3311 Horat.
1444 3268 1586 3324 Epist·
1620 3267 1655 3322 1,
1690 3271 1761 3322 13,
1795 3271 1867 3312 15.

168 3349 260 3392 Res
289 3352 404 3391 nota.
436 3370 494 3379 —-
534 3349 672 3404 ipse.
732 3348 878 3403 Vulgo
909 3350 1021 3394 enim
1050 3351 1165 3394 servi
1196 3352 1424 3395 faciebant.

288 3429 342 3474 V.
373 3431 531 3476 6⁷·ad
561 3432 704 3477 finem.
776 3431 996 3479 Exitus.
1068 3434 1200 3480 Cum
1243 3449 1449 3493 preces
1491 3449 1598 3481 non
1637 3434 1870 3479 audian-
