2086 3756
300 258 325 286 L
983 235 1076 284 DE
1117 231 1315 286 POESI

303 385 416 452 quis
474 382 674 434 dubitet
726 381 963 432 lasciviae
1025 381 1245 431 multum
1299 381 1455 430 fuisse
1506 382 1661 431 etiam
1707 384 1763 432 in
1816 393 1998 449 poetae

302 497 418 530 cum
454 478 665 529 Nemesi
701 493 818 527 usu.
900 475 1140 525 Profecto
1183 474 1518 542 deplorabilis
1556 476 1804 530 dicendus
1841 497 2002 542 amor,

299 578 390 644 qui
441 575 673 642 corporis
724 573 987 640 animique
1035 573 1173 624 vires
1229 574 1424 640 pariter
1477 576 1525 625 ei
1575 574 1742 639 fregit.
1828 574 2000 642 Atque

299 671 456 721 animi
494 685 766 736 aerumnas
801 685 931 735 quas
968 669 1171 734 tulerit,
1205 669 1327 718 hinc
1369 667 1536 720 disce:

439 765 485 821 Ο
525 775 618 832 ego
655 783 721 816 ne
759 766 954 832 possim
990 775 1161 816 tantos
1199 765 1391 816 sentire
1430 764 1652 829 dolores,

510 860 677 924 Quam
717 863 921 911 mallem
960 861 1015 910 in
1052 858 1231 925 gelidis
1272 861 1536 910 montibus
1574 876 1684 909 esse
1722 859 1867 924 lapis,

438 958 587 1010 Stare
623 959 707 1009 vel
739 958 934 1008 insanis
972 967 1144 1007 cautes
1179 955 1410 1006 obnoxia
1445 953 1629 1017 ventis,

507 1052 776 1118 Naufraga
814 1071 970 1121 quam
1005 1054 1138 1106 vasti
1177 1050 1422 1103 tunderet
1458 1049 1600 1101 unda
1637 1046 1822 1099 maris!

433 1147 587 1199 Nunc
626 1159 674 1198 et
711 1166 885 1198 amara
923 1147 1030 1197 dies
1070 1157 1121 1196 et
1154 1130 1319 1196 noctis
1360 1147 1588 1195 amarior
1622 1144 1809 1193 umbra
1846 1152 1935 1203 est,

506 1241 695 1294 Omnia
735 1259 855 1290 nam
894 1241 1028 1290 tristi
1061 1250 1301 1306 tempora
1338 1241 1457 1288 felle
1497 1236 1725 1287 madent.

288 1338 609 1390 Accenderat
642 1338 908 1401 Nemesi5‚
957 1348 1015 1388 ut
1047 1335 1280 1400 videtur,
1317 1334 1513 1385 callidis
1549 1350 1690 1383 nunc
1724 1332 1993 1398 promissis

288 1456 427 1488 nunc
466 1436 828 1502 negationibus
880 1432 945 1485 ad
993 1445 1190 1485 tantam
1239 1433 1341 1486 vim
1390 1442 1573 1499 poetae
1613 1431 1760 1496 ignes
1794 1441 1854 1481 ut
1897 1447 1992 1480 nec

286 1534 464 1596 fugere
501 1540 689 1597 posset,

427 1628 602 1679 Iuravi
638 1625 878 1695 quotiens
912 1622 1205 1675 rediturum
1244 1623 1309 1673 ad
1342 1625 1525 1674 limina
1561 1641 1848 1692 nunquam,

501 1725 634 1775 Cum
670 1725 803 1773 bene
840 1723 1011 1773 iuravi
1050 1739 1139 1788 pes
1177 1733 1352 1771 tamen
1388 1724 1500 1787 ipse
1536 1721 1686 1784 redit,

283 1837 377 1870 nec
416 1819 516 1868 alio
555 1817 712 1868 modo
753 1817 920 1868 obniti
957 1817 1078 1866 huic
1122 1817 1331 1866 affectui
1382 1826 1434 1866 et
1468 1814 1760 1883 deprimere
1798 1815 1989 1880 cogita-

281 1914 476 1964 tionem
506 1915 727 1980 puellae.
799 1912 1052 1963 Nondum
1092 1911 1157 1964 ad
1193 1930 1452 1964 summum
1490 1922 1722 1964 creverat
1757 1913 1989 1973 morbus,

282 2027 398 2059 cum
443 2011 655 2075 elegiam
693 2009 900 2059 tertiam
944 2010 1222 2071 scriberet,
1274 2007 1497 2058 necdum
1543 2005 1720 2075 prodit
1757 2006 1835 2058 ihi
1870 2016 1987 2056 tan-

279 2115 389 2154 tum
417 2119 726 2165 moerorem,
768 2113 1022 2170 quantum
1057 2103 1111 2152 in
1146 2104 1514 2170 sequentibus:
1551 2103 1712 2154 immo
1738 2102 1986 2153 liberiore

279 2198 456 2249 volatu
491 2198 794 2264 phantasiae
836 2197 900 2247 ad
936 2197 1163 2264 mythica
1196 2196 1331 2248 redit
1369 2208 1420 2248 et
1454 2198 1511 2247 in
1551 2199 1734 2248 talium
1772 2214 1984 2265 quoque

276 2310 454 2343 rerum
502 2292 937 2358 contemplatione
988 2302 1130 2342 tenet
1187 2293 1436 2342 animum.
1521 2291 1690 2342 Simul
1740 2293 1984 2342 ultimum

275 2388 376 2437 hoc
414 2405 623 2438 carmen
661 2398 738 2438 est
777 2389 868 2438 ubi
902 2388 1150 2439 rusticam
1193 2389 1354 2440 vitam
1390 2399 1441 2439 et
1479 2405 1682 2440 amores
1719 2406 1869 2460 suos,
1919 2391 1983 2440 li-

276 2494 356 2535 cet
390 2485 540 2535 aliter
574 2503 732 2552 quam
770 2502 956 2553 supra,
1003 2485 1336 2538 consociavit.
1407 2485 1546 2536 Nam
1583 2501 1702 2535 cum
1735 2485 1892 2536 Delia
1925 2496 1985 2537 ut

274 2579 414 2630 socia
450 2579 625 2630 vivere
673 2581 885 2630 volebat
926 2581 980 2630 in
1022 2578 1239 2647 praedio
1289 2596 1415 2643 suo,
1466 2581 1588 2631 huic
1629 2581 1826 2632 servire
1868 2583 1982 2634 vult

272 2684 330 2723 ut
379 2671 620 2723 dominae
674 2674 728 2723 in
788 2675 969 2724 alienis
1019 2676 1169 2740 agris.
1259 2674 1388 2725 Inde
1435 2692 1561 2727 vero
1612 2677 1774 2728 crevit
1819 2678 1979 2728 tristis

270 2771 503 2820 morbus·
574 2768 713 2832 Quid
740 2771 976 2821 acerbius
1002 2781 1052 2822 et
1078 2770 1399 2838 desperatius
1427 2783 1615 2839 quarta
1640 2774 1816 2839 elegia,
1849 2774 1977 2842 quid

268 2865 494 2917 flebilius
530 2864 715 2918 sexta?
792 2868 957 2920 Totus
993 2886 1133 2919 nunc
1169 2868 1227 2918 in
1260 2870 1479 2936 proprio
1518 2868 1700 2922 dolore
1734 2883 1977 2925 versatur

269 2961 500 3025 animus,
554 2979 651 3012 nec
701 2962 928 3015 abscedit
980 2981 1010 3013 a
1058 2965 1320 3030 praesenti
1380 2962 1678 3015 conditione
1733 2967 1972 3032 cogitatio

265 3067 466 3124 poetae.
549 3054 720 3118 Quam
771 3058 837 3108 sit
889 3076 1028 3109 nunc
1081 3077 1231 3125 aeger
1279 3078 1484 3126 amore,
1533 3061 1654 3113 inde
1704 3065 1973 3131 intelligaS,

267 3152 411 3219 quod
459 3153 546 3204 vel
594 3153 756 3206 avitas
798 3152 946 3204 sedes
982 3154 1209 3206 vendere
1250 3155 1375 3207 velit
1414 3156 1455 3206 si
1502 3157 1681 3207 iubeat
1716 3158 1970 3224 Nemesis,

266 3247 455 3313 quibus
493 3247 625 3299 nihil
663 3248 831 3297 carius
875 3248 1130 3299 habuerat
1165 3266 1263 3316 per
1298 3259 1460 3300 totam
1495 3251 1683 3316 vitam,
1735 3263 1784 3303 et
1823 3252 1968 3321 quod

261 3342 364 3392 leto
403 3342 507 3391 iam
545 3343 701 3392 vitam
743 3342 1013 3392 finiturum
1052 3343 1212 3394 fuisse
1252 3361 1304 3394 se
1346 3342 1466 3395 dicit
1479 3381 1493 3407 ‚
1547 3345 1648 3396 nisi
1690 3363 1806 3414 spes
1842 3350 1966 3400 reti-

2067 2508 2086 2604 i
