2158 3750
705 235 887 286 LlBR.
926 236 1017 286 lV.
1093 235 1306 286 CARM.
1342 238 1384 287 Ι.
1459 263 1464 267 -
1781 244 1884 290 423

178 378 360 420 amicum
403 379 472 420 vel
515 378 569 420 ad
614 379 878 435 periculosas
918 385 1128 424 terrarum
1163 381 1314 437 plagas
1345 393 1430 424 non
1463 385 1530 425 est
1561 381 1780 437 indignum
1814 386 1881 428 in-

175 473 319 513 genuo
352 459 547 514 homine,
579 467 623 503 et
657 463 798 504 solent
829 461 919 505 fere
948 463 1197 506 solemniter
1226 468 1382 520 poetae
1413 465 1477 507 sic
1507 464 1729 507 declarare
1758 478 1879 508 amo-

176 543 233 584 ris
276 545 578 597 amicitiaeque
621 543 796 585 intimae
837 544 1202 598 magnitudinem,
1250 545 1304 588 cf.
1340 546 1786 589 Mtrscnnnr.1cmum
1824 546 1880 589 ad

172 626 327 669 Horat.
359 626 416 678 ΙΙ,
450 630 492 679 6,
520 627 614 670 init.
689 627 815 669 Nunc
846 631 988 670 autem
1022 627 1091 671 hic
1122 634 1251 684 poeta
1288 642 1365 684 pro
1399 629 1587 672 Messala
1619 629 1763 671 densis
1794 627 1876 671 ho-

168 712 295 753 stium
340 712 492 754 turmis
532 713 650 754 solus
693 713 905 755 obsistere
939 716 1015 754 aut
1060 712 1102 753 in
1136 714 1301 756 Aetnae
1336 714 1527 756 flammas
1570 727 1618 756 se
1660 713 1876 757 conticere

167 806 348 835 ausurus
378 794 575 849 profecto
608 795 783 838 modum
817 795 990 838 excedit
1022 797 1064 838 iu
1094 797 1252 838 talibus
1297 797 1549 851 tenendum,
1597 802 1640 841 et
1682 797 1872 853 speciem

168 874 324 918 habent
370 875 477 920 haee
529 876 621 919 sive
666 878 898 920 iactantiae
930 854 1035 920 ‘sive
1088 879 1347 922 adulationis
1403 881 1588 936 ineptae.
1668 881 1873 926 Ceterum

164 957 429 1001 Huscmcms
474 958 666 1001 defendit
711 960 1042 1003 collocationem
1088 960 1318 1004 verborum
1368 961 1490 1004 solus
1540 962 1716 1012 densim
1774 976 1871 1007 nam

162 1046 324 1084 turmas
366 1042 523 1086 densas
563 1057 684 1098 esse,
725 1046 812 1098 ait,
851 1058 935 1087 non
978 1045 1150 1090 mirum.
1212 1045 1302 1089 Sed
1348 1052 1476 1102 poeta
1521 1049 1701 1104 opponit
1738 1049 1870 1092 credo

146 1124 425 1177 ‘cogitatione
466 1125 611 1168 densis
653 1127 804 1170 turmis
843 1128 1039 1181 singulos
1081 1128 1248 1182 equites
1280 1129 1425 1184 plures
1455 1143 1480 1171 a
1510 1131 1638 1173 variis
1673 1131 1868 1186 partibus

158 1208 386 1251 irruentes.
449 1208 546 1252 Nec
575 1210 693 1265 quod
724 1212 766 1253 in
807 1212 1004 1266 sequenti
1037 1225 1163 1255 versu
1189 1226 1385 1268 parrum
1418 1215 1720 1270 praeponitur,
1767 1214 1867 1258 inde

156 1289 318 1332 efficias
352 1289 420 1335 hic
449 1291 573 1335 solus
602 1295 898 1350 praepositum
929 1293 1061 1337 fuisse
1094 1295 1150 1336 ab
1181 1299 1385 1348 auctore,
1421 1308 1519 1339 nam
1549 1298 1691 1339 suavis
1723 1297 1866 1340 varia-

153 1373 216 1415 tio
259 1375 301 1416 in
341 1376 524 1430 talibus,
566 1378 602 1420 si
643 1379 746 1421 licet
786 1379 965 1423 variare.
998 1403 1058 1412 —
1103 1379 1437 1422 subsistere
1482 1377 1520 1421 h.
1553 1393 1592 1423 e.
1636 1380 1864 1434 obsistere,

151 1458 251 1499 Lrv-
282 1458 469 1514 XXVII,
499 1465 553 1503 ⁷:
600 1461 799 1504 Maxime
831 1463 970 1504 movit
1006 1470 1165 1520 patres
1208 1461 1517 1504 Hasdrubalis
1559 1462 1785 1504 transitus
1815 1462 1862 1504 in

151 1540 342 1581 Italiam
382 1541 460 1582 vix
503 1542 758 1605 Hannibali
786 1552 926 1602 atque
956 1544 1053 1586 eius
1096 1543 1234 1585 armis
1276 1543 1602 1586 subsistentem.
1632 1567 1692 1576 —-·
1738 1557 1860 1599 par-

152 1635 269 1664 vum
314 1637 449 1680 corp
463 1638 551 1678 us,
594 1626 727 1669 credo
765 1631 815 1669 ut
849 1639 975 1669 omne
1006 1639 1164 1682 corpus
1195 1625 1422 1668 humanum
1453 1639 1630 1682 parvum
1659 1630 1725 1668 est
1754 1638 1858 1681 prae

150 1708 224 1748 tali
256 1709 438 1751 flamma.
501 1710 603 1755 Quo
636 1711 774 1752 maior
804 1710 1022 1752 videbitur
1051 1710 1243 1753 audacia.
1307 1711 1448 1764 Atque
1479 1712 1539 1752 ita
1569 1711 1853 1751 Donvnmms

150 1791 267 1846 cepit
297 1791 352 1832 ad
387 1789 548 1835 Cliarit.
587 1807 629 1847 p.
658 1795 759 1835 636.
804 1793 924 1848 Lips.
969 1806 1224 1849 comparans
1256 1793 1438 1836 Manu..
1470 1793 1522 1846 V,
1556 1796 1660 1835 591.
1725 1793 1852 1834 Bua-

146 1886 334 1917 ufflmss
376 1888 478 1917 vero
517 1876 571 1917 ad
603 1877 804 1932 Propert.
835 1878 870 1931 1,
906 1882 948 1931 6,
978 1881 1020 1920 3.
1055 1893 1097 1934 p.
1130 1882 1204 1921 60.
1247 1879 1421 1920 coniicit
1456 1892 1662 1933 pronum.
1724 1878 1853 1921 Vun-

145 1970 246 1999 pms
275 1958 439 2011 gracile
472 1971 523 2000 ac
555 1961 685 2000 tenue
727 1959 1062 2014 interpretatur,
1109 1964 1158 2001 ut
1201 1961 1257 2002 sit
1297 1960 1638 2002 adolescentium
1671 1961 1851 2013 elegan-

143 2042 249 2083 tium
289 2048 334 2084 et
363 2048 602 2086 amatorum
633 2056 819 2099 corpus;
865 2044 979 2098 quod
1013 2044 1222 2098 ineptum.
1284 2045 1478 2087 Vossms
1511 2045 1605 2084 Nec
1628 2043 1849 2099 pavidum

140 2124 337 2180 scripsit,
367 2126 548 2168 similem
581 2126 722 2168 locum
754 2137 1008 2182 comparans
1040 2126 1299 2168 Cmunrm.
1333 2125 1476 2178 XVII,
1513 2127 1638 2178 194.,
1684 2125 1759 2167 ubi
1791 2124 1847 2167 de

140 2211 281 2253 iusto!
311 2212 464 2252 Irruet
488 2209 740 2266 intrepidus·
752 2209 969 2266 flammis,
1002 2208 1188 2250 hiberna
1211 2207 1380 2250 secabit
1407 2209 1634 2267 Aequora,
1667 2209 1850 2268 confer-

140 2300 212 2334 tos
257 2291 407 2336 hostes
451 2292 683 2350 superabit
729 2293 922 2336 inermis.
1004 2294 1277 2336 Huscnxms
1330 2295 1475 2336 autem
1531 2308 1610 2334 nec
1659 2308 1845 2349 parcam

140 2378 361 2432 emendat,
407 2379 632 2434 eleganter
670 2392 800 2432 sane,
843 2379 920 2422 sed
965 2392 1118 2421 vereor
1160 2391 1214 2420 ne
1258 2378 1490 2420 inferamus
1534 2379 1770 2430 elegantias
1799 2378 1843 2420 in

138 2460 219 2504 hoc
262 2474 460 2515 carmen,
501 2461 558 2504 de
598 2461 753 2516 quibus
795 2465 950 2504 auctor
993 2474 1074 2502 non
1118 2461 1387 2514 cogitaverit.
1463 2460 1679 2515 Equidem
1721 2464 1841 2503 certe

136 2545 237 2588 nihil
269 2544 338 2588 hic
368 2550 503 2590 muto.
575 2546 810 2589 Manifesto
841 2547 954 2589 enim
986 2559 1027 2589 v.
1054 2559 1248 2601 parvum
1281 2545 1486 2599 opposuit
1517 2556 1556 2585 v.
1593 2543 1842 2589 Aetnaeae,

134 2627 176 2671 Ιι.
210 2642 247 2672 e.
277 2630 442 2684 ingenti
474 2631 670 2673 flammae
702 2629 880 2674 Aetnae.
913 2653 971 2662 —-
1017 2631 1306 2673 Aetnaeae
1346 2628 1626 2679 flammae,
1668 2627 1838 2680 ignibus

133 2714 283 2768 quales
315 2714 520 2767 Aetnaei,
565 2713 626 2756 ait
656 2713 862 2758 Vossius.
922 2712 1012 2755 Sed
1055 2711 1204 2766 quidni
1241 2710 1375 2767 ipsius
1410 2708 1613 2753 Aetnae?
1674 2708 1838 2751 Clean.

132 2794 188 2838 de
218 2795 318 2840 Nat.
349 2797 482 2841 Deor.
512 2796 570 2851 Π,
598 2800 686 2840 38ε
730 2796 908 2854 eruptio
941 2796 1247 2839 Aetnaeorum
1291 2794 1477 2853 ignium.
1540 2792 1664 2836 Adde
1705 2805 1836 2848 supra

131 2890 171 2919 v.
194 2880 270 2919 56.
290 2899 345 2909 —
375 2878 432 2921 V.
458 2880 558 2921 19⁷.
593 2881 694 2922 198.
725 2879 888 2936 optime
916 2880 1184 2936 interpunxit
1216 2879 1551 2921 [nortmannus.
1569 2899 1629 2908 --
1658 2888 1835 2931 regna

133 2959 347 3014 Lydia,
390 2959 470 3012 111,
499 2963 542 3014 3,
571 2963 646 3003 29.
677 2983 739 2993 —
790 2961 934 3004 sama
978 2962 1248 3018 Gylippi,
1299 2961 1371 3015 qui
1418 2959 1592 3003 celeber
1639 2962 1707 3001 est
1747 2957 1835 3000 dux

130 3043 514 3097 Lacedaemonius,
544 3044 828 3098 Syracusanis
855 3045 900 3087 in
930 3044 1046 3088 bello
1075 3045 1445 3101 Peloponnesiaco
1468 3043 1674 3084 adversus
1699 3039 1837 3084 Athe-

128 3128 299 3170 nienses
346 3141 370 3168 a
419 3127 644 3182 Spartanis
691 3127 854 3169 anxilio
900 3127 1071 3172 missus.
1147 3127 1331 3170 Centum
1382 3130 1426 3167 et
1470 3126 1650 3180 triginta
1701 3137 1832 3168 naves

128 3207 448 3252 Atheniensium
480 3209 597 3264 cepit
629 3208 901 3264 incenditque
934 3214 980 3252 et
1009 3210 1247 3263 Syracusas
1279 3210 1333 3252 ab
1365 3207 1588 3252 obsidione
1619 3207 1830 3250 liberavit.

129 3294 310 3337 Constat
341 3293 396 3336 de
438 3307 491 3337 eo
533 3306 589 3336 ex
625 3293 896 3338 Tuncrum.
930 3294 1029 3338 libr.
1059 3295 1133 3339 vl.
1167 3299 1212 3338 et
1245 3294 1340 3339 Vll.
1403 3293 1515 3337 Add.
1550 3293 1755 3336 lsocnm.
1789 3292 1828 3333 in

128 3374 410 3429 Archidamo,
455 3378 697 3421 Pomm«.
739 3378 1002 3432 Stratcgem.
1046 3378 1184 3430 l‚'4‘2.
1261 3376 1546 3419 Nihilominus
1593 3376 1744 3417 mirum
1787 3373 1829 3416 in
