2158 3750
291 242 393 296 344
687 236 1153 293 COMMENTAR.
1190 237 1266 291 IN
1303 237 1590 307 TlssuLm

294 384 365 426 lim
407 383 460 427 ab
504 381 700 425 Hnrmo
743 379 894 424 duram
928 384 972 424 et
1003 385 1246 424 contortam
1282 379 1440 424 dictam
1471 379 1581 424 hanc
1610 385 1989 429 constructionem.

297 465 449 509 Vix-ide
492 464 554 507 sic
599 464 751 506 transit
791 477 816 506 a
858 463 988 506 tertia
1032 475 1214 518 persona
1244 462 1302 505 ad
1331 464 1589 517 secundam,
1636 464 1753 519 quod
1782 465 1990 520 imprimis

295 559 424 601 saepe
470 546 766 591 Paopssmms
816 547 943 599 fecit,
998 548 1055 591 cf.
1103 547 1439 592 LAchANNun
1486 547 1540 590 ad
1583 548 1787 604 Propert.
1825 548 1905 602 111,
1942 553 1989 592 7.

294 643 335 683 p.
367 630 470 671 252.
515 633 559 672 et
589 628 669 682 111,
701 632 771 674 13.
816 643 859 686 p.
888 632 994 671 285.
1058 628 1127 672 Ne
1167 630 1326 683 multa3
1372 629 1527 686 supple
1561 627 1781 671 insomnia
1819 629 1874 672 ad
1921 631 1992 671 Ite

287 711 474 766 procul,
518 717 564 755 et
595 717 820 768 praeterea
853 726 1008 757 revoca
1041 728 1233 760 vanum,
1279 717 1324 756 et
1365 714 1503 769 ipsum
1534 713 1578 756 in
1610 712 1734 755 bonis
1772 711 1994 755 codicibus

292 793 464 837 lectum.
552 795 773 838 Credibile
819 795 932 837 enim
977 793 1118 838 habeo
1166 809 1332 837 vanum
1371 794 1642 853 falsumque
1688 807 1714 836 a
1763 793 1994 848 Lygdamo

291 877 452 920 dictum
484 879 725 932 cumulate,
767 879 850 922 etsi
889 879 1064 922 Tibullo
1106 892 1191 922 non
1237 879 1438 923 tribuam.
1500 878 1698 932 Denique
1729 878 1857 920 etiam
1887 875 1996 919 illud

294 962 469 1005 dubium
493 976 577 1006 non
603 968 684 1017 est,
715 964 818 1018 quin
846 964 1010 1006 somnia
1033 963 1211 1006 visum
1239 968 1508 1006 avertere
1529 967 1650 1005 recte
1675 961 1886 1013 dicantur,
1912 971 1994 1005 nec

292 1050 474 1100 apparet
505 1058 584 1088 cur
612 1045 832 1089 annms
865 1050 910 1088 et
940 1045 1211 1088 Huscffluus
1252 1051 1427 1100 negent.
1490 1045 1697 1091 Quamvis
1729 1044 1841 1087 enim
1873 1043 1996 1086 simi-

293 1129 346 1172 lis
376 1131 703 1186 significationis
732 1132 818 1175 sint
849 1129 1066 1172 somnium
1097 1133 1142 1173 et
1170 1129 1310 1182 visus,
1341 1136 1484 1172 tamen
1509 1131 1638 1172 etiam
1667 1129 1822 1172 subiici
1850 1132 1996 1184 potest

293 1213 476 1256 alterum
508 1215 648 1257 alteri.
710 1215 775 1257 Ac
806 1214 1213 1256 Wunnnnnrcmus
1247 1213 1513 1269 comparavit
1543 1211 1726 1255 Horum·-
1756 1212 1854 1255 Sat.
1881 1210 1919 1264 1,
1951 1214 1998 1265 5,

290 1297 375 1338 84:
406 1303 502 1337 tum
532 1294 763 1337 immundo
779 1293 950 1337 somnia
980 1294 1082 1338 visu
1107 1296 1388 1338 Nocturnum
1418 1302 1584 1338 vestem
1612 1293 1860 1341 maculant,
1890 1294 1998 1338 LIV.

290 1376 369 1430 llI,
398 1381 453 1421 5:
488 1386 792 1437 portentaque
821 1378 919 1420 alia
949 1387 1034 1420 aut
1066 1377 1304 1422 obversata
1336 1378 1477 1421 oculis
1511 1386 1598 1420 aut
1628 1393 1774 1421 vanas
1802 1377 1998 1421 exterri-

291 1460 352 1503 tis
384 1470 667 1506 ostentavere
700 1464 892 1521 species,
924 1465 1116 1510 Vmcm.
1149 1465 1255 1508 Aen.
1286 1463 1367 1517 XI,
1395 1466 1508 1506 271:
1556 1463 1689 1504 Nunc
1720 1461 1862 1503 etiam
1890 1460 1998 1503 kor-

290 1545 410 1588 ribili
443 1546 542 1589 visu
567 1555 782 1604 portenta
813 1556 1093 1608 sequuntur,
1135 1553 1181 1592 et
1209 1549 1312 1602 ΧΙΙ,
1342 1550 1457 1591 2452
1505 1548 1607 1589 Dat
1637 1544 1818 1604 signum
1860 1543 2000 1590 caelo,

290 1643 377 1685 quo
417 1645 505 1670 non
538 1630 827 1686 praesentius
868 1630 1015 1672 ullum
1061 1628 1282 1674 Turbavit
1325 1628 1485 1671 mentis
1524 1627 1679 1672 Italas
1710 1634 1994 1685 monstroque

290 1710 478 1768 fefellit.
552 1712 646 1755 Nos
688 1712 954 1756 adducamus
997 1717 1098 1756 ante
1140 1711 1282 1755 omnia
1326 1711 1511 1756 Homw.
1559 1709 1757 1763 Od.111,
1785 1713 1845 1752 39
1874 1721 1998 1763 sqq-2

291 1808 350 1835 an
383 1793 509 1837 vitiis
540 1802 762 1837 carentem
791 1794 912 1836 ludit
940 1793 1090 1852 imago
1124 1794 1271 1840 Vana,
1303 1807 1420 1852 quae
1447 1800 1584 1851 porta
1605 1791 1799 1851 fugiens
1829 1788 2000 1832 eburna

291 1877 517 1918 Somnium
548 1878 690 1922 ducit.
752 1879 838 1922 Hic
869 1879 1014 1934 imago
1045 1878 1166 1922 ducit
1195 1879 1438 1933 somnium,
1467 1882 1514 1921 et
1543 1882 1592 1920 tu
1622 1889 1757 1931 negas
1784 1875 1996 1920 somnium

290 1960 505 2004 adducere
547 1976 676 2019 posse
719 1964 949 2018 imaginem
993 1978 1073 2008 seu
1117 1965 1293 2007 visum?
1366 1962 1535 2009 Quodsi
1576 1961 1794 2005 adducere
1838 1963 2000 2016 potest,

290 2051 436 2100 potest
467 2048 596 2090 etiam
628 2054 838 2092 avertere.
903 2051 1030 2094 Quae
1062 2061 1158 2091 cum
1188 2049 1251 2090 ita
1280 2049 1392 2101 sint,
1433 2059 1589 2089 sensus
1617 2045 1752 2088 nostri
1789 2043 1872 2086 loci
1903 2047 1994 2086 est:

289 2128 356 2169 lte
404 2130 552 2184 procul
601 2144 698 2174 cum
740 2145 849 2174 vano
896 2132 1094 2187 salsoque
1141 2133 1261 2182 visu,
1311 2132 1418 2174 falsa
1463 2131 1652 2185 imagine
1694 2133 1852 2172 vestra.
1925 2127 1993 2170 De

289 2214 525 2267 asyndeto:
567 2215 653 2262 ite,
683 2216 876 2257 avertite
907 2217 1020 2260 conf.
1053 2217 1153 2260 Tib.
1184 2217 1220 2269 1,
1256 2219 1296 2270 1,
1327 2219 1400 2258 76.
1461 2216 1606 2269 Atque
1636 2212 1742 2256 haec
1774 2211 1996 2254 hactenus.

289 2296 338 2338 ln
380 2302 650 2351 pentametro
693 2297 879 2353 denique
918 2299 1280 2356 simplicissimum
1322 2297 1440 2353 quod
1483 2298 1681 2340 Gxnu’us
1725 2300 1770 2338 et
1808 2295 1997 2338 Tumu-

290 2391 447 2421 scmus
480 2380 785 2426 coniecerunt:
814 2380 863 2422 in
890 2379 1039 2429 nobis,
1073 2380 1156 2426 hoc
1185 2394 1340 2426 sensu:
1373 2382 1520 2425 Nolite
1549 2394 1727 2437 sperare
1758 2393 1829 2423 me
1858 2379 1989 2423 fidem

288 2462 411 2505 vobis
449 2461 706 2510 habiturum.
768 2466 959 2509 Vossms
1000 2468 1075 2522 qui
1120 2468 1163 2510 in
1208 2465 1461 2510 hexametro
1507 2462 1652 2507 somni
1691 2463 1888 2519 reposuit
1930 2475 1996 2518 pr.

286 2544 408 2593 vani,
439 2547 481 2589 in
506 2553 774 2602 pentametro
801 2561 898 2592 cum
922 2549 1128 2592 Munna-o
1157 2549 1356 2604 scripsit:
1388 2546 1594 2590 Desinite
1621 2544 1669 2587 in
1695 2545 1827 2588 vanis
1855 2557 1998 2603 quae-

287 2641 380 2668 rere
413 2628 524 2670 velle
543 2629 688 2684 fidem
716 2632 809 2675 scil.
840 2631 985 2686 vobis,
1017 2631 1289 2674 Huscmcms
1313 2644 1410 2674 cum
1437 2631 1592 2674 l'rAms
1614 2629 1725 2683 legit
1746 2625 1795 2668 in
1817 2625 1997 2673 somni-5,

287 2724 386 2754 cum
429 2713 536 2754 vani
576 2715 800 2771 probasset
843 2717 886 2759 in
930 2715 1200 2761 hexametro.
1274 2717 1375 2762 Non
1409 2730 1520 2773 opus
1550 2719 1618 2758 est
1649 2719 1700 2757 ut
1730 2713 1908 2757 verbum
1941 2711 1997 2754 de

287 2795 352 2840 his
384 2798 554 2844 addam.
614 2801 823 2845 BAcrrms
854 2803 1048 2859 recepit:
1082 2801 1271 2845 desinite
1301 2810 1348 2843 et
1371 2799 1520 2848 vobis,
1551 2801 1699 2843 collat.
1731 2799 1869 2842 Ovm.
1902 2798 1996 2840 Art.

288 2882 385 2925 Am.
426 2882 462 2936 J,
503 2886 604 2926 612.
680 2885 892 2940 Proponit
932 2885 1090 2928 etiam:
1146 2898 1175 2925 a
1223 2883 1363 2929 nobis.
1442 2884 1569 2930 Quae
1622 2882 1848 2936 elegantes
1896 2884 1998 2923 sunt

287 2964 611 3007 emendationes
640 2977 720 3008 nec
751 2970 896 3008 tamen
933 2967 1199 3009 verisimiles,
1262 2968 1327 3010 Ac
1358 2967 1514 3022 copula
1550 2978 1635 3008 non
1669 2969 1756 3006 tam
1789 2976 1995 3006 necessa-

286 3046 349 3086 ria
379 3046 608 3100 videbitur,
641 3048 678 3089 si
710 3049 954 3091 memineris
985 3048 1284 3092 hexametrum
1316 3063 1396 3105 pro
1427 3062 1511 3091 una
1541 3049 1760 3091 sententia
1792 3059 1905 3091 esse.
1933 3067 1994 3080 —

286 3127 340 3170 V.
372 3130 401 3168 5
433 3141 527 3183 sqq.
587 3130 778 3173 Sensus:
835 3130 962 3173 Divi
1007 3144 1141 3175 vera
1187 3137 1414 3175 monent
1462 3131 1606 3174 verbis
1655 3143 1736 3187 per
1779 3133 1902 3172 vates
1948 3134 1994 3172 et

288 3212 489 3265 oracula,
536 3213 670 3267 signis
701 3227 802 3256 vera
834 3220 1009 3258 monent
1040 3229 1120 3259 nos
1151 3221 1309 3270 extag
1361 3229 1485 3270 nam,
1528 3220 1578 3258 ut
1610 3218 1806 3268 constat,
1839 3226 1993 3268 magna

288 3298 376 3336 tum
409 3300 503 3338 erat
534 3293 831 3352 haruspicinae
863 3299 1114 3344 auctoritas.
1145 3323 1206 3333 —
1255 3299 1426 3343 Verba:
1474 3302 1750 3342 venturae
1792 3297 1994 3340 nuntia

286 3379 474 3423 sortis
520 3381 707 3425 vossms
756 3383 1026 3428 incommode
1077 3397 1172 3428 cum
1222 3383 1492 3429 antecedenti
1538 3395 1642 3424 vera
1689 3379 1899 3424 construit
1945 3384 1994 3422 ut
