2158 3750
645 253 825 306 LIBR.
865 254 959 306 IV.
1030 254 1243 307 CARM.
1282 255 1378 306 V1.
1741 260 1842 308 449

152 396 245 450 dei,
282 396 394 439 bene
419 401 615 440 ornatum
645 395 800 439 adesse
834 395 968 448 festo,
1000 395 1055 438 cf.
1086 394 1144 447 11,
1175 398 1219 448 5,
1251 399 1295 438 7.
1327 418 1383 426 -
1429 393 1527 448 fit,
1557 397 1836 441 sacrificatur.

150 480 243 523 Res
272 487 390 526 nota.
422 505 480 513 —
525 481 594 523 De
623 481 744 523 libo
785 480 840 523 cf.
879 480 936 523 ad
965 479 1001 532 1,
1037 484 1081 532 ⁷,
1110 482 1183 522 54.
1228 485 1274 523 et
1314 477 1411 522 vide
1444 479 1503 533 11,
1532 483 1576 534 2,
1606 485 1651 525 8.
1713 483 1837 536 Veni,

149 563 211 603 ait
242 567 393 616 poeta,
425 563 518 617 ipsa
548 562 689 604 visura
719 561 903 605 honores
930 564 1029 603 tuos
1059 566 1104 603 et
1133 559 1242 603 save.
1276 584 1335 592 —
1366 562 1417 604 V.
1444 566 1499 604 15
1529 577 1623 618 sqq.
1673 565 1841 607 Prae-

150 645 299 699 cipit
346 650 400 687 et
445 651 618 688 natae
659 650 744 690 etc.
819 646 1018 688 Alienum
1060 649 1127 687 est
1167 659 1223 684 en
1264 645 1396 698 vulgo
1426 647 1625 702 flectam„
1680 647 1843 689 Sensus

151 739 255 768 vero
286 725 379 769 hic:
421 728 640 783 Praecipit
670 726 842 781 quidem
874 731 1013 768 mater
1042 726 1237 767 studiosa
1270 727 1399 768 etiam
1432 727 1544 768 filiae
1577 727 1691 782 qnod
1722 734 1844 784 optet

152 811 198 849 et
225 814 351 862 roget
382 808 533 862 deam,
578 814 627 850 ut
660 808 754 864 ipsa
784 819 938 862 preces
966 806 1099 858 facit,
1139 807 1213 848 illa
1245 820 1348 848 vero
1380 809 1495 850 aliud
1530 811 1660 852 tacite
1691 823 1844 866 preca-

151 897 235 934 tur.
266 916 327 924 —
369 892 661 943 studiosa,
709 890 951 944 explicant:
998 888 1234 930 commodis
1263 889 1379 930 filiae
1415 891 1693 946 prospiciens.
1740 893 1845 947 ¹Sed

149 973 294 1027 potius
333 986 396 1027 pr.
438 972 643 1014 adverbio
683 969 882 1012 studiose
921 969 1108 1026 accipias
1150 975 1196 1012 et
1224 969 1280 1011 ad
1307 971 1529 1027 praecipit
1563 973 1753 1028 reseras,
1797 981 1846 1018 ut

152 1054 263 1096 dixit
293 1069 333 1096 v.
363 1058 418 1097 3:
460 1069 507 1096 se
537 1053 787 1096 laetissima
816 1053 1024 1109 compsit,
1067 1058 1113 1096 et
1143 1056 1185 1107 4,
1213 1057 1297 1096 192
1345 1053 1538 1095 candida
1568 1056 1755 1114 cogitat.
1789 1081 1850 1090 —-

149 1137 254 1180 iam
298 1151 409 1180 sua.
472 1139 540 1180 De
579 1137 964 1192 significationibus
1005 1138 1134 1179 variis
1176 1138 1437 1193 pronominis
1481 1138 1641 1182 diserte
1671 1142 1850 1196 exponit

150 1219 382 1273 VULPms3
427 1233 540 1262 nnnc
579 1219 672 1260 iam
700 1233 788 1261 sua
817 1224 910 1261 est:
950 1219 1035 1260 iam
1073 1231 1198 1261 suum
1241 1220 1488 1274 arbitrium,
1535 1234 1636 1264 suos
1665 1223 1849 1266 affectus

151 1316 353 1357 sequens,
412 1303 595 1346 Insuave
625 1302 705 1346 hoc
731 1303 879 1346 dicunt
909 1308 953 1345 et
983 1303 1166 1359 probant
1193 1303 1383 1346 Hssmsu
1414 1305 1701 1347 coniecturam
1732 1305 1849 1346 clam

150 1383 250 1426 sibi.
310 1386 477 1428 Tamen
505 1399 617 1440 quae
646 1387 705 1427 ita
737 1385 866 1438 facit,
894 1398 1035 1427 nonne
1067 1389 1134 1427 est
1163 1383 1253 1426 iam
1285 1384 1408 1427 sua?
1430 1410 1491 1417 —
1532 1393 1594 1430 ut
1622 1389 1850 1430 celeres

151 1466 429 1511 flammae.
490 1469 752 1512 Ardeatibus
781 1470 826 1511 in
857 1467 953 1511 soro
983 1469 1158 1523 ignibus
1198 1470 1396 1512 sacrificii
1428 1471 1666 1526 praesentis
1707 1484 1851 1524 causa,

151 1553 342 1594 suaviter
370 1552 470 1595 inde
511 1555 675 1609 petitur
713 1554 989 1610 comparatio.
1021 1577 1081 1585 —
1126 1553 1243 1596 Nec
1284 1566 1418 1595 sana
1462 1553 1646 1595 fuisse
1689 1554 1848 1606 velit,

152 1632 194 1677 h.
227 1647 266 1678 e.
311 1647 395 1677 non
438 1635 520 1678 uri.
584 1636 788 1679 Ceterum
820 1635 876 1678 cf.
918 1647 1050 1691 supra
1078 1634 1136 1687 ll,
1167 1637 1213 1688 5,
1244 1637 1357 1678 110:
1406 1636 1471 1677 Et
1503 1634 1649 1692 faveo
1691 1633 1852 1681 morbo,

153 1725 251 1759 tam
283 1718 418 1759 iuvat
446 1718 540 1774 ipse
576 1717 714 1759 dolor.
771 1717 906 1760 Addit
934 1717 1152 1759 HBYRIUS
1185 1715 1360 1763 Anthol.
1390 1717 1492 1762 Lat.
1522 1718 1602 1771 III,
1633 1732 1702 1774 ep.
1735 1721 1850 1760 1942

151 1801 246 1841 Hic
265 1801 430 1858 juror,
463 1801 559 1848 hic,
588 1802 765 1858 superi,
793 1801 855 1843 sit
884 1800 994 1842 mihi
1018 1808 1281 1858 perpetuus.
1312 1825 1372 1832 —
1421 1803 1476 1845 V.
1511 1806 1567 1844 19
1598 1816 1663 1856 sq.
1723 1802 1854 1844 Diffi-

155 1888 250 1930 cilis
280 1889 416 1931 locus.
490 1888 724 1930 Lectiones
754 1888 1020 1942 antiquiores
1051 1892 1150 1929 sunt
1181 1887 1254 1933 Si,
1285 1886 1383 1932 Sis,
1416 1887 1490 1928 Sic
1518 1886 1670 1928 iuveni
1695 1893 1853 1944 grata.

155 1972 494 2024 Licnnmns,
526 1973 599 2026 qui
630 1985 795 2014 comma
828 1976 926 2026 post
955 1971 1102 2013 velit
1132 1971 1276 2026 posuit
1306 1975 1351 2012 et
1380 1971 1439 2012 Si
1471 1972 1649 2026 recepit,
1682 1971 1856 2013 coniicit

154 2061 334 2110 gratae.
395 2053 581 2096 Videtur
610 2054 745 2107 igitur
775 2053 838 2094 sic
872 2052 1164 2093 intellexisse:
1195 2051 1292 2093 Nec
1321 2053 1462 2094 sanari
1491 2054 1609 2106 velit,
1640 2054 1679 2095 si
1708 2052 1854 2106 mod0,

155 2150 253 2179 cum
284 2137 424 2179 iuveni
453 2142 632 2191 gratae,
674 2136 981 2178 beneficiorum
1012 2140 1184 2178 tuorum
1215 2136 1423 2189 memori,
1466 2137 1687 2191 proximus
1717 2148 1854 2178 annus

156 2221 327 2274 veniet,
369 2219 438 2262 hic
467 2219 583 2262 idem
614 2233 736 2261 amor
764 2219 878 2260 adsit
908 2219 1032 2261 votis.
1094 2218 1215 2260 Alius
1245 2222 1406 2273 puncto
1441 2223 1539 2273 post
1569 2217 1677 2259 velit
1712 2220 1854 2274 posito

155 2302 205 2343 Si
241 2315 304 2357 pr.
345 2302 508 2344 utinam
537 2301 734 2356 accipiat.
805 2300 970 2343 Verum
1009 2297 1182 2339 iuvenis
1212 2298 1267 2340 de
1299 2300 1442 2354 puella
1473 2300 1516 2340 in
1557 2298 1620 2341 his
1652 2300 1856 2342 carmini-

157 2385 237 2426 bus
271 2397 355 2425 non
386 2383 569 2435 dicitur,
599 2382 672 2424 ubi
705 2379 934 2423 Cerintlms
963 2379 1122 2433 ubique
1155 2378 1238 2422 hoc
1268 2393 1423 2423 nomen
1457 2382 1554 2425 sert.
1615 2382 1666 2424 In
1698 2381 1856 2424 editio-

157 2469 283 2510 nibus
313 2472 411 2509 ante
442 2467 747 2509 Scamnum:
778 2463 1022 2506 emendatio
1061 2467 1227 2505 exstat:
1278 2462 1350 2504 Sit
1379 2463 1531 2505 iuveni
1563 2471 1728 2521 grata,
1771 2463 1857 2504 ad·-

157 2552 304 2594 veniet
350 2567 463 2595 cum.
522 2551 671 2594 Lirsn
713 2549 933 2605 Excerpta
977 2548 1184 2605 praebent
1230 2563 1285 2588 ac
1329 2548 1500 2596 veniet,
1546 2551 1608 2592 uti
1654 2551 1784 2593 etiam
1832 2565 1859 2592 a

157 2637 447 2679 Passanu-xo
479 2633 766 2676 emendatum.
835 2634 977 2685 Atque
1008 2629 1084 2672 has
1115 2631 1406 2673 correctiones
1443 2644 1540 2673 cum
1571 2633 1665 2674 aliis
1697 2633 1859 2688 proba-

158 2725 260 2760 runt
288 2719 532 2770 Harmas,
578 2717 789 2768 Vossms‚
833 2715 1261 2769 Wmvnsnnwmm,
1305 2715 1534 2770 anms,
1576 2717 1859 2771 Huscmuus,

159 2804 459 2845 Gonnnnrus.
518 2800 608 2843 Iam
640 2801 723 2842 erit
751 2813 924 2842 sensus:
971 2800 1120 2856 Quare
1154 2799 1243 2857 fac
1286 2806 1340 2840 ut
1382 2814 1490 2841 cara
1531 2799 1595 2842 sit
1637 2800 1860 2848 Cerintho,

161 2902 216 2927 ac
253 2892 359 2942 post
398 2899 565 2925 annum
609 2883 700 2924 iam
740 2883 1019 2926 inveteratus
1059 2883 1122 2926 sit
1168 2883 1241 2924 lzic
1282 2899 1418 2929 amor.
1482 2886 1608 2931 Quae
1638 2888 1859 2943 aptissima

161 2971 376 3015 sententia
405 2975 470 3013 est
499 2970 542 3012 in
573 2970 694 3012 exitu
724 2969 935 3022 carminis,
965 2969 1218 3012 observante
1251 2971 1379 3012 etiam
1411 2971 1588 3023 Vossm,
1627 2972 1710 3031 nisi
1741 2972 1857 3026 quod

164 3068 229 3110 pr.
262 3057 429 3108 grata
459 3052 628 3094 mallem
660 3065 783 3093 cara.
844 3050 1109 3092 Huscmcms
1142 3053 1363 3105 eleganter
1394 3053 1589 3094 coniicit:
1619 3052 1694 3093 Sic
1711 3052 1863 3095 iuveni

158 3137 366 3195 placeat,
407 3148 534 3189 quam
566 3132 664 3176 huic
693 3133 826 3176 verbo
858 3134 1046 3187 glossam
1073 3141 1226 3189 „grata
1257 3136 1342 3177 sit“
1375 3136 1508 3177 videri
1541 3137 1677 3191 possit
1708 3138 1860 3192 aliquis

163 3222 264 3265 olim
294 3219 585 3275 adscripsisse.
649 3216 758 3260 Mihi
788 3217 903 3272 quod
944 3218 986 3260 in
1023 3217 1086 3260 bis
1129 3218 1327 3275 displicet
1369 3221 1578 3271 maxime,
1619 3220 1858 3273 asyndeton

165 3310 257 3358 est,
301 3303 505 3360 placeat,
552 3301 714 3343 veniet.
790 3301 902 3344 Nam
933 3301 1047 3356 quod
1079 3301 1348 3345 Huscnxms
1380 3303 1551 3345 damnat
1582 3305 1780 3358 copulam
1812 3308 1861 3344 ut

166 3385 439 3441 languidam,
470 3385 512 3428 in
544 3397 597 3427 eo
629 3384 791 3427 fallitur
821 3382 931 3428 baud
965 3385 1121 3439 dubie3
1162 3391 1353 3442 praestat
1385 3385 1452 3427 hic
1483 3387 1717 3428 certissime
1750 3387 1860 3428 mol-

1326 3474 1391 3517 29
