2158 3750
319 217 403 278 58
840 217 1147 276 TIBULLI
1203 217 1345 279 LIB.
1382 218 1452 278 II.
1481 231 1524 277 6.

319 368 540 430 15Acer
582 369 791 442 Amor,
845 369 1054 430 fractas
1099 371 1317 431 utinam
1362 385 1458 432 tua
1502 369 1610 431 tela
1656 372 1922 452 sagittaS,

471 478 531 537 Si
578 477 734 549 licet,
794 479 1065 539 extinctas
1112 479 1496 563 aspiciamque
1541 479 1724 539 faces!

385 586 473 642 Tu
517 584 784 644 miserum
831 601 1094 670 torques,
1138 603 1199 648 tu
1243 612 1338 648 me
1382 588 1520 647 mihi
1568 588 1694 647 dira
1738 588 1958 670 precari

471 692 641 772 Cogis
694 708 747 754 et
789 694 991 755 insana
1036 712 1220 756 mente
1262 696 1515 756 nefanda
1558 695 1730 779 loqui.

378 802 497 859 Iam
543 800 691 861 mala
733 801 983 864 finissem
1028 804 1168 877 leto,
1224 805 1325 865 sed
1371 803 1600 865 credula
1645 804 1814 864 vitam

317 926 376 969 20
475 909 621 993 Spes
666 911 816 972 fovet
861 928 914 972 et
959 913 1080 973 fore
1127 937 1251 974 cras
1297 937 1521 996 semper
1565 913 1643 973 ait
1684 911 1901 972 melius.

383 1018 527 1100 Spes
566 1017 663 1078 alit
709 1020 1017 1100 agricolaS,
1081 1022 1224 1105 Spes
1271 1021 1440 1082 sulcis
1488 1021 1667 1082 credit
1706 1020 1876 1080 aratis

466 1128 725 1200 Semina,
778 1152 922 1209 quae
967 1153 1176 1209 magno
1224 1130 1418 1189 fenore
1462 1129 1666 1189 reddat
1711 1151 1878 1209 ager:

382 1235 536 1313 Haec
574 1233 777 1316 laqueo
812 1235 1087 1309 volucreS,
1127 1236 1266 1296 haec
1298 1251 1485 1319 captat
1516 1236 1796 1296 arundine
1823 1235 2025 1318 pisceS‚

474 1343 617 1403 Cum
662 1359 858 1404 tenues
903 1343 1104 1404 hamos
1150 1344 1374 1405 abdidit
1419 1359 1546 1405 ante
1588 1345 1779 1405 cibus:

315 1463 374 1509 25
393 1450 535 1533 Spes
578 1452 744 1512 etiam
785 1452 971 1512 valida
1017 1452 1233 1512 solatur
1277 1453 1551 1535 compede
1595 1452 1846 1513 vinctum

470 1561 680 1639 (Crura
725 1576 933 1620 sonant
975 1561 1153 1634 ferr0,
1207 1561 1309 1621 sed
1355 1561 1507 1622 canit
1543 1561 1692 1620 inter
1734 1563 1940 1643 opus):

378 1667 521 1749 Spes
550 1667 772 1728 facilem
796 1669 1078 1728 Nemesim
1111 1669 1357 1752 spondet
1383 1668 1542 1741 mihi,
1587 1668 1689 1729 sed
1715 1683 1885 1749 negat
1914 1668 2023 1730 illa.

464 1776 571 1835 Hei
612 1775 786 1850 mihi,
842 1801 912 1836 ne
955 1777 1176 1850 vineaS,
1228 1777 1373 1836 dura
1418 1775 1634 1859 puella,
1688 1777 1869 1837 deam.

387 1884 598 1957 Parce,
654 1907 758 1966 per
796 1884 1099 1945 immatura
1144 1900 1272 1945 tuae
1316 1908 1522 1968 precor
1565 1908 1695 1946 ossa
1738 1885 1981 1946 sororis:

313 2007 375 2052 30
473 1993 568 2053 Sic
612 1993 759 2052 bene
806 1993 915 2053 sub
961 2008 1153 2053 tenera
1198 2017 1374 2076 parva
1414 1994 1668 2076 quiescat
1710 1994 1900 2054 humo.

378 2100 483 2161 Illa
526 2101 667 2161 mihi
707 2116 902 2162 sancta
947 2116 1060 2175 est,
1114 2100 1265 2161 illius
1312 2101 1464 2161 dona
1509 2100 1773 2185 sepulcro

471 2210 544 2268 Et
586 2209 904 2270 madefacta
945 2210 1085 2270 meis
1130 2225 1278 2270 serta
1318 2210 1498 2270 feram
1541 2204 1822 2285 lacrimis,

378 2316 536 2376 Illius
584 2317 658 2376 ad
701 2317 982 2378 tumulum
1025 2318 1243 2399 fugiam
1289 2318 1641 2402 supplexque
1683 2317 1895 2379 sedebo

468 2427 542 2487 Et
580 2451 706 2488 mea
751 2452 879 2488 cum
925 2442 1082 2488 muto
1122 2428 1239 2488 fata
1283 2451 1492 2511 querar
1537 2427 1738 2487 cinere.

311 2535 514 2596 35Non
558 2535 700 2596 feret
743 2559 924 2619 usque
969 2560 1135 2596 suum
1181 2551 1234 2596 te
1278 2551 1514 2619 propter
1555 2535 1690 2596 flere
1736 2536 2024 2598 clientem:

458 2644 616 2704 Illius
661 2659 725 2704 ut
765 2644 984 2718 verbis,
1042 2645 1119 2704 sis
1163 2644 1304 2704 mihi
1350 2644 1500 2704 lenta
1543 2659 1700 2718 vete,

432 2904 487 2947 V.
507 2907 578 2948 16.
622 2904 682 2947 Si
722 2904 892 2957 licet,
941 2903 1056 2958 quod
1097 2905 1292 2947 firmatur
1332 2907 1591 2948 auctoritate
1633 2906 1796 2950 codicis
1834 2905 2022 2949 Euom-

314 2999 496 3040 cuus1s,
560 2987 728 3042 putavit
778 2987 864 3029 iam
908 2987 1139 3031 Munss'rus
1190 2987 1436 3042 legendum.
1541 2989 1627 3032 Alii
1684 2989 1783 3031 libri
1836 2988 2020 3034 scilicet.

314 3071 458 3123 Vulgo
500 3068 622 3109 ilicet
662 3083 717 3112 ex
757 3083 843 3111 uno
886 3070 1066 3122 codice,
1117 3084 1202 3124 quo
1245 3085 1329 3113 non
1371 3085 1495 3126 opus.
1529 3095 1590 3103 —-
1666 3072 1721 3115 V.
1745 3074 1819 3114 20.
1864 3070 2021 3112 melius

313 3166 415 3193 cras
448 3150 557 3208 sore
598 3166 764 3207 semper
803 3151 896 3205 ait,
955 3154 1092 3194 malus
1140 3152 1208 3195 hic
1252 3154 1358 3195 ordo
1403 3154 1630 3196 verborum
1680 3166 1819 3209 nuper
1864 3154 2018 3196 iterum

315 3235 474 3292 placuit
506 3237 667 3277 Vossio
700 3239 743 3278 et
783 3236 976 3279 Bmmo.
1051 3236 1139 3279 Sed
1179 3236 1275 3280 vide
1314 3237 1604 3280 Huscuxmm.
1666 3238 1823 3280 Verius
1856 3236 2023 3280 viderat

312 3319 394 3360 iam
431 3318 659 3360 Hermus.
