2158 3750
344 280 446 325 330
749 272 1218 326 COMMENTAR.
1257 273 1332 325 IN
1370 273 1660 326 TIBULLI

345 426 418 476 24,
451 427 524 466 35.
562 423 701 464 Ovm.
733 419 855 464 Fast.
887 421 943 474 V,
973 422 1080 463 426.
1115 421 1294 463 VALER.
1324 420 1496 464 FnAcc.
1525 420 1624 474 Vll,
1653 424 1756 463 203.
1820 426 1882 466 Ac
1913 425 2043 477 vulgo

341 506 488 548 dicunt
518 504 662 546 Latini
695 516 946 559 componere
977 503 1191 565 aliquem,
1238 502 1379 544 rarius
1412 515 1665 558 componere
1697 516 1826 548 ossa,
1871 509 1947 545 aut
1978 503 2041 544 ci-

339 603 505 634 nerem,
547 587 663 642 quod
693 600 792 630 cum
821 587 1064 630 Ponsomfs
1106 588 1267 628 Tracts
1299 585 1393 627 ancl
1421 582 2042 627 Miscellaneous'Criticisms

339 675 422 712 etc.
455 685 498 725 p.
527 673 634 713 381.
679 674 884 723 negasset
918 671 1091 712 omnino
1132 669 1320 722 sactum,
1362 669 1457 711 iure
1488 668 1692 710 refutavit
1723 681 1821 710 eum
1854 667 2039 710 Huscu-

337 765 442 794 κως
486 757 530 794 et
571 754 880 795 Paopnnwmu
911 753 940 794 l.
971 753 1045 794 cit.
1089 752 1392 806 incorruptum
1432 750 1631 794 iudicans
1671 750 1889 794 etOvm.
1920 749 2039 792 Fast.

337 835 414 888 111,
445 838 550 878 547.
594 827 837 892 opponens.
899 837 1045 892 Atque
1077 836 1184 880 haec
1217 835 1438 879 hactenus.
1470 858 1530 865 —
1577 835 1668 877 Iam
1700 847 1742 877 v.
1771 837 1830 877 27
1845 833 1936 876 -ad
1966 834 2039 877 fin.

338 918 549 973 praecipit
579 918 633 960 de
665 919 843 961 titulo
875 918 1060 975 lapidi
1091 918 1571 962 inscribendo.-·
1602 919 1655 962 V.
1685 921 1745 960 27
1777 930 1871 972 sqq.
1901 929 2041 959 mor-

335 1000 410 1042 tis
440 1013 679 1046 causam.
733 1002 994 1057 Inscriptam
1018 1014 1113 1044 eam
1138 1002 1271 1055 vulgo
1298 1001 1586 1043 monumentis
1611 999 1842 1042 ostendunt
1859 998 2040 1041 chn-

333 1097 480 1127 MANN.
513 1084 567 1127 de
596 1085 707 1128 Fun.
738 1085 819 1139 III,
848 1088 924 1127 20.
967 1089 1014 1127 et
1057 1084 1422 1126 Buoucxlmsms
1465 1083 1549 1126 hoc
1593 1085 1717 1136 loco,
1765 1081 2036 1138 probantque

332 1180 547 1210 marmora
574 1169 782 1223 plurima,
822 1172 1000 1210 notante
1033 1169 1163 1210 etiam
1194 1167 1407 1212 HssYmo.
1469 1168 1651 1209 Factum
1682 1165 1726 1209 id
1759 1166 1914 1219 etiam,
1957 1164 2036 1207 ubi

332 1251 428 1305 quis
459 1251 554 1303 ‚sibi
597 1253 680 1307 ipsi
720 1265 894 1294 manum
936 1252 1167 1306 intulerat,
1208 1265 1338 1307 qnam
1369 1264 1460 1296 rem
1491 1254 1635 1292 tamen
1666 1248 1746 1292 boc
1775 1250 1875 1292 loco
1904 1248 2034 1304 poeta
2119 1236 2125 1299 ‚¹

330 1333 536 1376 laudabili
581 1334 742 1377 iudicio
788 1334 1002 1377 indirecte
1051 1335 1327 1390 significabit.
1402 1332 1657 1377 Tenendum
1702 1345 1807 1375 vero
1852 1346 2036 1374 causam
2100 1346 2108 1355 ·

331 1423 421 1473 est,
465 1433 577 1474 quae
608 1421 784 1476 propria
815 1419 885 1463 hic
917 1433 1030 1473 vox,
1071 1432 1154 1462 nec
1191 1433 1289 1462 cum
1320 1418 1566 1461 Huscmcto
1600 1431 1752 1459 casum
1784 1429 1840 1460 ex
1869 1416 2035 1471 aliquot

330 1502 450 1544 libris
496 1502 821 1558 reponendum,
879 1503 983 1549 licet
1029 1501 1074 1544 in
1118 1501 1204 1543 fine
1252 1500 1384 1543 etiam
1433 1513 1588 1544 nomen
1639 1515 1780 1542 causa
1826 1505 2034 1544 recurrat.

326 1586 483 1640 Neque
523 1588 638 1629 enim
679 1585 761 1629 hoc
804 1591 936 1642 poeta
981 1586 1110 1629 dicite
1166 1585 1440 1628 Occubuisse
1480 1598 1551 1628 me
1592 1584 1707 1627 tristi
1740 1595 1845 1627 casu
1879 1583 2032 1626 mortis

324 1669 468 1711 littera
497 1669 684 1723 indicet,
736 1670 814 1713 sed
844 1684 958 1726 quae
989 1684 1121 1713 causa
1154 1671 1309 1713 mortis
1354 1670 1514 1723 fuerit,
1561 1667 1840 1711 demonstret.
1875 1691 1928 1700 -
1977 1667 2032 1711 in

325 1754 554 1796 celebri
597 1754 791 1798 fronte
833 1756 927 1798 scil.
973 1755 1186 1812 sepulcri,
1234 1768 1371 1812 prope
1405 1755 1516 1798 viam
1559 1753 1804 1810 publicam,
1846 1757 1898 1795 ut
1939 1752 2031 1796 fere
2094 1742 2149 1815 ‚⁴7⁴

322 1837 520 1880 solebant
551 1837 652 1893 poni
694 1839 920 1893 sepulcra,
967 1851 1052 1892 qua
1098 1836 1301 1892 frequens
1331 1836 1552 1880 hominum
1583 1835 1800 1879 transitus.
1861 1835 2030 1891 Depre·

321 1925 444 1964 catur
473 1921 557 1964 hoc
586 1923 887 1965 Pnopmvrms
914 1921 995 1975 111,
1027 1925 1100 1975 16,
1127 1925 1212 1965 25:
1243 1920 1310 1964 Di
1330 1920 1524 1980 saciant
1553 1934 1649 1963 mea
1679 1935 1734 1962 ne
1761 1927 1887 1963 terra
1916 1918 2031 1962 locet

320 2021 423 2047 ossa
444 2005 707 2064 frequenti,
749 2007 853 2062 Qua
874 2005 1005 2063 jacit
1047 2004 1232 2046 assiduo
1262 2005 1446 2046 tramite
1475 2003 1644 2064 vulgus
1674 2004 1777 2048 iter.
1845 2003 2030 2060 Lygda-

318 2101 413 2131 mus
443 2093 587 2131 autem
619 2101 747 2142 quam
787 2088 996 2143 plurimos
1027 2087 1177 2141 legere
1218 2088 1394 2130 titulum
1439 2089 1533 2130 vult
1565 2088 2025 2144 cupidus'miseratio-

317 2172 384 2214 nis
424 2170 821 2227 praetereuntium,
874 2175 920 2212 et
961 2169 1132 2213 videtur
1172 2171 1303 2212 etiam
1346 2169 1433 2212 alia
1474 2183 1605 2213 causa
1645 2169 1805 2224 fuisse,
1849 2171 1904 2214 de
1944 2187 2028 2228 qua

315 2266 432 2295 mox.
463 2275 521 2283 -—
572 2253 779 2294 littera
811 2251 954 2294 haec
985 2252 1240 2294 carmina
1271 2257 1462 2306 notet,
1509 2251 1550 2296 h.
1583 2266 1622 2296 e.
1655 2253 1824 2308 signet,
1868 2255 2023 2299 inscri-

317 2334 418 2387 bat,
462 2338 511 2375 ut
552 2340 686 2374 notae
728 2338 829 2376 sunt
869 2332 1026 2376 ductus
1068 2333 1311 2389 scripturae
1345 2347 1379 2377 s.
1423 2335 1622 2389 litterae,
1666 2337 1802 2380 veluti
1838 2337 2020 2383 HouA'r.

313 2419 392 2471 IV,
424 2421 467 2471 8,
499 2420 582 2460 13:
612 2433 699 2459 non
728 2415 874 2459 incisa
905 2416 1024 2459 notis
1056 2432 1281 2459 marmora
1307 2416 1518 2474 publicis,
1551 2423 1596 2462 et
1626 2427 1786 2462 notare
1813 2426 1882 2464 est
1911 2421 2026 2465 scri·
2111 2469 2114 2475 ,

311 2500 416 2541 bere
446 2503 496 2552 ut
527 2500 663 2542 Ovm.
694 2498 836 2555 Epist.
867 2513 924 2543 ex
956 2500 1099 2543 Ponto
1131 2500 1210 2554 111,
1243 2503 1286 2554 4,
1317 2503 1403 2544 26:
1454 2500 1648 2544 venisset
1680 2501 1825 2546 verbis
1856 2503 2020 2547 charta

311 2590 476 2626 notata
508 2580 682 2630 tribus,
714 2583 894 2627 Metam.
927 2584 1007 2638 IX,
1039 2588 1153 2628 5222
1204 2583 1478 2644 damnatque
1511 2582 1704 2628 tabellas
1738 2593 1784 2628 et
1813 2593 1947 2628 notat
1975 2594 2022 2628 et
2106 2609 2110 2614 ·
2146 2565 2148 2614 ἶ

312 2665 461 2715 delet5
495 2665 645 2709 cium.
675 2667 843 2711 Pam.
874 2666 932 2710 11.
965 2680 1036 2723 ap.
1069 2667 1306 2709 Burmann.
1339 2682 1383 2722 p.
1412 2669 1526 2710 480:
1569 2668 1694 2725 Ergo
1725 2667 1948 2726 quidquid
1973 2667 2025 2710 id
2095 2659 2100 2662 ’
2140 2653 2142 2659 ’

309 2755 379 2790 est
420 2748 541 2807 quod
571 2748 743 2791 otiosus
779 2747 947 2806 Templi
988 2747 1061 2789 tui
1100 2747 1354 2804 parietibus
1397 2747 1570 2792 notavi.
1643 2748 1711 2791 Ad
1743 2763 1784 2793 v.
1818 2750 2022 2792 carmina

309 2830 424 2874 conf.
454 2831 594 2874 Ovm.
625 2831 736 2874 Met.
770 2831 829 2884 11,
859 2833 962 2873 326.
1008 2830 1150 2873 Vme.
1183 2831 1291 2873 Aen.
1324 2831 1403 2884 ΠΙ,
1436 2834 1540 2874 287.
1581 2831 1735 2887 Eclog.
1767 2833 1822 2887 V,
1853 2836 1926 2876 42.
1957 2854 2018 2867 -
2099 2830 2101 2833 ’
2135 2811 2138 2838 ³

310 2927 487 2956 causa
529 2914 727 2970 perire
771 2915 1038 2956 constructio
1070 2915 1209 2957 aliena
1241 2928 1266 2957 a
1298 2915 1502 2968 Tibullo,
1551 2916 1804 2971 ceteroquin
1845 2916 2017 2972 saepius
2098 2922 2102 2929 '

312 2999 454 3052 lecta,
498 3003 549 3041 ut
580 3002 778 3051 constat,
826 2997 942 3054 apud
974 3003 1129 3054 poetas
1157 3003 1288 3053 atque
1321 3000 1449 3042 etiam
1480 3000 1525 3041 in
1556 3013 1687 3055 prosa
1718 3001 1916 3043 oratione
1946 3001 2014 3044 in-

308 3084 492 3127 terdum.
554 3084 725 3127 Iuvabit
767 3082 822 3126 de
863 3082 943 3127 hac
987 3085 1170 3139 aliisque
1213 3085 1443 3127 structuris
1476 3085 1674 3128 infinitivi
1708 3086 1858 3140 legere
1901 3098 2012 3140 quae
2086 3100 2087 3103 ¹

308 3165 510 3207 observat
540 3166 602 3208 M.
639 3167 857 3208 Semnum*
893 3166 935 3207 in
981 3167 1311 3219 Programmate
1342 3166 1601 3209 scholastico
1639 3167 1841 3212 Ratibor.
1877 3171 2010 3211 1826.

309 3253 452 3305 Atque
485 3250 591 3293 haec
622 3250 842 3293 hactenus.
904 3250 1064 3292 Restat
1095 3255 1144 3292 ut
1180 3250 1235 3292 de
1267 3255 1362 3294 toto
1396 3252 1518 3294 exitu
1549 3253 1751 3294 nonnulla
1786 3251 2008 3307 addamus,

309 3341 352 3376 et
397 3334 633 3377 indicemus
674 3334 775 3388 quid
822 3335 866 3376 in
915 3347 968 3377 eo
1015 3334 1254 3390 displiceat.
1328 3335 1418 3378 Fac
1459 3349 1483 3377 a
1528 3334 1778 3390 propinquis
1819 3336 2006 3392 positum

315 3415 425 3460 hunc
456 3417 653 3462 titulum=
704 3417 958 3475 Lygdamus
990 3417 1060 3462 hic
1090 3420 1197 3464 situs
1229 3424 1319 3473 est,
1351 3421 1420 3464 cui
1452 3419 1575 3463 dolor
1606 3424 1649 3463 et
1681 3432 1783 3463 cura
1815 3420 2007 3474 coniugis
