2158 3750
327 274 428 322 348
721 265 1193 320 COMMENTAR.
1223 263 1302 319 IN
1339 265 1629 318 TIBULLI

329 412 526 467 Denique
568 409 636 453 hic
666 408 900 454 notandum
932 415 999 453 est
1029 408 1146 465 quod
1180 409 1505 453 LAcnmmNus
1536 407 1765 461 observat,
1805 407 2026 452 Tibullum

327 504 536 547 nusquam
553 489 765 532 mundum
783 504 863 547 pro
888 492 1010 534 caelo
1037 490 1249 548 posuisse.
1267 515 1326 524 —
1358 504 1529 545 amne,
1555 491 1747 543 Oceano,
1771 489 2027 544 ut11,5,60.

324 572 560 628 Epitheton
591 573 928 626 caeruleus,
972 573 1053 615 etsi
1083 572 1288 614 usitatum
1320 573 1454 616 maris
1484 572 1810 628 praedicatum,
1845 584 1931 614 non
1960 576 2028 614 ta-

322 668 420 697 men
451 656 639 699 otiosum
669 654 739 698 hic
771 661 863 710 est;
907 668 1006 699 cum
1047 656 1158 699 enim
1203 669 1259 699 ex
1302 655 1478 699 aethere
1519 657 1562 698 in
1595 669 1726 712 aquas
1757 655 2028 698 descendisse

319 738 436 781 dicat
477 738 690 793 Noctem,
743 739 865 783 addit
902 739 947 783 id
989 741 1274 797 oppositionis
1303 740 1608 793 distinctioris,
1659 737 1854 781 fortioris
1884 750 2027 790 causa,

322 822 466 876 qualia
508 835 640 878 saepe
682 821 798 878 apud
839 821 1064 865 Tibullum
1107 821 1404 876 laudavimus,
1451 835 1549 864 cum
1591 821 1786 875 vigorem
1829 817 2027 862 habeant.

321 904 396 947 Sic
432 905 569 948 Ovm.
600 905 709 947 Met.
739 904 776 958 I,
805 907 910 947 275.
942 905 1066 947 caelo
1096 903 1213 946 Iovis
1248 903 1490 959 pluviisque
1519 903 1629 946 caeli
1664 901 1897 959 opponitur
1926 913 2028 940 cae-

322 986 476 1029 ruleus
506 987 641 1030 frater
671 987 917 1044 Neptunus.
993 987 1094 1031 Non
1125 988 1302 1031 tenebat
1333 986 1414 1032 hoc
1444 989 1668 1042 VOSSIUS‚
1714 987 1787 1042 qui
1816 999 1842 1028 a
1874 983 2028 1028 Noctis

323 1086 451 1116 curru
483 1073 774 1117 descendente
805 1073 952 1116 nescio
979 1072 1196 1128 quomodo
1220 1073 1387 1116 derivat
1413 1071 1526 1116 hunc
1551 1073 1796 1116 caeruleum
1821 1071 2024 1114 colorem.

319 1157 441 1200 Idem
487 1171 572 1201 non
620 1162 741 1200 recte
788 1155 1067 1213 reprehendit
1106 1156 1224 1211 quod
1269 1163 1400 1212 poeta
1443 1161 1602 1200 rotas
1641 1154 1796 1198 Noctis
1842 1153 2026 1196 lavari

320 1243 505 1298 statuat,
550 1252 662 1295 quae
703 1238 807 1293 quid
838 1239 1028 1295 pulveris
1058 1239 1355 1282 contraxerint
1385 1237 1428 1281 in
1464 1237 1643 1281 caelesti
1672 1235 1741 1278 via
1771 1247 1856 1277 non
1888 1247 2026 1290 appa-

318 1329 424 1367 reat.
486 1323 570 1367 Est
596 1337 701 1367 vero
733 1322 801 1367 hic
833 1322 987 1365 lavari
1014 1324 1270 1380 simpliciter
1299 1323 1354 1367 de
1384 1322 1639 1366 madefactis
1671 1321 1804 1374 rotis,
1834 1333 1887 1362 ac
1917 1319 2027 1362 dixit

318 1405 473 1448 eodem
514 1405 644 1448 modo
685 1407 877 1450 Vmen..
908 1406 1075 1460 Georg.
1105 1405 1186 1459 111,
1216 1408 1334 1449 357:
1386 1407 1500 1446 Tum
1537 1403 1626 1447 sol-
1638 1402 1858 1461 pallentis
1899 1401 2028 1444 haud

318 1504 518 1548 unquam
563 1489 752 1532 discutit
794 1487 1003 1538 umbras,
1045 1490 1142 1532 Nec
1182 1503 1282 1531 cum
1320 1487 1525 1532 invectus
1567 1487 1695 1548 equis
1722 1487 1871 1530 altum
1905 1485 2025 1545 petit

315 1570 529 1619 aethera,
572 1586 653 1613 nec
694 1587 792 1613 cum
820 1569 1119 1627 Praecipitem
1158 1571 1324 1613 Oceani
1362 1569 1496 1613 rubro
1532 1569 1651 1612 lavit
1690 1578 1882 1630 &equore
1921 1585 2024 1612 curm

318 1670 431 1701 rum.
457 1680 516 1688 —
546 1657 602 1701 V.
635 1660 693 1699 19
718 1670 812 1711 sqq.
843 1655 1019 1698 menti
1049 1654 1185 1697 deus
1215 1655 1385 1697 utilis
1416 1668 1652 1710 aegrae,
1682 1655 2024 1712 circumscriptio

316 1752 417 1782 vere
448 1740 655 1794 elegiaca.
719 1740 828 1783 Mox
859 1740 1100 1782 Somnus
1130 1738 1242 1782 bene
1274 1742 1342 1781 est
1373 1739 1566 1781 iunctum
1594 1752 1620 1781 a
1642 1738 1806 1782 Vossto
1829 1748 2022 1782 cumu-

315 1823 572 1877 quentibus,
616 1836 744 1878 quam
785 1824 1176 1879 interpunctionem
1220 1823 1404 1879 primum
1444 1835 1470 1866 a
1501 1823 1754 1866 Gmnssmuo
1795 1821 2022 1864 messno

313 1908 453 1950 Novv.
486 1908 631 1950 Lectt.
662 1907 698 1961 1,
732 1911 804 1951 18.
839 1912 1121 1951 monstratam
1163 1907 1437 1951 Huscmuus
1479 1911 1615 1952 notat.-
1678 1907 1788 1950 Cum
1821 1907 1934 1949 enim
1964 1919 2021 1951 ex

311 1990 478 2045 vulgari
507 1992 676 2034 ratione
707 1989 789 2033 hoc
820 2004 988 2034 comma
1018 1992 1061 2035 vi
1085 1993 1200 2035 iusta
1225 1987 1386 2045 careat,
1419 1995 1576 2047 utpote
1605 1989 1858 2033 destitutum
1894 1989 2023 2031 etiam

311 2072 566 2127 pronomine
596 2070 699 2118 ille,
727 2071 845 2126 quod
877 2073 1168 2114 necessarium
1198 2072 1379 2115 absente
1410 2073 1703 2126 substantivo,
1736 2072 1791 2115 ct'.
1822 2072 1880 2116 ad
1912 2073 1948 2127 Ι,
1977 2051 2021 2127 2,

314 2156 418 2208 58.,
458 2167 572 2197 nunc
608 2167 790 2198 nervosa
820 2160 921 2198 sunt
953 2155 1111 2198 omnia.
1144 2179 1203 2187 —-
1253 2156 1479 2200 deficit.
1540 2157 1627 2199 Ubi
1659 2153 1906 2200 sollicitudo
1939 2158 2024 2200 do-

312 2246 430 2277 mum
461 2235 656 2289 obsidet,
699 2236 862 2279 intrare
909 2250 997 2279 non
1027 2238 1146 2279 valet
1175 2250 1380 2291 somnus,
1426 2238 1696 2282 defetiscitur
1726 2253 1808 2284 nec
1844 2247 2021 2298 superat

310 2318 455 2361 limen.
485 2341 544 2349 -
576 2331 782 2362 summo
823 2321 1133 2377 prospexit
1175 2321 1242 2364 ab
1283 2326 1439 2374 ortu,
1484 2335 1582 2364 cum
1612 2323 1696 2366 iam
1728 2323 1857 2366 altius
1887 2336 2020 2380 super

306 2397 576 2444 horizontem
615 2401 937 2455 adscendisset,
983 2406 1033 2444 nt
1076 2407 1196 2446 recte
1237 2407 1385 2446 monet
1424 2404 1626 2449 Vossius.
1701 2403 1812 2447 Nam
1853 2405 2017 2462 primus

307 2489 428 2528 ortus
458 2489 526 2528 est
554 2486 753 2542 proxima
784 2484 997 2528 horizonti
1028 2499 1128 2542 pars
1160 2487 1285 2543 caeli,
1315 2500 1509 2530 summus
1537 2493 1687 2531 autem
1715 2489 1845 2531 altior
1875 2489 2017 2543 regio,

306 2581 360 2611 ac
400 2569 558 2611 nollem
590 2569 1000 2612 Wmsussnmcnms
1040 2569 1196 2624 virgil.
1228 2572 1337 2613 Aen.
1373 2570 1472 2624 vll,
1503 2574 1578 2614 25.
1610 2572 1893 2626 contulisset,
1942 2571 2016 2614 ubi
2096 2547 2115 2613 μἸ
2147 2558 2149 2603 s

307 2648 458 2692 aether
494 2651 607 2694 altus
648 2653 884 2708 opponitur
924 2653 1048 2696 mari.
1110 2654 1309 2709 Denique
1353 2654 1700 2710 prospicere
1742 2659 1810 2698 est
1839 2659 2014 2713 proprie

229 2781 234 2787 ,
310 2746 365 2776 ex
397 2734 486 2776 alto
527 2734 700 2788 videre,
745 2740 794 2778 ut
823 2749 956 2793 supra
984 2737 1044 2790 ΙΙ,
1075 2740 1118 2790 5,
1146 2741 1244 2791 58.‚
1290 2738 1428 2782 Ovm.
1461 2735 1642 2780 Heroid.
1671 2737 1730 2791 Π,
1769 2740 1868 2781 124.
1911 2739 2013 2795 ibiq.

310 2815 568 2860 Ruflnxms.
616 2817 802 2871 Dictata,
834 2819 908 2872 qui
934 2819 1064 2861 etiam
1096 2818 1387 2862 MARKLAND.
1417 2818 1472 2862 ad
1505 2820 1618 2862 Stat.
1653 2821 1762 2865 Silv.
1791 2819 1849 2874 11,
1873 2824 1916 2876 2,
1939 2825 2011 2867 45.

308 2898 470 2941 laudat.
512 2921 572 2930 —-
629 2901 686 2943 V.
717 2903 776 2941 23
809 2913 874 2953 sq.
935 2899 1066 2952 Hic,
1120 2904 1247 2953 tunc,
1304 2901 1439 2943 veluti
1482 2902 1622 2946 Vme.
1663 2902 1769 2946 Aen.
1811 2903 1868 2956 11,
1912 2907 2010 2948 199.

307 2981 460 3036 Neque
492 2987 637 3024 tamen
669 2982 868 3024 Tibullus
900 2981 1024 3025 dixit.
1086 2983 1195 3026 Mox
1239 2988 1402 3026 casta
1446 2984 1636 3038 lauro,
1685 2997 1797 3040 quae
1838 2986 2013 3042 proprie
2098 2991 2099 2994 ’

306 3064 362 3105 ob
398 3063 608 3120 Daphnen
641 3065 922 3107 castissimam
965 3065 1177 3120 virginem
1220 3071 1288 3108 est
1328 3065 1445 3109 dicta
1493 3067 1536 3109 in
1579 3067 1746 3111 laurum
1789 3073 2010 3124 mutatam,

302 3157 414 3187 nunc
446 3147 565 3189 vides
595 3142 646 3188 τὸ
681 3142 810 3201 ἁγνόν
843 3148 1054 3204 Apollinis
1087 3147 1167 3203 (cf.
1200 3150 1422 3194 Memmi.
1453 3150 1568 3194 Hist.
1602 3151 1706 3196 Dor.
1738 3151 1774 3206 Ι,
1804 3166 1845 3208 p.
1879 3154 2010 3210 302.)

307 3223 551 3280 designari,
592 3228 714 3272 cuius
754 3229 883 3272 etiam
925 3231 1096 3287 species
1129 3235 1248 3274 casta
1281 3236 1348 3274 est
1397 3237 1445 3275 ut
1486 3233 1670 3276 animus.
1705 3255 1760 3266 ·-
1815 3241 2010 3281 nostra

309 3321 524 3363 ponere
555 3312 689 3355 sede
722 3313 932 3368 pedem.
994 3313 1139 3357 Carm.
1170 3315 1225 3357 ad
1260 3297 1511 3358 MssssALAM
1545 3329 1586 3359 v.
1622 3319 1698 3358 13:
1744 3317 2010 3361 Molorcheis

304 3393 454 3447 posuit
500 3395 694 3455 vestigia
739 3395 893 3445 tectis,
941 3396 983 3441 h.
1017 3412 1053 3444 e.
1098 3400 1285 3445 intravit.
1349 3402 1587 3445 Puerum.
1627 3399 1683 3454 ll,
1726 3403 1769 3454 9,
1801 3403 1885 3445 45:
1932 3416 2007 3444 nec

2131 957 2154 1000 «κ’

2127 1003 2158 1033 ry?

2127 1036 2155 1067 f'*

2151 1078 2155 1095 l

2112 1095 2157 1124 fl·-

2116 1227 2125 1235 u

2104 1267 2107 1270 ·
2144 1259 2158 1283 ,Ω

2149 1363 2157 1390 1¹.

2091 1415 2157 1606 ,ᾗ

2115 1574 2118 1583 ι

2104 1585 2146 1808 ἓ

2122 1852 2132 1875 “ι

2127 1927 2146 1950 ..5
