2158 3750
308 255 388 313 66
753 240 1059 300 TIBULLI
1117 237 1256 294 Llss.
1295 236 1389 293 Ill.
1422 247 1465 292 3.
1496 246 1540 291 4.

377 405 472 464 Me
517 413 674 461 vocet
715 397 776 455 in
818 407 1004 453 vastos
1048 413 1242 450 amnes
1285 388 1622 470 nigramque
1666 385 1934 471 paludem

458 510 628 569 Dives
668 505 727 564 in
771 503 976 583 ignava
1018 498 1240 559 luridus
1279 497 1465 556 Orcus
1511 517 1672 577 aqua.

856 843 1292 895 ELEGIA
1369 840 1464 891 IV.

376 972 511 1083 Dii
557 1019 789 1080 meliora
834 1019 1048 1093 ferant,
1105 1041 1208 1077 nee
1255 1015 1369 1075 sint
1409 1012 1694 1074 insomnia
1737 1034 1896 1081 vera,

463 1131 626 1209 Quae
671 1128 797 1187 tulit
838 1127 1102 1185 hesterna
1145 1124 1392 1206 pessima
1440 1137 1605 1181 nocte
1649 1120 1826 1202 quies.

383 1243 461 1298 Ite
509 1235 740 1320 procul,
790 1235 952 1306 vani,
1003 1232 1325 1314 falsumque
1369 1229 1597 1289 avertite
1638 1227 1852 1286 visum:

461 1343 716 1404 Desinite
762 1342 823 1400 in
866 1340 1010 1400 votis
1055 1360 1326 1422 quaerere
1367 1336 1506 1396 velle
1546 1334 1734 1395 fidem.

344 1453 520 1514 5Divi
562 1474 693 1511 vera
736 1464 998 1522 monent,
1052 1461 1321 1507 venturae
1367 1443 1568 1504 nuntia
1612 1441 1780 1503 sortis

465 1564 613 1621 Vera
657 1572 891 1618 monent
927 1556 1132 1616 Tuscis
1177 1569 1300 1614 exta
1346 1552 1589 1636 probata
1631 1549 1798 1610 viris:

377 1669 611 1729 Somnia
655 1666 844 1726 fallaci
887 1665 1094 1724 ludunt
1137 1662 1435 1723 temeraria
1475 1674 1640 1720 nocte

465 1778 538 1836 Et
575 1775 811 1857 pavidas
852 1788 1068 1833 mentes
1111 1770 1255 1831 falsa
1298 1770 1494 1829 timere
1536 1767 1764 1827 iubent:

382 1886 455 1944 Et
497 1898 692 1942 natum
735 1883 794 1941 in
842 1905 1006 1942 curas
1045 1879 1344 1939 hominum
1387 1899 1566 1958 genus
1606 1873 1797 1934 omina
1838 1869 2021 1931 noctis

321 2005 378 2051 10
473 1993 650 2050 Farre
692 1990 790 2072 pio
831 1989 1059 2071 placant
1103 2001 1158 2046 et
1197 1985 1429 2046 saliente
1473 1983 1630 2044 sale?

386 2100 459 2158 Et
495 2113 711 2171 tamen,
763 2112 1051 2179 utcunque
1093 2109 1201 2167 est,
1252 2093 1365 2153 sive
1407 2091 1489 2151 illi
1522 2114 1654 2151 vera
1689 2087 1935 2161 moneri,

469 2205 738 2265 Mendaci
784 2228 985 2264 somno
1033 2201 1261 2263 credere
1309 2201 1424 2260 sive
1467 2198 1686 2272 volent,

435 2430 491 2474 V.
507 2432 550 2472 2.
591 2426 863 2472 hesterna
899 2430 1113 2473 meliores.
1173 2429 1320 2483 Vulgo
1349 2434 1548 2468 extrema
1580 2438 1637 2468 ex
1667 2423 1922 2467 Cuucnmo
1944 2429 2025 2463 're-

321 2515 527 2557 centiore.
559 2537 617 2546 —
688 2516 743 2559 V.
760 2519 804 2559 3.
843 2530 1011 2557 vanum
1050 2516 1297 2558 Consensus
1336 2513 1462 2557 codd.
1496 2514 1754 2566 WITTIANI,
1805 2511 2025 2563 Dmum,

319 2599 588 2640 Asxsswmm
614 2601 658 2640 et
674 2611 745 2652 pr.
770 2597 972 2640 EBonAc.
997 2612 1066 2654 ap.
1085 2598 1267 2640 menn.
1314 2610 1374 2638 va
1389 2597 1440 2638 ni
1470 2596 1627 2638 PAms.
1647 2598 1691 2636 et
1712 2608 1795 2636 rec.
1819 2592 2022 2636 Enonm.

322 2684 368 2723 et
398 2679 569 2722 omnino
599 2679 735 2722 maior
765 2693 864 2735 pars
893 2679 1124 2732 librorum,
1170 2690 1427 2733 quamquam
1457 2690 1542 2719 non
1573 2680 1640 2718 est
1667 2687 1832 2718 verum.

440 2787 494 2830 V.
509 2788 552 2829 4.
582 2786 637 2828 in
667 2785 819 2830 votis
845 2785 957 2827 libri.
1017 2786 1164 2839 Vulgo
1187 2784 1234 2826 in
1255 2782 1379 2826 vobis
1401 2783 1456 2826 de
1479 2783 1728 2825 coniectura
1749 2782 2021 2824 Sameram.

322 2866 455 2908 Imm
496 2865 543 2908 in
579 2866 767 2921 somnis,
810 2866 926 2922 quod
966 2866 1119 2922 probat
1155 2866 1451 2918 Huscmcws,
1495 2869 1703 2919 sequente
1738 2864 2024 2915 Gonnmzro3

325 2950 526 2992 Sumus
571 2947 779 2992 inventis.
852 2949 1058 2992 BAcmtrs
1099 2956 1145 2990 et
1182 2947 1304 2991 vobis
1346 2948 1416 2990 vel
1457 2961 1487 2987 a
1528 2943 1668 2992 nobis,
1737 2945 2026 2989 Probabilitet

325 3032 521 3074 Gnarus
553 3035 598 3073 et
629 3031 944 3074 Tmunscmus
983 3030 1031 3073 in
1065 3029 1202 3074 nobis.

443 3136 498 3180 V.
519 3139 562 3178 9.
602 3135 674 3178 Et
711 3136 835 3190 libri,
878 3142 1012 3179 recte.
1071 3136 1219 3190 Vulgo
1250 3134 1320 3178 At
1361 3133 1416 3177 de
1451 3133 1696 3176 coniectura
1728 3131 1937 3175 MunE'rI.

443 3239 496 3283 V.
522 3241 592 3281 11.
635 3238 706 3281 Et
746 3243 946 3284 tamen.
1018 3240 1165 3294 Vulgo
1203 3238 1293 3280 Sed
1332 3245 1481 3279 tamen
1525 3250 1582 3279 ex
1620 3237 1850 3279 ΤΗυΑΝΕο
1893 3235 2028 3289 Gyeti

325 3320 442 3374 solo,
486 3322 546 3363 ait
572 3320 905 3366 LAcHMANNUs.
968 3322 1068 3366 Non
1099 3326 1217 3366 recte
1248 3321 1381 3376 igitur
1410 3320 1651 3363 Fnonnm.
1683 3323 1728 3363 et
1757 3319 1918 3364 Vmc.
1949 3317 2027 3362 ad-
