2158 3750
362 330 456 375 156
754 319 1221 375 COMMENTAR.
1259 320 1332 371 IN
1371 321 1655 373 TIBULLI

351 466 513 509 Tibulli
558 463 712 507 verbis.
773 463 939 506 Domos
969 462 1204 518 Tyriorum
1249 463 1518 518 praecelsas,
1564 462 1620 507 de
1664 464 1820 517 quibus
1867 463 2053 507 Smmsso

352 556 499 594 narrat
527 548 647 591 XVI.
682 562 724 604 p.
756 550 886 600 757„
933 553 1086 588 turres
1115 547 1307 607 appellat
1341 545 1650 604 (vielsto'ckige
1681 545 2055 588 Handelslaiiuser

353 633 432 676 mit
478 632 622 674 hohen
661 629 983 689 Aufso'itzen)‚
1031 629 1392 684 quemadmodum
1437 631 1568 673 etiam
1614 630 1721 672 alias
1750 629 2052 674 maritimarum

351 717 521 760 urbium
553 716 707 758 domus
739 715 1024 758 nominantur.
1085 717 1252 758 Avnm.
1284 714 1501 769 Descript.
1535 713 1592 760 Ο.
1632 713 1688 756 Τ.
1724 715 1869 756 1076:
1915 723 2050 768 caput

351 797 462 839 altis
494 795 698 839 turribus
739 795 875 852 eff'ert
905 793 1128 844 Laodice,
1177 801 1223 838 et
1264 799 1405 838 1086:
1452 796 1642 837 Eme-sus
1670 817 1731 834 -—·
1758 792 1883 837 subit
1914 807 2052 835 auras

349 878 554 922 turribus
593 879 642 921 in
685 879 852 922 coelum
895 879 1156 923 nitentibus.
1219 879 1468 923 Secundum
1499 880 1636 922 an.
1670 879 1726 932 V,
1757 881 1828 921 13.
1890 877 2053 921 Caesa·

348 979 422 1008 rea
459 964 503 1007 in
543 965 791 1008 Palaestina
833 965 935 1008 olim
971 965 1129 1007 Turris
1160 964 1390 1006 Stratonis
1431 964 1562 1008 dicta.
1624 964 1758 1007 Tales
1790 963 1920 1006 etiam
1951 968 2053 1006 sunt

346 1046 553 1103 speculae
583 1048 726 1102 Abydi
757 1049 896 1093 Ovm.
931 1048 1111 1092 Hel-oid.
1140 1032 1306 1101 XVIII,
1340 1052 1408 1092 12.
1471 1048 1584 1092 Vide
1624 1046 1731 1091 baec
1762 1053 1808 1091 et
1846 1047 1931 1090 alia
1973 1061 2051 1090 nom

347 1135 509 1174 tantem
550 1132 800 1174 Onmmtm
832 1131 875 1173 in
912 1130 1119 1173 Seebodii
1165 1130 1339 1173 Hori-eo
1383 1129 1534 1186 philol.
1574 1136 1624 1174 et
1668 1129 1912 1187 paedagog.
1954 1142 2049 1173 ann.

345 1215 480 1256 1825.
529 1227 571 1268 p.
603 1215 708 1256 460.
739 1233 800 1245 —
855 1212 1046 1255 Prima
1095 1217 1277 1254 ratem
1326 1213 1518 1254 ventis
1561 1211 1808 1255 credere
1853 1211 2048 1265 docta«,

342 1274 561 1337 trilmente
593 1299 725 1349 poeta
754 1293 927 1348 Tyriis,
969 1293 1084 1349 quod
1120 1294 1210 1337 fere
1241 1293 1297 1337 de
1327 1291 1620 1337 Phoenicibus
1651 1295 1891 1349 generatim
1922 1308 2049 1351 prae-

342 1377 479 1420 dicari
510 1378 636 1430 solet,
666 1376 985 1431 navigationem
1013 1377 1068 1418 ab
1095 1377 1148 1418 iis
1170 1376 1402 1420 inventam.
1456 1373 1583 1440 Fide.
1595 1378 1716 1420 locos
1738 1389 1810 1432 ap.
1832 1376 2048 1419 Buoucx—

342 1474 519 1504 nusum
549 1473 647 1504 cum
678 1460 875 1505 D1o1vrs,
907 1461 1109 1505 Pmusse..
1140 1463 1228 1503 907
1259 1473 1353 1515 sqq.
1397 1465 1442 1503 et
1463 1473 1593 1515 =quos
1636 1459 1856 1503 Hqutrs
1901 1459 2051 1502 laudat

341 1547 458 1589 viros
488 1546 656 1599 doctos,
687 1545 886 1588 ΜιαΝοτ
917 1546 964 1594 iuv
987 1546 1123 1590 Mem.
1149 1545 1206 1588 de
1228 1544 1393 1589 l'Aoad.
1420 1545 1497 1588 des
1520 1545 1655 1588 Iuscr.
1686 1544 1815 1589 Tom.
1840 1543 2048 1589 XXXIV.

340 1633 386 1671 et
416 1628 618 1671 Bnnwr
650 1627 850 1682 Analysis
881 1627 932 1670 of
956 1628 1130 1670 ancient
1160 1626 1344 1682 Mythol.
1376 1642 1420 1684 p.
1442 1630 1532 1688 225
1562 1641 1658 1682 sqq.
1691 1647 1754 1662 -·
1787 1628 1842 1672 V.
1866 1630 1922 1670 21
1948 1641 2046 1683 sqq.

338 1714 428 1756 Iam
461 1726 487 1756 e
513 1713 643 1766 Syria
672 1713 716 1754 in
747 1714 1004 1769 Aegyptum>
1025 1725 1107 1755 nos
1136 1712 1257 1756 ducit
1286 1713 1436 1757 itidem
1467 1715 1753 1770 compositam
1783 1726 1810 1756 a
1843 1712 2048 1767 Messala,

339 1801 385 1839 et
414 1809 527 1838 nunc
556 1795 731 1850 quidem
765 1795 871 1837 mari
910 1794 1060 1849 Tyriis
1101 1794 1263 1838 dilecto
1305 1801 1584 1852 opponuntur
1613 1796 1709 1851 agri
1750 1799 1924 1846 arentes
1955 1796 2043 1840 Ae·

338 1878 490 1933 gypti,
533 1891 645 1932 quos
676 1877 803 1920 Nilus
838 1877 1067 1931 fecundat,
1113 1881 1246 1934 poeta
1277 1890 1358 1934 per
1387 1882 1525 1922 totam
1555 1877 1664 1922 hauc
1694 1878 2044 1935 descriptionem,

336 1967 385 2003 ut
411 1960 555 2014 vides,
589 1973 683 2003 eam
714 1962 858 2014 legem
891 1960 1177 2014 observante,
1208 1959 1264 2004 de
1294 1964 1379 2016 qua
1410 1972 1543 2017 supra
1574 1961 1680 2005 dixi.
1740 1960 2045 2006 Nomiuaveria

336 2050 534 2088 catenam
581 2043 919 2099 oppositionum·
958 2067 1019 2076 -
1068 2045 1278 2087 Sirius.
1354 2045 1527 2089 Crescit
1563 2045 1700 2088 ‚Nilus
1721 2045 1791 2088 «iu
1840 2045 2043 2090 inferiore

337 2130 539 2184 Aegypto
570 2127 687 2171 circa
717 2132 860 2170 ortum
893 2127 1023 2182 Sirii,
1055 2127 1110 2170 cf.
1139 2129 1275 2172 PmN.
1307 2130 1362 2182 V,
1394 2133 1437 2184 9,
1471 2134 1543 2173 10.
1569 2152 1630 2164 -
1669 2130 1882 2186 findit,
1910 2132 2045 2176 veluti

335 2211 474 2254 Vme.
503 2210 670 2264 Georg.
700 2209 758 2262 11,
789 2212 892 2252 353.
921 2233 982 2242 —-
1019 2210 1275 2264 aestiva,
1307 2212 1448 2266 qualis
1481 2217 1650 2256 aestate
1678 2223 1779 2257 oeae
1807 2214 1950 2268 solet,
1976 2212 2044 2258 fe-

333 2291 561 2333 cundante.
590 2313 651 2322 -
702 2289 989 2344 abundet,
1035 2291 1311 2335 coniunctivo
1353 2293 1509 2347 modo,
1553 2294 1629 2349 qui
1668 2293 1741 2339 hio
1764 2295 1950 2350 quiden-
1975 2300 2043 2340 te·

332 2375 498 2418 nendus
527 2374 699 2418 videtur
727 2387 826 2418 eum
857 2373 1185 2429 Lacmumvo3
1227 2375 1469 2420 videbimus
1499 2381 1646 2421 tamen
1676 2377 1815 2422 semel
1839 2377 2042 2422 indimi-

331 2471 432 2501 vum
472 2458 517 2500 iu
564 2455 645 2500 hac
685 2458 1010 2501 constructione
1050 2458 1161 2502 infra
1198 2458 1256 2512 ll,
1287 2461 1331 2514 4,
1364 2461 1438 2503 18.
1467 2477 1525 2493 -—
1559 2446 1626 2506 'V.
1657 2464 1718 2505 23
1752 2474 1849 2517 sqq.
1909 2461 2041 2506 Nile

334 2547 524 2599 pater,
557 2541 775 2585 communi
800 2542 1029 2586 fluviorum
1055 2541 1344 2599 epitheto.—
1376 2545 1718 2589 occuluisse
1745 2551 1950 2602 caput,
1977 2547 2042 2591 si-

330 2628 490 2671 militer
521 2626 632 2669 dixit
661 2627 801 2670 Ovm.
828 2626 940 2671 Met.
971 2628 1028 2681 11,
1054 2630 1176 2671 255..
1221 2627 1334 2672 Vide
1364 2627 1421 2670 de
1449 2629 1602 2682 ignoto
1631 2628 1722 2671 Nili
1752 2629 1898 2686 capite
1928 2642 2038 2684 quos

329 2711 768 2754 lescnssnmcmtrs
803 2708 951 2753 laudat
981 2711 1035 2753 ad
1071 2711 1224 2753 Horat.
1256 2710 1334 2763 lv,
1368 2714 1438 2766 14,
1470 2715 1546 2757 45.
1567 2736 1626 2746 -
1655 2714 1871 2758 Pluvio
1897 2714 2038 2769 lovi,

329 2795 403 2848 qui
432 2789 588 2841 Ὑέτιος
619 2793 819 2836 Graecis.
853 2815 913 2825 --
941 2793 1244 2848 supplicat
1283 2790 1462 2836 herba
1493 2794 1635 2840 Iovi.
1696 2795 1882 2840 Confert
1909 2797 2035 2842 Vnt.-

327 2891 429 2922 Pms
461 2879 650 2921 Pausan.
681 2878 820 2930 1,24.
860 2877 936 2931 qui
966 2881 1178 2919 memorat
1210 2875 1392 2920 Athenis
1434 2878 1527 2935 Γῆς
1557 2874 1781 2933 α’γαλμαι
1763 2848 2035 2936 ἱκετευούσης

325 2946 429 3002 ἶσαι
466 2959 506 3001 οἷ
546 2956 622 3001 τὼν
662 2958 776 3010 Δία,
819 2965 865 3002 et
897 2960 958 3003 M.
991 2961 1192 3005 Antonin.
1223 2961 1319 3006 libr.
1352 2963 1406 3006 V.
1453 2962 1542 3004 τῶν
1579 2964 1641 3010 εἰς
1678 2958 1836 3005 ἔαυτόν
1877 2977 1942 3007 nr.
1973 2970 2032 3008 ⁷·

327 3041 447 3102 Ειῖχη
488 3041 758 3100 Ἀθηναίων,
805 3058 934 3094 υσον,
981 3059 1084 3087 ισον
1124 3061 1156 3086 ω
1201 3045 1296 3094 φίλε
1338 3046 1423 3087 Za·
1462 3062 1576 3087 κατα
1615 3046 1695 3103 τῆς
1726 3042 1919 3105 ἀρούρας
1952 3049 2035 3105 τῆς

325 3122 520 3183 Λθηνα’
521 3143 578 3167 ων
608 3129 682 3167 καὶ
710 3129 798 3168 τῶν
831 3127 930 3168 πεδί
914 3143 1000 3170 ι.ων
1064 3127 1192 3183 Apud
1223 3127 1445 3170 Tibullum
1478 3141 1561 3171 non
1598 3133 1667 3172 est
1697 3130 2032 3186 prosopopoeia,

325 3208 403 3251 sed
442 3207 739 3263 metaphorica
780 3208 929 3253 dictio.
992 3210 1135 3264 Atque
1168 3207 1274 3252 haec
1307 3209 1362 3252 de
1395 3210 1512 3254 Nilo.
1574 3211 1665 3253 lam
1710 3215 1945 3266 antequam
1975 3213 2029 3255 ad

324 3291 552 3345 sequentia
597 3295 890 3346 transeamus,
946 3294 1190 3336 recorderis
1239 3294 1366 3336 velim
1414 3306 1593 3346 eorum,
1639 3307 1751 3349 quae
1799 3295 1841 3337 in
1887 3295 2031 3339 Intro-

326 3373 527 3416 ductione
566 3373 621 3416 de
665 3388 792 3417 causa
837 3374 987 3418 harum
1031 3375 1118 3418 Nili
1162 3374 1335 3418 laudum
1381 3377 1576 3432 exposui.
1641 3375 1740 3419 Noli
1773 3378 1886 3420 enim
1919 3376 2028 3421 forte

326 3467 486 3511 negare
518 3457 765 3512 propiorem
798 3471 996 3513 causam,
1042 3465 1091 3503 ut
1118 3460 1237 3505 dieas
1269 3472 1365 3504 esse
1399 3473 1488 3504 rem
1523 3460 1694 3504 omnino
1727 3461 1828 3505 ideo
1857 3461 2027 3515 saetam,
