<?xml version="1.0" encoding="UTF-8"?>
<!DOCTYPE html PUBLIC "-//W3C//DTD XHTML 1.0 Transitional//EN"
    "http://www.w3.org/TR/xhtml1/DTD/xhtml1-transitional.dtd">
<html xmlns="http://www.w3.org/1999/xhtml" xml:lang="en" lang="en">
 <head>
  <title>
</title>
<meta http-equiv="Content-Type" content="text/html;charset=utf-8" />
  <meta name='ocr-system' content='tesseract 3.04.00' />
  <meta name='ocr-capabilities' content='ocr_page ocr_carea ocr_par ocr_line ocrx_word'/>
</head>
<body>
  <div class='ocr_page' id='page_1' title='image "./carminaexrecensi01tibuuoft_0713.png"; bbox 0 0 2158 3750; ppageno 0'>
   <div class='ocr_carea' id='block_1_1' title="bbox 601 225 1826 285">
    <p class='ocr_par' dir='ltr' id='par_1_1' title="bbox 601 225 1826 285">
     <span class='ocr_line' id='line_1_1' title="bbox 601 225 1826 285; baseline 0.007 -9"><span class='ocrx_word' id='word_1_1' title='bbox 601 225 787 278; x_wconf 87' lang='lat' dir='ltr'>LIBR.</span> <span class='ocrx_word' id='word_1_2' title='bbox 822 227 916 279; x_wconf 88' lang='lat'>111.</span> <span class='ocrx_word' id='word_1_3' title='bbox 989 228 1194 280; x_wconf 88' lang='lat' dir='ltr'><strong>ELEG.</strong></span> <span class='ocrx_word' id='word_1_4' title='bbox 1229 229 1323 281; x_wconf 87' lang='lat' dir='ltr'>VI.</span> <span class='ocrx_word' id='word_1_5' title='bbox 1726 239 1826 285; x_wconf 81' lang='lat'>381</span> 
     </span>
    </p>
   </div>
   <div class='ocr_carea' id='block_1_2' title="bbox 126 368 1831 676">
    <p class='ocr_par' dir='ltr' id='par_1_2' title="bbox 126 368 1831 676">
     <span class='ocr_line' id='line_1_2' title="bbox 129 368 1831 425; baseline 0.002 -14"><span class='ocrx_word' id='word_1_6' title='bbox 129 368 244 424; x_wconf 89' lang='lat' dir='ltr'>apud</span> <span class='ocrx_word' id='word_1_7' title='bbox 274 369 718 412; x_wconf 67' lang='lat' dir='ltr'>Miwscnnnmcmuu</span> <span class='ocrx_word' id='word_1_8' title='bbox 749 370 804 414; x_wconf 92' lang='lat' dir='ltr'>ad</span> <span class='ocrx_word' id='word_1_9' title='bbox 829 370 990 414; x_wconf 76' lang='lat' dir='ltr'>‘Hm-at.</span> <span class='ocrx_word' id='word_1_10' title='bbox 1021 370 1099 422; x_wconf 84' lang='lat'>111,</span> <span class='ocrx_word' id='word_1_11' title='bbox 1140 373 1207 423; x_wconf 82' lang='lat'>19,</span> <span class='ocrx_word' id='word_1_12' title='bbox 1243 373 1312 413; x_wconf 82' lang='lat'>11.</span> <span class='ocrx_word' id='word_1_13' title='bbox 1347 392 1407 402; x_wconf 92' lang='lat'>—</span> <span class='ocrx_word' id='word_1_14' title='bbox 1448 368 1663 412; x_wconf 87' lang='lat' dir='ltr'>Marcia</span> <span class='ocrx_word' id='word_1_15' title='bbox 1701 371 1831 425; x_wconf 85' lang='lat' dir='ltr'>lym-</span> 
     </span>
     <span class='ocr_line' id='line_1_3' title="bbox 128 451 1826 508; baseline 0.002 -15"><span class='ocrx_word' id='word_1_16' title='bbox 128 451 255 507; x_wconf 83' lang='lat' dir='ltr'>pha,</span> <span class='ocrx_word' id='word_1_17' title='bbox 300 466 325 494; x_wconf 92' lang='lat' dir='ltr'>a</span> <span class='ocrx_word' id='word_1_18' title='bbox 358 454 412 497; x_wconf 82' lang='lat' dir='ltr'>Q,</span> <span class='ocrx_word' id='word_1_19' title='bbox 448 454 615 495; x_wconf 87' lang='lat' dir='ltr'>Marcio</span> <span class='ocrx_word' id='word_1_20' title='bbox 658 466 764 507; x_wconf 85' lang='lat' dir='ltr'>rege</span> <span class='ocrx_word' id='word_1_21' title='bbox 810 455 853 496; x_wconf 89' lang='lat' dir='ltr'>iu</span> <span class='ocrx_word' id='word_1_22' title='bbox 896 453 1048 496; x_wconf 85' lang='lat' dir='ltr'>urbem</span> <span class='ocrx_word' id='word_1_23' title='bbox 1092 453 1222 494; x_wconf 88' lang='lat' dir='ltr'>ducta</span> <span class='ocrx_word' id='word_1_24' title='bbox 1268 456 1313 493; x_wconf 89' lang='lat' dir='ltr'>et</span> <span class='ocrx_word' id='word_1_25' title='bbox 1350 464 1376 494; x_wconf 89' lang='lat' dir='ltr'>a</span> <span class='ocrx_word' id='word_1_26' title='bbox 1408 452 1465 497; x_wconf 83' lang='lat' dir='ltr'>Q.</span> <span class='ocrx_word' id='word_1_27' title='bbox 1496 451 1665 495; x_wconf 86' lang='lat' dir='ltr'>Marcio</span> <span class='ocrx_word' id='word_1_28' title='bbox 1696 452 1826 508; x_wconf 83' lang='lat' dir='ltr'>Rege</span> 
     </span>
     <span class='ocr_line' id='line_1_4' title="bbox 126 532 1824 593; baseline 0.001 -18"><span class='ocrx_word' id='word_1_29' title='bbox 126 538 328 587; x_wconf 88' lang='lat' dir='ltr'>praetore</span> <span class='ocrx_word' id='word_1_30' title='bbox 375 535 586 579; x_wconf 88' lang='lat' dir='ltr'>restituta.</span> <span class='ocrx_word' id='word_1_31' title='bbox 647 535 781 578; x_wconf 69' lang='lat' dir='ltr'>Pmn.</span> <span class='ocrx_word' id='word_1_32' title='bbox 811 533 979 588; x_wconf 90' lang='lat' dir='ltr'>XXXI,</span> <span class='ocrx_word' id='word_1_33' title='bbox 1008 537 1052 587; x_wconf 84' lang='lat'>3,</span> <span class='ocrx_word' id='word_1_34' title='bbox 1095 548 1130 577; x_wconf 75' lang='lat' dir='ltr'>a,</span> <span class='ocrx_word' id='word_1_35' title='bbox 1160 536 1248 577; x_wconf 77' lang='lat'>24:</span> <span class='ocrx_word' id='word_1_36' title='bbox 1297 532 1556 576; x_wconf 78' lang='lat' dir='ltr'>Clarissima</span> <span class='ocrx_word' id='word_1_37' title='bbox 1597 548 1824 593; x_wconf 83' lang='lat' dir='ltr'>aquarum</span> 
     </span>
     <span class='ocr_line' id='line_1_5' title="bbox 126 615 1823 676; baseline 0.002 -20"><span class='ocrx_word' id='word_1_38' title='bbox 126 617 319 657; x_wconf 82' lang='lat' dir='ltr'>omnium</span> <span class='ocrx_word' id='word_1_39' title='bbox 348 617 395 658; x_wconf 85' lang='lat' dir='ltr'>in</span> <span class='ocrx_word' id='word_1_40' title='bbox 434 624 530 659; x_wconf 79' lang='lat' dir='ltr'>toto</span> <span class='ocrx_word' id='word_1_41' title='bbox 560 616 686 671; x_wconf 84' lang='lat' dir='ltr'>orbe,</span> <span class='ocrx_word' id='word_1_42' title='bbox 721 617 921 676; x_wconf 74' lang='lat' dir='ltr'>frigoris</span> <span class='ocrx_word' id='word_1_43' title='bbox 951 615 1327 675; x_wconf 69' lang='lat' dir='ltr'><em>salubritatisque</em></span> <span class='ocrx_word' id='word_1_44' title='bbox 1361 616 1544 673; x_wconf 81' lang='lat' dir='ltr'>palma,</span> <span class='ocrx_word' id='word_1_45' title='bbox 1585 618 1823 674; x_wconf 83' lang='lat' dir='ltr'>praeconio</span> 
     </span>
    </p>
   </div>
   <div class='ocr_carea' id='block_1_3' title="bbox 100 695 1824 3170">
    <p class='ocr_par' dir='ltr' id='par_1_3' title="bbox 100 695 1824 3170">
     <span class='ocr_line' id='line_1_6' title="bbox 124 695 1822 757; baseline 0.002 -20"><span class='ocrx_word' id='word_1_46' title='bbox 124 695 272 750; x_wconf 75' lang='lat' dir='ltr'>urbis,</span> <span class='ocrx_word' id='word_1_47' title='bbox 322 697 503 739; x_wconf 82' lang='lat' dir='ltr'>Marcia</span> <span class='ocrx_word' id='word_1_48' title='bbox 548 706 641 746; x_wconf 78' lang='lat' dir='ltr'>est,</span> <span class='ocrx_word' id='word_1_49' title='bbox 694 697 812 741; x_wconf 80' lang='lat' dir='ltr'>inter</span> <span class='ocrx_word' id='word_1_50' title='bbox 854 696 1028 757; x_wconf 82' lang='lat' dir='ltr'>reliqua</span> <span class='ocrx_word' id='word_1_51' title='bbox 1075 696 1203 739; x_wconf 82' lang='lat' dir='ltr'>deum</span> <span class='ocrx_word' id='word_1_52' title='bbox 1250 713 1434 740; x_wconf 80' lang='lat' dir='ltr'>munera</span> <span class='ocrx_word' id='word_1_53' title='bbox 1486 698 1587 740; x_wconf 83' lang='lat' dir='ltr'>urbi</span> <span class='ocrx_word' id='word_1_54' title='bbox 1631 697 1822 743; x_wconf 81' lang='lat' dir='ltr'>tributa.</span> 
     </span>
     <span class='ocr_line' id='line_1_7' title="bbox 125 777 1824 838; baseline 0.003 -19"><span class='ocrx_word' id='word_1_55' title='bbox 125 777 248 821; x_wconf 82' lang='lat' dir='ltr'>Adde</span> <span class='ocrx_word' id='word_1_56' title='bbox 279 779 496 823; x_wconf 69' lang='lat' dir='ltr'>Vunpnm</span> <span class='ocrx_word' id='word_1_57' title='bbox 528 779 569 822; x_wconf 83' lang='lat' dir='ltr'>h.</span> <span class='ocrx_word' id='word_1_58' title='bbox 603 781 658 834; x_wconf 85' lang='grc'>1.,</span> <span class='ocrx_word' id='word_1_59' title='bbox 697 785 743 824; x_wconf 83' lang='lat' dir='ltr'>et</span> <span class='ocrx_word' id='word_1_60' title='bbox 773 781 954 826; x_wconf 71' lang='lat' dir='ltr'>Gmnv.</span> <span class='ocrx_word' id='word_1_61' title='bbox 985 777 1118 824; x_wconf 82' lang='lat' dir='ltr'>Thes.</span> <span class='ocrx_word' id='word_1_62' title='bbox 1158 780 1333 834; x_wconf 80' lang='lat' dir='ltr'>Antiqq.</span> <span class='ocrx_word' id='word_1_63' title='bbox 1365 780 1495 824; x_wconf 87' lang='lat' dir='ltr'>Rom.</span> <span class='ocrx_word' id='word_1_64' title='bbox 1529 782 1607 834; x_wconf 91' lang='lat'>111,</span> <span class='ocrx_word' id='word_1_65' title='bbox 1645 797 1687 838; x_wconf 89' lang='lat' dir='ltr'>p.</span> <span class='ocrx_word' id='word_1_66' title='bbox 1719 785 1824 824; x_wconf 84' lang='grc'><strong>383.</strong></span> 
     </span>
     <span class='ocr_line' id='line_1_8' title="bbox 120 860 1823 917; baseline 0.004 -16"><span class='ocrx_word' id='word_1_67' title='bbox 120 860 198 914; x_wconf 87' lang='lat' dir='ltr'>IV,</span> <span class='ocrx_word' id='word_1_68' title='bbox 231 877 272 917; x_wconf 89' lang='lat' dir='ltr'>p.</span> <span class='ocrx_word' id='word_1_69' title='bbox 306 865 435 905; x_wconf 81' lang='grc'><strong>1747.</strong></span> <span class='ocrx_word' id='word_1_70' title='bbox 467 885 525 894; x_wconf 84' lang='grc'>-·</span> <span class='ocrx_word' id='word_1_71' title='bbox 557 863 667 905; x_wconf 84' lang='lat' dir='ltr'>Mox</span> <span class='ocrx_word' id='word_1_72' title='bbox 695 861 863 904; x_wconf 81' lang='lat' dir='ltr'>verbis:</span> <span class='ocrx_word' id='word_1_73' title='bbox 905 860 1026 904; x_wconf 89' lang='lat' dir='ltr'>Non</span> <span class='ocrx_word' id='word_1_74' title='bbox 1057 874 1190 915; x_wconf 87' lang='lat' dir='ltr'>ego,</span> <span class='ocrx_word' id='word_1_75' title='bbox 1221 861 1270 903; x_wconf 85' lang='lat' dir='ltr'>si</span> <span class='ocrx_word' id='word_1_76' title='bbox 1299 861 1490 916; x_wconf 84' lang='lat' dir='ltr'>fugiat</span> <span class='ocrx_word' id='word_1_77' title='bbox 1521 867 1605 906; x_wconf 91' lang='lat' dir='ltr'>etc.</span> <span class='ocrx_word' id='word_1_78' title='bbox 1640 877 1724 906; x_wconf 91' lang='lat' dir='ltr'>nou</span> <span class='ocrx_word' id='word_1_79' title='bbox 1757 864 1823 906; x_wconf 81' lang='lat' dir='ltr'>vi-</span> 
     </span>
     <span class='ocr_line' id='line_1_9' title="bbox 120 942 1820 1002; baseline 0.004 -18"><span class='ocrx_word' id='word_1_80' title='bbox 120 942 213 985; x_wconf 89' lang='lat' dir='ltr'>deri</span> <span class='ocrx_word' id='word_1_81' title='bbox 254 948 416 987; x_wconf 88' lang='lat' dir='ltr'>castam</span> <span class='ocrx_word' id='word_1_82' title='bbox 456 943 670 986; x_wconf 79' lang='lat' dir='ltr'>Neaeram</span> <span class='ocrx_word' id='word_1_83' title='bbox 710 943 953 998; x_wconf 83' lang='lat' dir='ltr'>designari,</span> <span class='ocrx_word' id='word_1_84' title='bbox 1005 948 1050 986; x_wconf 90' lang='lat' dir='ltr'>et</span> <span class='ocrx_word' id='word_1_85' title='bbox 1087 943 1282 988; x_wconf 80' lang='lat' dir='ltr'>Vossrus</span> <span class='ocrx_word' id='word_1_86' title='bbox 1323 949 1446 987; x_wconf 89' lang='lat' dir='ltr'>notat</span> <span class='ocrx_word' id='word_1_87' title='bbox 1486 951 1531 988; x_wconf 88' lang='lat' dir='ltr'>et</span> <span class='ocrx_word' id='word_1_88' title='bbox 1577 952 1677 1002; x_wconf 90' lang='lat' dir='ltr'>post</span> <span class='ocrx_word' id='word_1_89' title='bbox 1720 960 1820 990; x_wconf 88' lang='lat' dir='ltr'>eum</span> 
     </span>
     <span class='ocr_line' id='line_1_10' title="bbox 120 1024 1822 1082; baseline 0.004 -17"><span class='ocrx_word' id='word_1_90' title='bbox 120 1024 415 1078; x_wconf 75' lang='lat' dir='ltr'>Huscmnus,</span> <span class='ocrx_word' id='word_1_91' title='bbox 461 1038 574 1080; x_wconf 87' lang='lat' dir='ltr'>quae</span> <span class='ocrx_word' id='word_1_92' title='bbox 613 1025 686 1068; x_wconf 83' lang='lat' dir='ltr'>vix</span> <span class='ocrx_word' id='word_1_93' title='bbox 725 1025 771 1068; x_wconf 90' lang='lat' dir='ltr'>in</span> <span class='ocrx_word' id='word_1_94' title='bbox 812 1026 888 1068; x_wconf 86' lang='lat' dir='ltr'>tali</span> <span class='ocrx_word' id='word_1_95' title='bbox 930 1026 1028 1068; x_wconf 90' lang='lat' dir='ltr'>loco</span> <span class='ocrx_word' id='word_1_96' title='bbox 1059 1032 1292 1082; x_wconf 90' lang='lat' dir='ltr'>conspecta</span> <span class='ocrx_word' id='word_1_97' title='bbox 1323 1027 1482 1082; x_wconf 85' lang='lat' dir='ltr'>fuerit,</span> <span class='ocrx_word' id='word_1_98' title='bbox 1523 1033 1568 1070; x_wconf 91' lang='lat' dir='ltr'>at</span> <span class='ocrx_word' id='word_1_99' title='bbox 1600 1030 1822 1072; x_wconf 87' lang='lat' dir='ltr'>libertinas</span> 
     </span>
     <span class='ocr_line' id='line_1_11' title="bbox 119 1107 1822 1167; baseline 0.005 -19"><span class='ocrx_word' id='word_1_100' title='bbox 119 1107 313 1150; x_wconf 83' lang='lat' dir='ltr'>convivia</span> <span class='ocrx_word' id='word_1_101' title='bbox 343 1108 578 1151; x_wconf 89' lang='lat' dir='ltr'>amicorum</span> <span class='ocrx_word' id='word_1_102' title='bbox 607 1108 876 1164; x_wconf 17' lang='lat' dir='ltr'>adiissel(cf.</span> <span class='ocrx_word' id='word_1_103' title='bbox 907 1122 986 1152; x_wconf 91' lang='lat' dir='ltr'>nos</span> <span class='ocrx_word' id='word_1_104' title='bbox 1016 1110 1072 1152; x_wconf 91' lang='lat' dir='ltr'>ad</span> <span class='ocrx_word' id='word_1_105' title='bbox 1098 1110 1134 1164; x_wconf 90' lang='lat'>1,</span> <span class='ocrx_word' id='word_1_106' title='bbox 1157 1114 1200 1164; x_wconf 87' lang='lat'>5,</span> <span class='ocrx_word' id='word_1_107' title='bbox 1225 1111 1339 1165; x_wconf 88' lang='lat'>65.).</span> <span class='ocrx_word' id='word_1_108' title='bbox 1400 1110 1633 1167; x_wconf 85' lang='lat' dir='ltr'>Explicant</span> <span class='ocrx_word' id='word_1_109' title='bbox 1662 1113 1822 1167; x_wconf 85' lang='lat' dir='ltr'>igitur:</span> 
     </span>
     <span class='ocr_line' id='line_1_12' title="bbox 119 1174 1819 1250; baseline 0.001 -15"><span class='ocrx_word' id='word_1_110' title='bbox 119 1190 236 1235; x_wconf 82' lang='lat' dir='ltr'>Quid</span> <span class='ocrx_word' id='word_1_111' title='bbox 267 1193 502 1247; x_wconf 89' lang='lat' dir='ltr'>praeterita</span> <span class='ocrx_word' id='word_1_112' title='bbox 531 1174 671 1236; x_wconf 56' lang='lat' dir='ltr'>curff?</span> <span class='ocrx_word' id='word_1_113' title='bbox 731 1190 832 1238; x_wconf 88' lang='lat' dir='ltr'>Non</span> <span class='ocrx_word' id='word_1_114' title='bbox 876 1207 988 1249; x_wconf 87' lang='lat' dir='ltr'>ego,</span> <span class='ocrx_word' id='word_1_115' title='bbox 1032 1195 1070 1237; x_wconf 85' lang='lat' dir='ltr'>si</span> <span class='ocrx_word' id='word_1_116' title='bbox 1112 1193 1193 1237; x_wconf 89' lang='lat' dir='ltr'>hoc</span> <span class='ocrx_word' id='word_1_117' title='bbox 1235 1194 1332 1250; x_wconf 86' lang='lat' dir='ltr'>ipso</span> <span class='ocrx_word' id='word_1_118' title='bbox 1375 1195 1572 1238; x_wconf 85' lang='lat' dir='ltr'>convivio</span> <span class='ocrx_word' id='word_1_119' title='bbox 1616 1196 1819 1238; x_wconf 89' lang='lat' dir='ltr'>libertina</span> 
     </span>
     <span class='ocr_line' id='line_1_13' title="bbox 117 1273 1819 1332; baseline 0.004 -18"><span class='ocrx_word' id='word_1_120' title='bbox 117 1273 231 1315; x_wconf 90' lang='lat' dir='ltr'>adsit</span> <span class='ocrx_word' id='word_1_121' title='bbox 271 1279 316 1316; x_wconf 90' lang='lat' dir='ltr'>et</span> <span class='ocrx_word' id='word_1_122' title='bbox 358 1281 536 1330; x_wconf 87' lang='lat' dir='ltr'>repente</span> <span class='ocrx_word' id='word_1_123' title='bbox 576 1275 772 1330; x_wconf 79' lang='lat' dir='ltr'>aufugiat</span> <span class='ocrx_word' id='word_1_124' title='bbox 811 1276 865 1319; x_wconf 91' lang='lat' dir='ltr'>ad</span> <span class='ocrx_word' id='word_1_125' title='bbox 897 1278 1027 1320; x_wconf 88' lang='lat' dir='ltr'>alium</span> <span class='ocrx_word' id='word_1_126' title='bbox 1059 1282 1324 1331; x_wconf 83' lang='lat' dir='ltr'>amatorem,</span> <span class='ocrx_word' id='word_1_127' title='bbox 1368 1282 1458 1320; x_wconf 90' lang='lat' dir='ltr'>tota</span> <span class='ocrx_word' id='word_1_128' title='bbox 1488 1282 1616 1320; x_wconf 88' lang='lat' dir='ltr'>nocte</span> <span class='ocrx_word' id='word_1_129' title='bbox 1646 1279 1819 1332; x_wconf 86' lang='lat' dir='ltr'><strong>dolebo,</strong></span> 
     </span>
     <span class='ocr_line' id='line_1_14' title="bbox 116 1357 1817 1418; baseline 0.004 -21"><span class='ocrx_word' id='word_1_130' title='bbox 116 1357 251 1398; x_wconf 80' lang='lat' dir='ltr'>veluti</span> <span class='ocrx_word' id='word_1_131' title='bbox 282 1357 485 1399; x_wconf 82' lang='lat' dir='ltr'>laudante</span> <span class='ocrx_word' id='word_1_132' title='bbox 528 1357 858 1401; x_wconf 76' lang='lat' dir='ltr'>Bnoucmmsro</span> <span class='ocrx_word' id='word_1_133' title='bbox 902 1359 958 1402; x_wconf 94' lang='lat' dir='ltr'>de</span> <span class='ocrx_word' id='word_1_134' title='bbox 988 1360 1146 1402; x_wconf 85' lang='lat' dir='ltr'>Cinara</span> <span class='ocrx_word' id='word_1_135' title='bbox 1188 1365 1257 1403; x_wconf 86' lang='lat' dir='ltr'>est</span> <span class='ocrx_word' id='word_1_136' title='bbox 1294 1374 1362 1416; x_wconf 86' lang='lat' dir='ltr'>ap.</span> <span class='ocrx_word' id='word_1_137' title='bbox 1395 1361 1578 1404; x_wconf 72' lang='lat' dir='ltr'>HoRA‘r.</span> <span class='ocrx_word' id='word_1_138' title='bbox 1609 1361 1751 1418; x_wconf 87' lang='lat' dir='ltr'>Epist.</span> <span class='ocrx_word' id='word_1_139' title='bbox 1782 1362 1817 1415; x_wconf 91' lang='lat' dir='ltr'>I,</span> 
     </span>
     <span class='ocr_line' id='line_1_15' title="bbox 114 1441 1818 1503; baseline 0.004 -20"><span class='ocrx_word' id='word_1_140' title='bbox 114 1446 158 1493; x_wconf 79' lang='lat'>7,</span> <span class='ocrx_word' id='word_1_141' title='bbox 189 1445 273 1484; x_wconf 77' lang='lat'>28:</span> <span class='ocrx_word' id='word_1_142' title='bbox 325 1443 454 1483; x_wconf 84' lang='lat' dir='ltr'><em>Inter</em></span> <span class='ocrx_word' id='word_1_143' title='bbox 481 1441 591 1484; x_wconf 76' lang='lat' dir='ltr'>vina</span> <span class='ocrx_word' id='word_1_144' title='bbox 613 1441 787 1500; x_wconf 82' lang='lat' dir='ltr'>fugam</span> <span class='ocrx_word' id='word_1_145' title='bbox 820 1442 1022 1503; x_wconf 68' lang='lat' dir='ltr'>Cinarae</span> <span class='ocrx_word' id='word_1_146' title='bbox 1050 1458 1244 1485; x_wconf 80' lang='lat' dir='ltr'>maerere</span> <span class='ocrx_word' id='word_1_147' title='bbox 1269 1452 1522 1500; x_wconf 78' lang='lat' dir='ltr'><strong><em>protervae.</em></strong></span> <span class='ocrx_word' id='word_1_148' title='bbox 1586 1446 1677 1488; x_wconf 88' lang='lat' dir='ltr'>Sed</span> <span class='ocrx_word' id='word_1_149' title='bbox 1706 1446 1818 1489; x_wconf 83' lang='lat' dir='ltr'>sate-</span> 
     </span>
     <span class='ocr_line' id='line_1_16' title="bbox 114 1524 1816 1581; baseline 0.002 -16"><span class='ocrx_word' id='word_1_150' title='bbox 114 1524 230 1566; x_wconf 88' lang='lat' dir='ltr'>beris</span> <span class='ocrx_word' id='word_1_151' title='bbox 262 1528 432 1577; x_wconf 88' lang='lat' dir='ltr'>tamen,</span> <span class='ocrx_word' id='word_1_152' title='bbox 472 1537 571 1567; x_wconf 90' lang='lat' dir='ltr'>cum</span> <span class='ocrx_word' id='word_1_153' title='bbox 601 1525 644 1566; x_wconf 90' lang='lat' dir='ltr'>in</span> <span class='ocrx_word' id='word_1_154' title='bbox 675 1524 1028 1567; x_wconf 82' lang='lat' dir='ltr'>antecedentibus</span> <span class='ocrx_word' id='word_1_155' title='bbox 1059 1539 1231 1581; x_wconf 86' lang='lat' dir='ltr'>semper</span> <span class='ocrx_word' id='word_1_156' title='bbox 1262 1526 1316 1568; x_wconf 93' lang='lat' dir='ltr'>de</span> <span class='ocrx_word' id='word_1_157' title='bbox 1349 1526 1520 1569; x_wconf 82' lang='lat' dir='ltr'>Neaera</span> <span class='ocrx_word' id='word_1_158' title='bbox 1551 1527 1713 1569; x_wconf 88' lang='lat' dir='ltr'>dictum</span> <span class='ocrx_word' id='word_1_159' title='bbox 1745 1529 1816 1581; x_wconf 86' lang='lat' dir='ltr'>sit,</span> 
     </span>
     <span class='ocr_line' id='line_1_17' title="bbox 113 1606 1814 1667; baseline 0.003 -19"><span class='ocrx_word' id='word_1_160' title='bbox 113 1606 346 1650; x_wconf 84' lang='lat' dir='ltr'>admodum</span> <span class='ocrx_word' id='word_1_161' title='bbox 376 1606 530 1649; x_wconf 89' lang='lat' dir='ltr'>durum</span> <span class='ocrx_word' id='word_1_162' title='bbox 570 1620 666 1650; x_wconf 89' lang='lat' dir='ltr'>esse</span> <span class='ocrx_word' id='word_1_163' title='bbox 696 1612 876 1663; x_wconf 91' lang='lat' dir='ltr'>repente</span> <span class='ocrx_word' id='word_1_164' title='bbox 913 1609 1042 1651; x_wconf 89' lang='lat' dir='ltr'>aliam</span> <span class='ocrx_word' id='word_1_165' title='bbox 1072 1609 1330 1663; x_wconf 81' lang='lat' dir='ltr'>intelligere.</span> <span class='ocrx_word' id='word_1_166' title='bbox 1393 1609 1454 1652; x_wconf 88' lang='lat' dir='ltr'>Et</span> <span class='ocrx_word' id='word_1_167' title='bbox 1491 1611 1639 1665; x_wconf 88' lang='lat' dir='ltr'>quidni</span> <span class='ocrx_word' id='word_1_168' title='bbox 1673 1610 1814 1667; x_wconf 84' lang='lat' dir='ltr'>hypo-</span> 
     </span>
     <span class='ocr_line' id='line_1_18' title="bbox 113 1671 1813 1750; baseline 0.002 -14"><span class='ocrx_word' id='word_1_169' title='bbox 113 1691 274 1736; x_wconf 86' lang='lat' dir='ltr'>thetice</span> <span class='ocrx_word' id='word_1_170' title='bbox 313 1693 367 1735; x_wconf 91' lang='lat' dir='ltr'>de</span> <span class='ocrx_word' id='word_1_171' title='bbox 403 1692 575 1736; x_wconf 82' lang='lat' dir='ltr'>Neaera</span> <span class='ocrx_word' id='word_1_172' title='bbox 605 1694 700 1748; x_wconf 89' lang='lat' dir='ltr'>ipsa</span> <span class='ocrx_word' id='word_1_173' title='bbox 728 1693 789 1736; x_wconf 88' lang='lat' dir='ltr'>ita</span> <span class='ocrx_word' id='word_1_174' title='bbox 818 1671 990 1737; x_wconf 74' lang='lat' dir='ltr'>iocutus</span> <span class='ocrx_word' id='word_1_175' title='bbox 1021 1694 1103 1748; x_wconf 80' lang='lat' dir='ltr'>ait,</span> <span class='ocrx_word' id='word_1_176' title='bbox 1148 1708 1235 1737; x_wconf 90' lang='lat' dir='ltr'>uon</span> <span class='ocrx_word' id='word_1_177' title='bbox 1271 1696 1394 1750; x_wconf 81' lang='lat' dir='ltr'>quasi</span> <span class='ocrx_word' id='word_1_178' title='bbox 1427 1694 1534 1738; x_wconf 87' lang='lat' dir='ltr'>haec</span> <span class='ocrx_word' id='word_1_179' title='bbox 1565 1698 1705 1738; x_wconf 89' lang='lat' dir='ltr'>soleat</span> <span class='ocrx_word' id='word_1_180' title='bbox 1739 1710 1813 1739; x_wconf 75' lang='lat' dir='ltr'>ve-</span> 
     </span>
     <span class='ocr_line' id='line_1_19' title="bbox 112 1777 1815 1834; baseline 0.001 -14"><span class='ocrx_word' id='word_1_181' title='bbox 112 1777 206 1820; x_wconf 86' lang='lat' dir='ltr'>nire</span> <span class='ocrx_word' id='word_1_182' title='bbox 246 1777 302 1820; x_wconf 92' lang='lat' dir='ltr'>ad</span> <span class='ocrx_word' id='word_1_183' title='bbox 343 1777 445 1819; x_wconf 85' lang='lat' dir='ltr'>talia</span> <span class='ocrx_word' id='word_1_184' title='bbox 483 1778 701 1830; x_wconf 88' lang='lat' dir='ltr'>convivia,</span> <span class='ocrx_word' id='word_1_185' title='bbox 742 1777 820 1820; x_wconf 82' lang='lat' dir='ltr'>sed</span> <span class='ocrx_word' id='word_1_186' title='bbox 859 1780 1100 1822; x_wconf 85' lang='lat' dir='ltr'>sententiae</span> <span class='ocrx_word' id='word_1_187' title='bbox 1141 1793 1296 1833; x_wconf 89' lang='lat' dir='ltr'>causa,</span> <span class='ocrx_word' id='word_1_188' title='bbox 1339 1793 1467 1834; x_wconf 90' lang='lat' dir='ltr'>quam</span> <span class='ocrx_word' id='word_1_189' title='bbox 1509 1780 1701 1823; x_wconf 89' lang='lat' dir='ltr'>dicturus</span> <span class='ocrx_word' id='word_1_190' title='bbox 1734 1786 1815 1834; x_wconf 90' lang='lat' dir='ltr'>est,</span> 
     </span>
     <span class='ocr_line' id='line_1_20' title="bbox 113 1860 1816 1919; baseline 0.004 -17"><span class='ocrx_word' id='word_1_191' title='bbox 113 1872 280 1916; x_wconf 85' lang='lat' dir='ltr'>ponens</span> <span class='ocrx_word' id='word_1_192' title='bbox 323 1873 415 1903; x_wconf 90' lang='lat' dir='ltr'>rem</span> <span class='ocrx_word' id='word_1_193' title='bbox 457 1860 756 1916; x_wconf 74' lang='lat' dir='ltr'>petulantius?</span> <span class='ocrx_word' id='word_1_194' title='bbox 818 1860 888 1904; x_wconf 90' lang='lat' dir='ltr'>Ne</span> <span class='ocrx_word' id='word_1_195' title='bbox 936 1875 1141 1919; x_wconf 86' lang='lat' dir='ltr'>praesens</span> <span class='ocrx_word' id='word_1_196' title='bbox 1186 1862 1359 1917; x_wconf 89' lang='lat' dir='ltr'>quidem</span> <span class='ocrx_word' id='word_1_197' title='bbox 1407 1865 1444 1907; x_wconf 79' lang='lat' dir='ltr'>si</span> <span class='ocrx_word' id='word_1_198' title='bbox 1484 1863 1598 1907; x_wconf 90' lang='lat' dir='ltr'>adsit</span> <span class='ocrx_word' id='word_1_199' title='bbox 1641 1864 1816 1909; x_wconf 83' lang='lat' dir='ltr'>Neaera</span> 
     </span>
     <span class='ocr_line' id='line_1_21' title="bbox 112 1944 1814 2003; baseline 0.001 -16"><span class='ocrx_word' id='word_1_200' title='bbox 112 1945 309 1988; x_wconf 80' lang='lat' dir='ltr'>convivio</span> <span class='ocrx_word' id='word_1_201' title='bbox 339 1949 513 1997; x_wconf 89' lang='lat' dir='ltr'>nostro,</span> <span class='ocrx_word' id='word_1_202' title='bbox 551 1944 637 1997; x_wconf 90' lang='lat' dir='ltr'>ait,</span> <span class='ocrx_word' id='word_1_203' title='bbox 678 1949 724 1986; x_wconf 92' lang='lat' dir='ltr'>et</span> <span class='ocrx_word' id='word_1_204' title='bbox 753 1949 934 2000; x_wconf 87' lang='lat' dir='ltr'>repente</span> <span class='ocrx_word' id='word_1_205' title='bbox 964 1944 1161 1999; x_wconf 75' lang='lat' dir='ltr'>aufugiat</span> <span class='ocrx_word' id='word_1_206' title='bbox 1192 1949 1237 1987; x_wconf 87' lang='lat' dir='ltr'>et</span> <span class='ocrx_word' id='word_1_207' title='bbox 1267 1945 1404 1987; x_wconf 86' lang='lat' dir='ltr'>amori</span> <span class='ocrx_word' id='word_1_208' title='bbox 1435 1958 1532 1988; x_wconf 87' lang='lat' dir='ltr'>meo</span> <span class='ocrx_word' id='word_1_209' title='bbox 1562 1959 1610 1989; x_wconf 82' lang='lat' dir='ltr'>se</span> <span class='ocrx_word' id='word_1_210' title='bbox 1643 1947 1814 2003; x_wconf 82' lang='lat' dir='ltr'>eripiat,</span> 
     </span>
     <span class='ocr_line' id='line_1_22' title="bbox 110 2025 1816 2084; baseline 0.002 -16"><span class='ocrx_word' id='word_1_211' title='bbox 110 2025 293 2080; x_wconf 90' lang='lat' dir='ltr'>dolebo,</span> <span class='ocrx_word' id='word_1_212' title='bbox 339 2027 496 2069; x_wconf 87' lang='lat' dir='ltr'>nedum</span> <span class='ocrx_word' id='word_1_213' title='bbox 527 2028 761 2082; x_wconf 87' lang='lat' dir='ltr'>praeterita</span> <span class='ocrx_word' id='word_1_214' title='bbox 793 2039 939 2069; x_wconf 90' lang='lat' dir='ltr'>curem</span> <span class='ocrx_word' id='word_1_215' title='bbox 972 2030 1018 2069; x_wconf 86' lang='lat' dir='ltr'>et</span> <span class='ocrx_word' id='word_1_216' title='bbox 1047 2026 1208 2070; x_wconf 91' lang='lat' dir='ltr'>dudum</span> <span class='ocrx_word' id='word_1_217' title='bbox 1240 2033 1404 2084; x_wconf 89' lang='lat' dir='ltr'>erepta.</span> <span class='ocrx_word' id='word_1_218' title='bbox 1465 2029 1552 2072; x_wconf 90' lang='lat' dir='ltr'>Hic</span> <span class='ocrx_word' id='word_1_219' title='bbox 1582 2042 1719 2073; x_wconf 83' lang='lat' dir='ltr'>nexus</span> <span class='ocrx_word' id='word_1_220' title='bbox 1750 2031 1816 2072; x_wconf 88' lang='lat' dir='ltr'>vi-</span> 
     </span>
     <span class='ocr_line' id='line_1_23' title="bbox 110 2107 1815 2166; baseline 0.002 -15"><span class='ocrx_word' id='word_1_221' title='bbox 110 2108 251 2152; x_wconf 89' lang='lat' dir='ltr'>detur.</span> <span class='ocrx_word' id='word_1_222' title='bbox 324 2109 491 2151; x_wconf 87' lang='lat' dir='ltr'>Tamen</span> <span class='ocrx_word' id='word_1_223' title='bbox 536 2107 846 2165; x_wconf 84' lang='lat' dir='ltr'>reprehendam</span> <span class='ocrx_word' id='word_1_224' title='bbox 891 2109 1191 2164; x_wconf 82' lang='lat' dir='ltr'>Lygdamum,</span> <span class='ocrx_word' id='word_1_225' title='bbox 1241 2110 1381 2166; x_wconf 91' lang='lat' dir='ltr'>quod,</span> <span class='ocrx_word' id='word_1_226' title='bbox 1431 2112 1513 2155; x_wconf 84' lang='lat' dir='ltr'>etsi</span> <span class='ocrx_word' id='word_1_227' title='bbox 1556 2113 1815 2166; x_wconf 78' lang='lat' dir='ltr'>vaiedieens,</span> 
     </span>
     <span class='ocr_line' id='line_1_24' title="bbox 108 2191 1806 2250; baseline 0 -15"><span class='ocrx_word' id='word_1_228' title='bbox 108 2205 196 2236; x_wconf 89' lang='lat' dir='ltr'>non</span> <span class='ocrx_word' id='word_1_229' title='bbox 211 2193 289 2236; x_wconf 65' lang='lat' dir='ltr'>‘sic</span> <span class='ocrx_word' id='word_1_230' title='bbox 319 2191 374 2235; x_wconf 91' lang='lat' dir='ltr'>de</span> <span class='ocrx_word' id='word_1_231' title='bbox 404 2191 577 2234; x_wconf 84' lang='lat' dir='ltr'>Neaera</span> <span class='ocrx_word' id='word_1_232' title='bbox 615 2193 805 2247; x_wconf 88' lang='lat' dir='ltr'>loquitur</span> <span class='ocrx_word' id='word_1_233' title='bbox 833 2196 884 2234; x_wconf 90' lang='lat' dir='ltr'>ut</span> <span class='ocrx_word' id='word_1_234' title='bbox 913 2191 1124 2246; x_wconf 81' lang='lat' dir='ltr'>decebat3</span> <span class='ocrx_word' id='word_1_235' title='bbox 1167 2192 1244 2236; x_wconf 90' lang='lat' dir='ltr'>sed</span> <span class='ocrx_word' id='word_1_236' title='bbox 1275 2194 1362 2236; x_wconf 88' lang='lat' dir='ltr'>iam</span> <span class='ocrx_word' id='word_1_237' title='bbox 1394 2207 1525 2250; x_wconf 82' lang='lat' dir='ltr'>supra</span> <span class='ocrx_word' id='word_1_238' title='bbox 1555 2208 1594 2238; x_wconf 88' lang='lat' dir='ltr'>v.</span> <span class='ocrx_word' id='word_1_239' title='bbox 1628 2198 1685 2237; x_wconf 81' lang='lat'>45</span> <span class='ocrx_word' id='word_1_240' title='bbox 1716 2208 1806 2250; x_wconf 75' lang='lat' dir='ltr'>sqq.</span> 
     </span>
     <span class='ocr_line' id='line_1_25' title="bbox 109 2275 1812 2332; baseline 0.001 -14"><span class='ocrx_word' id='word_1_241' title='bbox 109 2276 155 2319; x_wconf 83' lang='lat' dir='ltr'>in</span> <span class='ocrx_word' id='word_1_242' title='bbox 182 2275 295 2319; x_wconf 86' lang='lat' dir='ltr'>idem</span> <span class='ocrx_word' id='word_1_243' title='bbox 324 2276 474 2318; x_wconf 86' lang='lat' dir='ltr'>vitium</span> <span class='ocrx_word' id='word_1_244' title='bbox 506 2275 670 2317; x_wconf 79' lang='lat' dir='ltr'>incidit.</span> <span class='ocrx_word' id='word_1_245' title='bbox 700 2297 761 2308; x_wconf 92' lang='lat'>--</span> <span class='ocrx_word' id='word_1_246' title='bbox 805 2275 1070 2329; x_wconf 88' lang='lat' dir='ltr'>Ignotum</span> <span class='ocrx_word' id='word_1_247' title='bbox 1113 2280 1323 2328; x_wconf 87' lang='lat' dir='ltr'>torum,</span> <span class='ocrx_word' id='word_1_248' title='bbox 1366 2277 1505 2331; x_wconf 85' lang='lat' dir='ltr'>ignoti</span> <span class='ocrx_word' id='word_1_249' title='bbox 1537 2282 1582 2320; x_wconf 89' lang='lat' dir='ltr'>et</span> <span class='ocrx_word' id='word_1_250' title='bbox 1609 2277 1812 2332; x_wconf 85' lang='lat' dir='ltr'>ignobilis</span> 
     </span>
     <span class='ocr_line' id='line_1_26' title="bbox 112 2355 1816 2415; baseline -0.001 -13"><span class='ocrx_word' id='word_1_251' title='bbox 112 2358 294 2402; x_wconf 82' lang='lat' dir='ltr'>hominis</span> <span class='ocrx_word' id='word_1_252' title='bbox 326 2358 600 2414; x_wconf 87' lang='lat' dir='ltr'>amplexum,</span> <span class='ocrx_word' id='word_1_253' title='bbox 647 2355 813 2410; x_wconf 86' lang='lat' dir='ltr'>cf.1v,</span> <span class='ocrx_word' id='word_1_254' title='bbox 845 2360 919 2411; x_wconf 89' lang='lat'>10,</span> <span class='ocrx_word' id='word_1_255' title='bbox 951 2361 995 2400; x_wconf 84' lang='lat'>6.</span> <span class='ocrx_word' id='word_1_256' title='bbox 1028 2381 1088 2388; x_wconf 91' lang='lat'>—</span> <span class='ocrx_word' id='word_1_257' title='bbox 1136 2358 1397 2413; x_wconf 86' lang='lat' dir='ltr'>suspiria</span> <span class='ocrx_word' id='word_1_258' title='bbox 1437 2364 1708 2415; x_wconf 84' lang='lat' dir='ltr'>repetere</span> <span class='ocrx_word' id='word_1_259' title='bbox 1748 2364 1816 2401; x_wconf 92' lang='lat' dir='ltr'>est</span> 
     </span>
     <span class='ocr_line' id='line_1_27' title="bbox 111 2441 1814 2488; baseline -0.001 0"><span class='ocrx_word' id='word_1_260' title='bbox 111 2445 364 2488; x_wconf 90' lang='lat' dir='ltr'>continuare</span> <span class='ocrx_word' id='word_1_261' title='bbox 410 2447 534 2486; x_wconf 89' lang='lat' dir='ltr'>tota</span> <span class='ocrx_word' id='word_1_262' title='bbox 575 2446 758 2485; x_wconf 89' lang='lat' dir='ltr'>nocte.</span> <span class='ocrx_word' id='word_1_263' title='bbox 789 2465 849 2475; x_wconf 94' lang='lat'>—</span> <span class='ocrx_word' id='word_1_264' title='bbox 898 2441 1019 2485; x_wconf 87' lang='lat' dir='ltr'>Male</span> <span class='ocrx_word' id='word_1_265' title='bbox 1060 2441 1333 2485; x_wconf 79' lang='lat' dir='ltr'>Huscmuus</span> <span class='ocrx_word' id='word_1_266' title='bbox 1379 2442 1498 2486; x_wconf 86' lang='lat' dir='ltr'>eiicit</span> <span class='ocrx_word' id='word_1_267' title='bbox 1543 2445 1610 2484; x_wconf 79' lang='lat' dir='ltr'>Tu</span> <span class='ocrx_word' id='word_1_268' title='bbox 1654 2444 1814 2487; x_wconf 88' lang='lat' dir='ltr'>lectum</span> 
     </span>
     <span class='ocr_line' id='line_1_28' title="bbox 109 2517 1813 2584; baseline -0.001 -12"><span class='ocrx_word' id='word_1_269' title='bbox 109 2530 154 2572; x_wconf 86' lang='lat' dir='ltr'>in</span> <span class='ocrx_word' id='word_1_270' title='bbox 186 2529 360 2584; x_wconf 82' lang='lat' dir='ltr'>optimis</span> <span class='ocrx_word' id='word_1_271' title='bbox 390 2531 435 2570; x_wconf 88' lang='lat' dir='ltr'>et</span> <span class='ocrx_word' id='word_1_272' title='bbox 465 2525 637 2569; x_wconf 90' lang='lat' dir='ltr'>omnino</span> <span class='ocrx_word' id='word_1_273' title='bbox 671 2517 890 2583; x_wconf 53' lang='lat' dir='ltr'>plerisdie</span> <span class='ocrx_word' id='word_1_274' title='bbox 933 2525 1160 2579; x_wconf 88' lang='lat' dir='ltr'>omuibus,</span> <span class='ocrx_word' id='word_1_275' title='bbox 1202 2526 1390 2581; x_wconf 85' lang='lat' dir='ltr'>positum</span> <span class='ocrx_word' id='word_1_276' title='bbox 1427 2539 1532 2571; x_wconf 88' lang='lat' dir='ltr'>vero</span> <span class='ocrx_word' id='word_1_277' title='bbox 1573 2527 1813 2570; x_wconf 88' lang='lat' dir='ltr'>rectissime</span> 
     </span>
     <span class='ocr_line' id='line_1_29' title="bbox 107 2609 1822 2669; baseline 0.001 -15"><span class='ocrx_word' id='word_1_278' title='bbox 107 2610 178 2655; x_wconf 85' lang='lat' dir='ltr'>hic</span> <span class='ocrx_word' id='word_1_279' title='bbox 218 2617 267 2654; x_wconf 91' lang='lat' dir='ltr'>ut</span> <span class='ocrx_word' id='word_1_280' title='bbox 311 2613 354 2654; x_wconf 88' lang='lat' dir='ltr'>iu</span> <span class='ocrx_word' id='word_1_281' title='bbox 396 2611 683 2667; x_wconf 76' lang='lat' dir='ltr'>oppositione.</span> <span class='ocrx_word' id='word_1_282' title='bbox 724 2609 857 2668; x_wconf 40' lang='lat' dir='ltr'>&#39;Nam</span> <span class='ocrx_word' id='word_1_283' title='bbox 890 2615 992 2653; x_wconf 89' lang='lat' dir='ltr'>ante</span> <span class='ocrx_word' id='word_1_284' title='bbox 1024 2610 1080 2653; x_wconf 90' lang='lat' dir='ltr'>de</span> <span class='ocrx_word' id='word_1_285' title='bbox 1110 2624 1158 2653; x_wconf 86' lang='lat' dir='ltr'>se</span> <span class='ocrx_word' id='word_1_286' title='bbox 1198 2611 1382 2654; x_wconf 86' lang='lat' dir='ltr'>dixerat.</span> <span class='ocrx_word' id='word_1_287' title='bbox 1413 2635 1473 2643; x_wconf 94' lang='lat'><strong>—</strong></span> <span class='ocrx_word' id='word_1_288' title='bbox 1518 2611 1822 2669; x_wconf 71' lang='lat' dir='ltr'>liquidum,</span> 
     </span>
     <span class='ocr_line' id='line_1_30' title="bbox 106 2693 1815 2753; baseline -0.001 -14"><span class='ocrx_word' id='word_1_289' title='bbox 106 2697 244 2741; x_wconf 83' lang='lat' dir='ltr'>veluti</span> <span class='ocrx_word' id='word_1_290' title='bbox 283 2696 466 2739; x_wconf 62' lang='lat' dir='ltr'>Hoaa‘r.</span> <span class='ocrx_word' id='word_1_291' title='bbox 504 2695 645 2752; x_wconf 79' lang='lat' dir='ltr'>Epist.</span> <span class='ocrx_word' id='word_1_292' title='bbox 674 2695 710 2748; x_wconf 93' lang='lat'>1,</span> <span class='ocrx_word' id='word_1_293' title='bbox 742 2695 814 2748; x_wconf 74' lang='lat'>14,</span> <span class='ocrx_word' id='word_1_294' title='bbox 844 2698 918 2739; x_wconf 80' lang='lat'>34.</span> <span class='ocrx_word' id='word_1_295' title='bbox 962 2693 1244 2753; x_wconf 76' lang='lat' dir='ltr'>(geklc&#39;z&#39;rten)</span> <span class='ocrx_word' id='word_1_296' title='bbox 1290 2694 1571 2739; x_wconf 84' lang='lat' dir='ltr'>defaecatum.</span> <span class='ocrx_word' id='word_1_297' title='bbox 1634 2695 1815 2752; x_wconf 66' lang='lat' dir='ltr'>Cenum.</span> 
     </span>
     <span class='ocr_line' id='line_1_31' title="bbox 107 2778 1821 2839; baseline -0.001 -15"><span class='ocrx_word' id='word_1_298' title='bbox 107 2779 217 2834; x_wconf 80' lang='lat' dir='ltr'>XII,</span> <span class='ocrx_word' id='word_1_299' title='bbox 243 2783 328 2824; x_wconf 76' lang='lat'>87:</span> <span class='ocrx_word' id='word_1_300' title='bbox 371 2779 462 2822; x_wconf 81' lang='lat' dir='ltr'>Sed</span> <span class='ocrx_word' id='word_1_301' title='bbox 490 2778 740 2838; x_wconf 56' lang='grc' dir='ltr'>ςιςῃρηᾴιιιη</span> <span class='ocrx_word' id='word_1_302' title='bbox 762 2787 862 2827; x_wconf 67' lang='lat' dir='ltr'>est,</span> <span class='ocrx_word' id='word_1_303' title='bbox 893 2787 949 2821; x_wconf 82' lang='lat' dir='ltr'>ut</span> <span class='ocrx_word' id='word_1_304' title='bbox 980 2794 1078 2821; x_wconf 82' lang='lat' dir='ltr'>cum</span> <span class='ocrx_word' id='word_1_305' title='bbox 1112 2779 1359 2836; x_wconf 77' lang='lat' dir='ltr'>diffundis,</span> <span class='ocrx_word' id='word_1_306' title='bbox 1391 2779 1612 2839; x_wconf 81' lang='lat' dir='ltr'>liquidum</span> <span class='ocrx_word' id='word_1_307' title='bbox 1641 2787 1689 2824; x_wconf 73' lang='lat' dir='ltr'>et</span> <span class='ocrx_word' id='word_1_308' title='bbox 1718 2779 1821 2825; x_wconf 64' lang='lat' dir='ltr'>since</span> 
     </span>
     <span class='ocr_line' id='line_1_32' title="bbox 100 2847 1821 2923; baseline 0.001 -19"><span class='ocrx_word' id='word_1_309' title='bbox 100 2864 240 2923; x_wconf 76' lang='lat' dir='ltr'>faece</span> <span class='ocrx_word' id='word_1_310' title='bbox 281 2861 625 2918; x_wconf 62' lang='lat' dir='ltr'>diffundaa.0=÷-·</span> <span class='ocrx_word' id='word_1_311' title='bbox 666 2862 880 2914; x_wconf 71' lang='lat' dir='ltr'>fortius</span> <span class='ocrx_word' id='word_1_312' title='bbox 910 2862 1195 2916; x_wconf 88' lang='lat' dir='ltr'>adiectivum,</span> <span class='ocrx_word' id='word_1_313' title='bbox 1241 2868 1291 2905; x_wconf 91' lang='lat' dir='ltr'>ut</span> <span class='ocrx_word' id='word_1_314' title='bbox 1330 2864 1501 2906; x_wconf 85' lang='lat' dir='ltr'>videtur</span> <span class='ocrx_word' id='word_1_315' title='bbox 1530 2847 1821 2922; x_wconf 59' lang='lat' dir='ltr'>Scaurorum,</span> 
     </span>
     <span class='ocr_line' id='line_1_33' title="bbox 108 2942 1816 3004; baseline -0.001 -13"><span class='ocrx_word' id='word_1_316' title='bbox 108 2948 379 3000; x_wconf 77' lang='lat' dir='ltr'>Huscmuo,</span> <span class='ocrx_word' id='word_1_317' title='bbox 418 2946 529 2989; x_wconf 80' lang='lat' dir='ltr'>aliis.</span> <span class='ocrx_word' id='word_1_318' title='bbox 592 2946 764 2989; x_wconf 84' lang='lat' dir='ltr'>Graece</span> <span class='ocrx_word' id='word_1_319' title='bbox 804 2942 1065 3004; x_wconf 72' lang='grc' dir='ltr'><em>ζωρότερον,</em></span> <span class='ocrx_word' id='word_1_320' title='bbox 1105 2946 1157 2990; x_wconf 87' lang='lat'>11.</span> <span class='ocrx_word' id='word_1_321' title='bbox 1189 2946 1270 3000; x_wconf 88' lang='lat' dir='ltr'>IX,</span> <span class='ocrx_word' id='word_1_322' title='bbox 1301 2949 1405 2991; x_wconf 84' lang='lat'><strong>202.</strong></span> <span class='ocrx_word' id='word_1_323' title='bbox 1466 2946 1652 2990; x_wconf 85' lang='lat' dir='ltr'>Notabis</span> <span class='ocrx_word' id='word_1_324' title='bbox 1682 2947 1816 3001; x_wconf 83' lang='lat' dir='ltr'>igitur</span> 
     </span>
     <span class='ocr_line' id='line_1_34' title="bbox 108 3028 1812 3084; baseline 0.003 -13"><span class='ocrx_word' id='word_1_325' title='bbox 108 3030 264 3073; x_wconf 85' lang='lat' dir='ltr'>iterum</span> <span class='ocrx_word' id='word_1_326' title='bbox 312 3028 399 3071; x_wconf 92' lang='lat' dir='ltr'>duo</span> <span class='ocrx_word' id='word_1_327' title='bbox 446 3028 776 3075; x_wconf 62' lang='lat' dir='ltr'>adiectinnni</span> <span class='ocrx_word' id='word_1_328' title='bbox 820 3030 1090 3075; x_wconf 76' lang='lat' dir='ltr'>substantivo</span> <span class='ocrx_word' id='word_1_329' title='bbox 1138 3031 1308 3084; x_wconf 84' lang='lat' dir='ltr'>iuncta,</span> <span class='ocrx_word' id='word_1_330' title='bbox 1359 3029 1472 3073; x_wconf 88' lang='lat' dir='ltr'>conf.</span> <span class='ocrx_word' id='word_1_331' title='bbox 1513 3030 1568 3072; x_wconf 90' lang='lat' dir='ltr'>ad</span> <span class='ocrx_word' id='word_1_332' title='bbox 1602 3044 1733 3076; x_wconf 88' lang='lat' dir='ltr'>carm.</span> <span class='ocrx_word' id='word_1_333' title='bbox 1766 3034 1812 3076; x_wconf 80' lang='lat'>5.</span> 
     </span>
     <span class='ocr_line' id='line_1_35' title="bbox 105 3109 1814 3170; baseline 0.003 -17"><span class='ocrx_word' id='word_1_334' title='bbox 105 3125 148 3153; x_wconf 87' lang='lat' dir='ltr'>v.</span> <span class='ocrx_word' id='word_1_335' title='bbox 176 3113 250 3154; x_wconf 81' lang='lat'>22.</span> <span class='ocrx_word' id='word_1_336' title='bbox 286 3133 346 3141; x_wconf 90' lang='lat'>—</span> <span class='ocrx_word' id='word_1_337' title='bbox 391 3110 500 3154; x_wconf 90' lang='lat' dir='ltr'>Iam</span> <span class='ocrx_word' id='word_1_338' title='bbox 542 3109 746 3155; x_wconf 84' lang='lat' dir='ltr'>dudum</span> <span class='ocrx_word' id='word_1_339' title='bbox 789 3115 836 3155; x_wconf 87' lang='lat' dir='ltr'>et</span> <span class='ocrx_word' id='word_1_340' title='bbox 879 3110 1212 3168; x_wconf 85' lang='lat' dir='ltr'>debueram,</span> <span class='ocrx_word' id='word_1_341' title='bbox 1258 3114 1559 3170; x_wconf 85' lang='lat' dir='ltr'>impatienter,</span> <span class='ocrx_word' id='word_1_342' title='bbox 1603 3114 1657 3158; x_wconf 85' lang='lat' dir='ltr'>cf.</span> <span class='ocrx_word' id='word_1_343' title='bbox 1690 3114 1814 3158; x_wconf 73' lang='grc' dir='ltr'>Μιτ-</span> 
     </span>
    </p>
   </div>
   <div class='ocr_carea' id='block_1_4' title="bbox 108 3191 1068 3250">
    <p class='ocr_par' dir='ltr' id='par_1_4' title="bbox 108 3191 1068 3250">
     <span class='ocr_line' id='line_1_36' title="bbox 108 3191 1068 3250; baseline 0.002 -15"><span class='ocrx_word' id='word_1_344' title='bbox 108 3205 457 3240; x_wconf 72' lang='lat' dir='ltr'>scnssnmcurun</span> <span class='ocrx_word' id='word_1_345' title='bbox 487 3191 545 3239; x_wconf 87' lang='lat' dir='ltr'>ad</span> <span class='ocrx_word' id='word_1_346' title='bbox 573 3192 731 3244; x_wconf 75' lang='lat' dir='ltr'>Horat·</span> <span class='ocrx_word' id='word_1_347' title='bbox 759 3192 800 3248; x_wconf 77' lang='lat'>1,</span> <span class='ocrx_word' id='word_1_348' title='bbox 827 3196 903 3250; x_wconf 79' lang='grc'>87,</span> <span class='ocrx_word' id='word_1_349' title='bbox 931 3196 976 3238; x_wconf 83' lang='grc'>4.</span> <span class='ocrx_word' id='word_1_350' title='bbox 1007 3217 1068 3228; x_wconf 92' lang='lat'>-</span> 
     </span>
    </p>
   </div>
   <div class='ocr_carea' id='block_1_5' title="bbox 674 3339 1243 3369">
    <p class='ocr_par' dir='ltr' id='par_1_5' title="bbox 674 3339 1243 3369">
     <span class='ocr_line' id='line_1_37' title="bbox 674 3339 1243 3369; baseline -0.002 -3"><span class='ocrx_word' id='word_1_351' title='bbox 674 3339 1243 3369; x_wconf 54' lang='lat'>*—</span> 
     </span>
    </p>
   </div>
  </div>
 </body>
</html>
