2158 3750
359 294 462 341 250
764 275 1233 334 COMMENTAR.
1264 279 1340 331 IN
1378 279 1666 334 TIBULLI

810 657 1384 718 ELEGIA
1507 659 1610 720 IV.

963 1045 1482 1102 INTRODUCTIO.

365 1238 593 1315 Nemesis
638 1266 702 1308 ita
742 1264 919 1318 ceperat
966 1259 1212 1313 Tibullum,
1260 1261 1310 1300 ut
1349 1256 1638 1301 indissolubili
1684 1256 1855 1299 vinculo
1899 1269 1947 1299 se
1991 1256 2068 1300 de-

367 1351 556 1394 vinctum
600 1347 792 1390 sentiret.
865 1343 954 1387 Sed
987 1342 1207 1385 servitium
1239 1341 1365 1383 triste
1397 1344 1514 1394 erat,
1557 1353 1655 1383 nam
1686 1340 1942 1384 admittebat
1972 1353 2070 1384 eum

368 1436 514 1491 puella
544 1433 731 1489 superba
762 1431 925 1488 pariter
955 1434 999 1472 et
1031 1441 1159 1471 avara
1191 1428 1410 1470 rarissime
1441 1441 1521 1470 nec
1550 1427 1632 1469 nisi
1666 1427 1805 1482 pretio
1837 1427 1992 1480 allato,
2025 1431 2070 1469 et

368 1520 519 1574 quavis
551 1518 778 1562 occasione
809 1519 1008 1570 arrepta,
1048 1514 1085 1556 si
1128 1512 1232 1568 quid
1264 1513 1497 1566 deliquisse
1528 1515 1678 1567 posset
1706 1510 1869 1563 videri,
1909 1509 2070 1552 aditum

367 1602 654 1645 interdicebat
694 1605 745 1642 ut
784 1613 894 1642 nova
936 1611 1114 1641 munera
1157 1598 1350 1640 eliceret.
1413 1597 1489 1639 Sic
1523 1595 1722 1638 laborans
1765 1595 1962 1638 maximis
1994 1607 2071 1636 ae-

367 1687 529 1729 rumnis
568 1687 630 1728 inv
654 1697 818 1728 summa
859 1683 902 1726 vi
946 1684 1179 1725 affectuum
1222 1682 1395 1738 scripsit
1436 1680 1518 1723 lioc
1564 1691 1735 1723 carmen
1766 1676 1996 1721 vehemens
2027 1680 2072 1719 et

365 1770 633 1814 iracundum.
696 1769 929 1813 Videamus
960 1767 1144 1821 singula.
1205 1767 1397 1809 Primum
1430 1765 1578 1817 dicens
1617 1763 1672 1806 de
1702 1762 1877 1806 servitio
1909 1759 2072 1803 Neme-

367 1855 450 1907 sis,
483 1853 674 1908 graviter
705 1858 749 1895 et
786 1853 988 1895 flebiliter
1019 1852 1213 1906 queritur
1243 1850 1442 1893 duritiam
1480 1849 1573 1891 eius
1608 1851 1653 1890 et
1683 1859 1808 1889 servo
1833 1845 1990 1887 misero
2022 1857 2070 1886 se

368 1942 615 1992 comparat;
664 1948 759 1978 esse
800 1939 943 1977 tantos
983 1934 1156 1976 dolores
1199 1938 1248 1976 ut
1288 1933 1464 1976 tolerari
1495 1931 1567 1975 vix
1599 1930 1778 1987 possint.
1849 1928 1945 1971 Nec
1975 1940 2074 1970 car-

368 2021 497 2073 mina,
529 2020 687 2075 pergit,
717 2024 890 2062 movent
922 2031 1030 2071 eam,
1062 2018 1138 2060 sed
1171 2019 1357 2073 pretium
1387 2029 1526 2071 usque
1556 2015 1749 2070 flagitat3
1792 2013 1934 2056 valete
1965 2011 2073 2054 Mu-

371 2114 446 2143 sae
489 2113 600 2155 quae
643 2099 747 2142 nihil
791 2099 1032 2156 prodestis,
1085 2097 1188 2141 mihi
1232 2111 1310 2154 per
1350 2097 1530 2140 caedem
1573 2100 1618 2138 et
1647 2095 1812 2138 facinus
1851 2098 2072 2151 postremo

370 2195 547 2224 munera
578 2181 768 2237 paranda
799 2185 926 2234 sunt,
956 2184 1006 2222 ut
1037 2180 1299 2222 satisfaciam
1327 2180 1556 2231 avaritiae,
1593 2183 1667 2221 aut
1695 2179 1857 2234 rapiam
1894 2177 2073 2220 donaria

373 2265 644 2319 templorum.
708 2262 883 2315 Iamque
918 2261 1200 2317 progrediens
1231 2260 1402 2314 longius
1435 2264 1684 2303 exsecratur
1714 2265 1914 2303 auctores
1945 2261 2076 2302 luxu·
2151 2283 2153 2290 ‹

368 2349 460 2390 riae
499 2347 703 2403 puellaris
745 2346 818 2401 qui
858 2346 1030 2401 lapillos
1073 2345 1285 2401 pretiosos
1326 2344 1475 2398 legant
1516 2347 1560 2386 et
1599 2356 1832 2399 purpuram
1873 2343 2076 2398 Goasque

368 2434 514 2472 vestes
544 2429 584 2470 in
618 2427 806 2471 medium
838 2428 1033 2479 afferant,
1061 2425 1175 2468 unde
1207 2429 1302 2468 orta
1332 2426 1388 2468 sit
1418 2425 1597 2468 avaritia
1627 2439 1726 2468 cum
1757 2425 1880 2469 malis
1908 2423 2073 2468 artibus

369 2514 635 2570 puellarum,
667 2516 712 2554 et
742 2515 962 2568 postremo
995 2511 1123 2552 etiam
1154 2509 1288 2564 ipsius
1320 2508 1520 2552 Nemesis
1551 2509 1775 2551 avaritiam
1805 2508 2093 2560 exsecratur‚'
2153 2539 2158 2550 .

370 2596 549 2640 laudans
592 2601 743 2638 contra
783 2595 917 2637 bonas
961 2599 1005 2635 et
1047 2606 1130 2635 non
1172 2605 1337 2635 avaras.
1399 2593 1559 2635 Verum
1592 2593 1694 2647 quid
1726 2597 1904 2648 prosunt
1934 2589 2075 2634 haec?

374 2681 532 2736 pergit.
593 2680 763 2733 Legem
793 2677 972 2733 scripsit
997 2675 1196 2718 Nemesis
1228 2673 1446 2728 quomodo
1478 2675 1563 2716 coli
1594 2675 1699 2716 velit
1729 2687 1941 2726 amorem,
1977 2672 2076 2716 huic
2153 2686 2158 2729 j

372 2762 756 2818 obtemperandum
789 2765 870 2804 est.
932 2759 1130 2801 Affirmat
1165 2758 1300 2811 igitur
1330 2771 1443 2799 nunc
1472 2758 1540 2799 vel
1573 2757 1721 2800 sedem
1751 2757 1910 2799 avitam
1941 2758 2075 2800 caris-

371 2846 547 2897 simam,
581 2845 617 2886 si
646 2844 794 2886 iubeat
828 2841 1028 2884 Nemesis
1060 2853 1107 2882 se
1139 2840 1435 2893 venditurum,
1466 2852 1547 2882 nec
1579 2845 1751 2882 recusat
1783 2853 1945 2883 venena
1977 2840 2076 2882 Cir-
2151 2889 2158 2898 Ι

371 2940 469 2980 ces,
503 2926 715 2978 Medeae,
756 2923 1007 2966 Thessaliae
1047 2922 1196 2964 bibere
1228 2922 1430 2976 quodque
1463 2935 1519 2964 ex
1549 2922 1724 2976 inguine
1757 2936 1893 2976 equae
1924 2924 2072 2978 stillet,

371 3011 540 3063 aliaque
571 3008 731 3060 multa,
775 3006 811 3048 si
856 3005 984 3047 modo
1026 3004 1195 3060 placido
1235 3005 1356 3047 vultu
1400 3018 1498 3047 eum
1539 3005 1751 3060 adspiciat
1792 3010 1947 3048 amata.
2007 3007 2075 3050 Ita

372 3091 584 3133 Tibullus.
644 3087 970 3144 Explicabimus
1002 3087 1371 3142 compositionem.
1433 3088 1669 3131 Primarius
1697 3090 1878 3131 affectus
1905 3090 2073 3143 elegiae
2148 3081 2158 3135 ,¹

375 3182 441 3218 est
473 3175 702 3219 manifesto
734 3187 885 3216 sensus
918 3173 1099 3215 acerbus
1131 3173 1295 3215 servitii
1327 3173 1447 3226 duri,
1488 3174 1601 3227 quod
1636 3173 1867 3227 incumbit,
1899 3179 1942 3216 et
1974 3189 2074 3217 ver-
2150 3183 2158 3193 ‘⁴

372 3263 492 3300 satur
526 3259 750 3300 consilium
782 3262 937 3312 poetae
971 3257 1013 3298 in
1046 3270 1126 3308 eo,
1172 3261 1220 3298 ut
1262 3257 1439 3298 tollatur
1479 3255 1585 3299 haec
1616 3257 1770 3298 duritia
1801 3259 1989 3312 servitii,
2036 3260 2070 3301 si

372 3342 465 3383 fieri
489 3342 639 3396 possit,
671 3345 714 3382 et
740 3340 883 3382 mitior
906 3342 979 3382 fiat
1001 3340 1214 3384 Nemesis,
1270 3341 1413 3393 Atque
1438 3341 1479 3382 iu
1505 3341 1745 3383 exordio
1773 3347 1821 3383 ut
1845 3343 1905 3395 fit,
1933 3344 2070 3398 ipsum

374 3430 532 3468 statum
564 3425 627 3467 rei
660 3425 883 3480 proponit3
918 3424 1120 3467 describit
1154 3431 1196 3467 et
1228 3425 1420 3479 queritur
1450 3424 1665 3466 miseriam
1699 3429 1740 3466 et
1767 3424 1937 3467 dolores
1963 3437 2071 3479 quos
