2158 3750
374 245 477 292 268
776 236 1243 289 COMMENTAR.
1281 235 1358 288 ΙΝ
1393 237 1682 289 TIBULLl

375 383 570 438 teroquin
612 382 742 424 etiam
785 379 941 436 philtra
982 382 1203 425 teterrima
1233 381 1352 425 addit
1382 385 1428 425 et
1457 382 1649 425 flammas
1678 383 1835 427 amoris
1863 384 2073 428 maximas

373 468 517 511 subire
566 478 652 507 non
700 469 886 510 recusat.
966 465 1087 508 Male
1132 479 1236 509 veto
1282 467 1475 511 Vossms
1524 467 1855 523 interpretatura
1904 468 2071 512 insanio

372 563 517 593 amore
549 554 593 592 et
624 549 763 604 magis
794 550 925 593 etiam
953 549 1160 593 insaniam
1194 549 1383 604 (rasend
1418 550 1482 593 ist
1517 550 1654 593 meine
1691 548 1826 592 Liebe
1866 552 1961 593 und
1988 552 2074 595 soll

371 634 485 675 noch
522 633 733 675 rasender
773 632 907 689 sein).
979 634 1071 678 Sed
1111 636 1249 689 qualis
1292 633 1362 679 hic
1392 640 1461 679 est
1492 635 1634 678 exitus
1666 639 1711 679 et
1739 634 1842 690 quid
1870 635 1953 677 sibi
1981 637 2074 679 vult

371 721 459 760 tam
497 716 725 762 ridiculum
756 717 1018 762 consilium?
1079 719 1218 763 Immo
1249 720 1379 763 offert
1409 732 1458 763 se
1498 723 1640 763 totum
1670 718 1841 776 puellae
1871 718 1916 761 in
1946 729 2073 761 omne

369 801 637 856 obsequium.

841 1287 1414 1348 ELEGIA
1543 1292 1608 1350 V.

967 1667 1490 1723 INTRODUCTIO.

364 1858 516 1931 Cum
547 1882 834 1936 Messalinus,
882 1882 995 1926 filius
1025 1883 1243 1926 Messalae
1284 1887 1388 1926 natu
1421 1882 1584 1938 maior,
1625 1883 1670 1926 in
1699 1884 1932 1940 collegium
1974 1884 2076 1930 XV.

362 1967 555 2010 virorum
588 1967 724 2010 sacris
764 1967 974 2010 faciundis
1013 1972 1058 2010 et
1097 1967 1321 2021 Sibyllinis
1362 1967 1482 2008 libris
1524 1966 1804 2023 inspiciundis
1847 1972 2077 2023 cooptatus

365 2053 506 2102 esset,
539 2049 783 2092 celebratur
812 2047 895 2092 hoc
924 2050 1112 2092 carmine
1143 2050 1416 2104 inauguratio
1447 2050 1548 2092 novi
1578 2049 1831 2094 sacerdotis,
1890 2050 1954 2093 M.
1984 2051 2075 2095 Va-

362 2131 474 2173 lerio
509 2130 725 2173 Messalae
757 2130 943 2174 Corvino
976 2130 1062 2172 duo
1088 2131 1169 2172 filii
1199 2135 1347 2184 erant,
1383 2132 1496 2174 alter
1525 2131 1589 2175 M.
1620 2132 1768 2176 Valer.
1799 2133 2075 2189 Messalinus,

364 2213 437 2267 qui
469 2214 617 2254 consul
650 2213 729 2254 fuit
759 2226 856 2255 cum
895 2213 949 2254 L.
983 2211 1186 2254 Cornelio
1217 2212 1406 2255 Lentulo
1436 2226 1477 2255 a.
1508 2225 1552 2255 u.
1583 2226 1623 2256 c.
1653 2216 1758 2257 750.
1799 2219 1846 2257 et
1885 2229 2075 2271 procon-

363 2296 431 2338 sul
465 2295 682 2337 Dalmatas
712 2295 840 2348 vicit,
885 2295 997 2337 alter
1027 2295 1191 2337 Lucius
1227 2295 1353 2338 datus
1389 2296 1433 2337 in
1473 2295 1752 2351 adoptionem
1782 2298 1902 2351 genti
1934 2298 2076 2347 Aure-

359 2380 448 2421 liae
481 2383 526 2421 et
565 2378 707 2444 dIctus
736 2378 791 2421 L.
832 2379 1035 2422 Aurelius
1066 2378 1198 2423 Cotta
1238 2379 1510 2423 Messalinus.
1570 2379 1670 2422 Hoc
1700 2380 1799 2423 loco
1828 2392 1914 2423 non
1945 2393 2075 2437 posse

362 2462 494 2503 alium
524 2474 653 2515 quam
682 2461 882 2504 Marcum
912 2462 1122 2517 intelligi,
1161 2467 1281 2513 recte
1322 2467 1472 2506 monet
1511 2463 1715 2508 Vossms.
1775 2463 1888 2508 Nam
1921 2465 1987 2510 M.
2016 2466 2073 2510 V.

361 2543 551 2585 Messala
584 2548 732 2599 pater,
761 2551 810 2586 ut
840 2543 1036 2597 videtur,
1070 2548 1198 2587 natus
1228 2549 1296 2587 est
1325 2557 1424 2587 ann.
1451 2547 1583 2599 685.,
1613 2544 1722 2588 haec
1751 2550 1898 2590 autem
1929 2547 2073 2601 elegia

367 2628 404 2669 si
441 2626 610 2669 duobus
654 2628 828 2671 circiter
867 2629 989 2671 annis
1028 2632 1130 2672 ante
1170 2632 1301 2681 735„
1350 2627 1393 2671 h.
1434 2641 1476 2671 e.
1530 2632 1632 2673 ante
1680 2628 1845 2678 obitum
1893 2628 2073 2684 Tibulli,
2155 2638 2158 2670 i

360 2708 546 2763 scripta,
594 2708 786 2751 Messala
828 2713 920 2751 tum
963 2708 1045 2751 fuit
1091 2708 1376 2763 quadraginta
1418 2713 1519 2751 octo
1565 2722 1800 2763 annorum,
1847 2715 1891 2752 et
1931 2711 2074 2766 potuit
2150 2696 2158 2749 E

2130 2774 2158 2863 -ε

360 2787 490 2831 facile
521 2790 657 2831 filium
691 2788 850 2832 habere
895 2802 1031 2832 annos
1072 2794 1221 2832 natum
1264 2790 1486 2832 minimum
1528 2790 1787 2834 octodecim.
1847 2791 2075 2849 Receptus

359 2871 476 2912 enim
507 2875 600 2913 erat
629 2870 882 2914 adolescens
913 2871 956 2913 in
989 2871 1458 2925 Quindecimviratum,
1507 2876 1556 2915 ut
1587 2878 1678 2916 tum
1709 2875 1856 2918 moris.
1929 2876 2072 2930 Atque

358 2954 574 3009 insignem
605 2955 803 2998 iuvenem
834 2954 968 2998 fuisse
1001 2961 1182 3011 certum,
1214 2956 1270 3000 cf.
1304 2957 1499 2999 Vnum.
1531 2957 1589 3010 ΙΙ,
1621 2960 1720 3000 112.
1765 2958 1929 3003 TAcrr.
1954 2959 2072 3003 Hist.

359 3036 439 3089 ΙΙΙ,
469 3039 541 3080 34.
603 3035 804 3079 Mortuus
846 3037 984 3079 Lucio
1018 3051 1260 3092 cognomen
1291 3038 1519 3080 Messalini
1560 3039 1749 3093 reliquit.
1807 3039 1896 3083 Hic
1925 3045 2070 3084 autem

358 3120 474 3174 apud
506 3121 716 3162 Ovrmtm
746 3119 887 3175 Epist.
921 3133 978 3163 ex
1001 3122 1146 3163 Ponto
1176 3121 1257 3174 ΙΙΙ,
1285 3124 1330 3174 5,
1361 3125 1408 3163 7.
1435 3121 1594 3164 dicitur
1622 3122 1805 3176 iuvenis,
1837 3135 1924 3177 quo
1956 3128 2068 3168 tem-

357 3214 465 3256 pore
507 3215 643 3244 annus
690 3206 784 3244 erat
827 3214 867 3244 a.
914 3214 956 3245 u.
1002 3215 1041 3245 c.
1083 3206 1184 3244 766.
1233 3201 1346 3245 conf.
1390 3202 1595 3246 Massou.
1637 3203 1727 3247 Vit.
1770 3204 1899 3246 Ovid.
1943 3217 1980 3248 s.
2026 3204 2067 3248 b.

357 3297 484 3336 ann.;
516 3284 669 3339 quodsi
697 3290 746 3327 ut
775 3298 987 3328 summum
1014 3298 1238 3342 ponamus,
1271 3290 1362 3329 tum
1393 3286 1678 3342 quadraginta
1709 3289 1900 3343 quinque
1930 3302 2067 3332 anno-

363 3380 455 3411 rum
488 3368 593 3422 fuit,
640 3369 714 3423 qui
756 3368 853 3412 finis
892 3370 1050 3414 aetatis
1092 3371 1333 3425 iuniorum,
1378 3375 1502 3414 natus
1533 3374 1601 3414 est
1630 3382 1726 3415 ann.
1760 3374 1861 3415 721.
1896 3376 1940 3415 et
1971 3384 2066 3416 cum
