2158 3750
352 250 456 292 380
751 239 1217 294 COMMENTAR.
1252 238 1330 294 ΙΝ
1365 240 1653 295 TIBULLI

348 384 508 427 nullam
544 383 671 426 fidem
706 382 955 438 praestabit.
1025 382 1188 425 Verum
1234 386 1301 424 est
1345 383 1458 426 enim
1502 382 1705 430 iuravit,
1748 397 1833 427 non
1878 384 2050 428 iurabit

347 472 422 508 ant
454 464 636 509 iurarit.
696 465 835 509 Poeta
865 467 1098 520 alloquitur
1127 467 1290 508 amicos
1320 467 1549 521 bibentes,
1572 464 1574 467 ’
1599 468 1672 522 qui
1705 472 1750 510 et
1778 467 1860 524 ipsi
1889 473 2050 512 amori-

348 550 427 590 bus
458 548 765 602 indulgebant,
805 561 886 591 nec
918 547 1108 589 futuram
1138 547 1251 590 sorte
1287 561 1379 590 rem
1414 549 1561 604 ponit,
1602 548 1679 591 sed
1709 548 1891 602 factam,
1933 552 2048 604 quod

346 632 480 672 multo
513 630 580 673 hic
613 633 780 675 mellus.
841 631 939 673 Etsi
975 633 1071 686 quis
1104 637 1294 674 vestrum
1324 644 1476 674 revera
1506 632 1652 674 datum
1685 633 1765 674 sibi
1799 631 1928 675 habet
1958 634 2048 675 ius-

342 714 566 755 iurandum
599 715 782 768 puellae,
813 726 868 756 ne
899 713 1071 756 credat:
1104 713 1184 756 hoc
1216 719 1282 756 est
1311 715 1427 768 quod
1460 715 1578 759 dicit.
1604 737 1664 746 —-
1694 715 1865 757 Nulla
1895 715 2048 758 fides

344 799 524 839 inerit
565 799 657 841 scil.
701 799 766 851 ei,
812 802 862 840 ut
893 799 1069 840 Sumo
1101 803 1377 853 comparante
1408 799 1645 842 Mnmnms
1675 801 1753 854 IV,
1785 804 1901 845 578.
1919 799 2047 844 dicit:

341 881 470 921 nulla
502 881 626 936 fides
667 881 803 923 inerit
843 881 992 928 natis,
1035 887 1111 924 aut
1154 883 1298 925 verbis
1339 884 1444 926 eius.
1507 885 1736 927 Postremo
1778 885 2046 926 Huscmuus

341 977 405 1019 pr.
441 963 622 1007 fallax
654 967 857 1021 proponit
880 965 1037 1021 pellax
1069 971 1145 1009 aut
1175 966 1361 1017 audax5
1394 968 1496 1010 ferri
1529 969 1639 1011 enim
1670 981 1755 1011 non
1786 981 1914 1024 posse
1943 980 2044 1011 sen—

343 1050 546 1091 tentiam:
596 1048 684 1090 etsi
725 1048 897 1091 iurabit
939 1049 1026 1102 (ita
1059 1051 1172 1093 enim
1203 1051 1376 1106 scribit)
1410 1051 1574 1110 fallax
1606 1075 1690 1100 -,
1731 1051 1860 1094 nulla
1895 1059 2045 1094 tamen

327 1131 451 1187 fides
493 1130 628 1173 inerit
661 1131 836 1189 fallaci
876 1131 948 1173 vel
981 1132 1233 1176 iuramento
1267 1133 1426 1192 salso,
1467 1137 1719 1191 recepitque
1749 1137 1842 1192 ipse
1874 1135 2042 1178 audax.

336 1216 454 1257 Sane
487 1215 682 1270 peccavit
712 1213 781 1257 hic
813 1214 1093 1269 Lygdamus,
1139 1215 1222 1258 etsi
1255 1214 1420 1273 fallax
1451 1216 1716 1258 substantive
1755 1217 1941 1272 accipias
1974 1229 2039 1272 pr.

336 1298 469 1340 fallax
501 1299 660 1353 puella,
690 1311 831 1352 neque
863 1311 967 1341 vero
999 1297 1186 1340 mutabis
1218 1297 1467 1352 quidquam.
1499 1321 1555 1329 -—
1587 1297 1643 1341 V.
1662 1301 1732 1340 53
1763 1310 1828 1352 sq.
1869 1298 2041 1343 Quam

337 1382 548 1423 vellem
579 1385 662 1424 etc.
726 1381 836 1423 Cum
876 1379 991 1423 seria
1033 1379 1165 1422 verba
1207 1380 1359 1435 procul
1401 1380 1521 1422 abire
1559 1379 1759 1432 iusserit,
1806 1378 1956 1422 hilaria
1998 1384 2044 1422 et

337 1465 496 1507 lasciva
540 1469 705 1518 tentat3
756 1464 835 1507 sed
876 1464 1032 1507 ardens
1078 1463 1339 1506 desiderium
1370 1465 1542 1520 puellae
1575 1457 1817 1506 etiamnunc
1846 1461 2040 1504 dolorem
2081 1502 2087 1507 .
2139 1461 2152 1486 ’-

334 1547 518 1591 reducit.
549 1572 608 1579 -—
660 1550 866 1603 longos
897 1548 1256 1604 pervigilare
1289 1548 1435 1600 dies,
1466 1549 1580 1590 inter
1609 1547 1728 1589 iocos
1760 1552 1864 1602 puta
1896 1540 2038 1589 lusus-

336 1642 420 1682 que
452 1630 624 1672 amoris.
687 1630 778 1672 Sed
812 1631 955 1672 ieiuna
986 1631 1174 1683 locutio,
1206 1631 1251 1672 in
1284 1643 1411 1684 quam
1443 1630 1728 1697 oppositionis
1757 1628 1902 1672 studio
1931 1630 2043 1672 inci-

336 1713 413 1756 dit.
445 1737 505 1744 —
549 1727 650 1756 nec
693 1714 898 1757 merito
942 1714 1107 1756 nobis
1146 1713 1385 1756 inimica
1427 1714 1687 1756 merenti.
1750 1714 1825 1756 Sic
1855 1714 2037 1769 primum

334 1801 573 1842 Sumam
608 1813 685 1853 per
715 1798 1001 1842 archaismum
1034 1801 1370 1842 constructionis
1403 1813 1486 1842 non
1518 1801 1642 1842 nimis
1673 1799 1826 1842 durum
1856 1800 2038 1854 iungens

331 1883 527 1937 reposuit
557 1897 582 1925 e
613 1882 757 1936 libris3
801 1885 1033 1925 assentitur
1063 1884 1452 1938 Bnoucxnusms,
1494 1897 1575 1927 nec
1604 1897 1690 1926 non
1723 1875 2038 1928 Rumvxnmus

333 1966 377 2007 in
410 1965 594 2007 Dictatis
635 1964 690 2007 ad
734 1965 912 2008 Terent.
955 1964 1152 2008 Eunuch.
1187 1967 1263 2019 IV,
1295 1970 1338 2019 3,
1370 1971 1412 2008 7.
1456 1966 1529 2008 ubi
1573 1971 1640 2008 est
1680 1965 1861 2008 absente
1901 1965 2038 2014 nobis,

332 2050 691 2104 quemadmodum
716 2051 961 2093 CATULLus
985 2049 1113 2093 habet
1141 2051 1256 2104 CllI,
1285 2055 1326 2093 5.
1348 2055 1402 2093 6:
1433 2049 1685 2106 insperanti
1710 2049 1847 2095 nobis.
1911 2053 2038 2097 Quae

328 2132 415 2173 iam
446 2131 803 2174 Bnoucxnnsms
835 2118 1055 2175 laudavit(
1104 2132 1228 2175 Adde
1263 2132 1428 2175 Hnms.
1458 2132 1512 2175 ad
1543 2133 1666 2188 Virg.
1697 2135 1801 2176 Aen.
1828 2135 1904 2188 VI,
1925 2139 2030 2181 209.

329 2214 529 2256 Imitatur
568 2215 740 2269 quidem
785 2215 1040 2269 Lygdamus
1081 2215 1322 2256 orationem
1365 2214 1552 2268 Tibulli,
1596 2216 1673 2258 sed
1714 2221 1821 2270 quot
1860 2218 2033 2259 insolita

327 2295 600 2338 nihilominus
633 2297 837 2338 vidimus!
899 2296 983 2338 Est
1018 2300 1162 2337 autem
1198 2310 1365 2337 merens
1405 2297 1518 2339 bono
1550 2310 1706 2351 sensu,
1751 2299 1824 2352 qui
1862 2299 1948 2342 fide
1986 2305 2032 2342 et

330 2394 476 2423 amore
517 2381 628 2424 bene
671 2382 852 2434 meruit,
896 2381 1031 2423 veluti
1074 2379 1420 2422 merentissimus
1452 2380 1669 2427 maritus,
1711 2381 2033 2423 merentis-sima

329 2477 444 2504 uxor
471 2464 513 2505 in
543 2463 899 2518 Inscriptionibus
931 2463 1102 2516 dicitur,
1134 2462 1188 2506 cf.
1222 2464 1438 2506 Gnuwnn.
1472 2479 1514 2520 p.
1547 2468 1651 2510 760.
1683 2477 1746 2508 nr.
1770 2468 1828 2518 3.‚
1860 2481 1902 2522 p.
1928 2469 2032 2510 932.

326 2557 391 2587 nr.
421 2550 466 2594 7.
529 2547 593 2588 Ac
634 2559 863 2588 nervosum
905 2558 1164 2588 sarcasmum
1205 2544 1335 2588 habet
1365 2548 1581 2588 cumulata
1622 2547 1780 2591 dictio:
1825 2562 1905 2591 nec
1935 2562 2031 2591 me-

324 2628 424 2681 rito,
465 2634 509 2671 et
538 2629 766 2683 immerito,
797 2631 971 2673 inimica
1003 2631 1201 2672 merenti.
1266 2630 1429 2672 Contra
1460 2631 1600 2673 ieiuna
1633 2631 1861 2674 manifesto
1891 2633 2027 2675 altera

323 2709 500 2752 minoris
547 2712 817 2754 auctoritatis
865 2712 1022 2765 lectio,
1069 2725 1198 2766 quam
1246 2712 1490 2766 Hermus,
1540 2714 1758 2768 Vossws,
1805 2714 2028 2769 BAcmtrs,

324 2793 621 2847 Huscnxms,
650 2796 934 2837 Gonnnnrtrs
967 2793 1225 2849 probarunt:
1257 2793 1443 2848 Perfida
1473 2809 1552 2836 nec
1582 2795 1741 2837 merita
1770 2795 1919 2843 nobis,
1949 2810 2028 2839 nec

323 2876 470 2917 amica
512 2877 710 2919 merenti.
769 2877 976 2921 Profecto
1019 2877 1132 2920 enim
1167 2877 1309 2919 ieiune
1343 2883 1409 2920 est
1440 2878 1626 2922 dictumx
1670 2879 1835 2935 perfida
1870 2881 2024 2925 imme-

320 2958 431 3011 rito,
457 2971 539 3001 nec
572 2961 710 3002 amica
739 2961 946 3014 merenti;
991 2966 1036 3003 at
1069 2974 1250 3004 nervose
1281 2963 1491 3005 alterum:
1537 2963 1702 3019 perfida
1732 2969 1778 3006 et
1807 2964 2021 3009 immerito

320 3042 493 3084 inimica
523 3045 718 3086 merenti.
779 3044 976 3088 Nervosa
1008 3051 1152 3090 autem
1185 3047 1319 3090 totius
1353 3046 1523 3089 distichi
1556 3047 1696 3089 oratio
1729 3045 1798 3090 bic
1827 3051 1908 3100 est,
1940 3061 2020 3092 nec

322 3123 451 3166 debet
483 3124 562 3167 hac
594 3126 721 3168 laude
753 3128 910 3182 privari
940 3128 1194 3183 Lygdamus
1224 3131 1355 3172 toties
1385 3128 1696 3185 reprehensus3
1738 3141 1834 3171 nam
1867 3134 2024 3185 penta-

322 3209 459 3247 meter
489 3208 614 3261 plane
646 3210 874 3263 egregius,
920 3210 988 3252 cui
1028 3211 1179 3253 similis
1219 3212 1358 3254 nullus
1402 3226 1480 3267 per
1522 3217 1662 3255 totum
1691 3211 1927 3254 Tibullum.
1960 3235 2018 3244 -——

322 3290 373 3330 V.
407 3293 466 3330 57
497 3303 589 3344 sqq.
669 3293 734 3334 Ad
784 3293 1042 3337 hilaritatem
1099 3295 1224 3337 redit.
1298 3295 1481 3338 Naida
1545 3292 1803 3338 Bacchus
1858 3302 2016 3338 amat.

321 3371 639 3426 ProverbialiS,
683 3379 730 3418 ut
773 3375 966 3429 videtur,
1018 3377 1209 3431 locutio,
1252 3392 1362 3421 nnnc
1409 3380 1646 3435 aptissima·
1706 3379 1879 3421 Similes
1921 3379 2017 3421 vide
