2158 3750
605 277 792 333 LIBR.
827 283 920 333 III.
990 282 1196 338 ELEG.
1231 285 1300 337 ΙΙ.
1369 287 1462 338 ΙΙΙ.
1781 296 1879 340 331

186 426 363 477 ereptae
394 437 524 466 causa
563 426 706 480 perire
746 425 853 470 suit:
890 439 976 469 nou
1009 429 1093 471 erit
1125 428 1241 484 quod
1271 428 1579 486 reprehendas,
1639 429 1767 474 Nunc
1798 444 1880 474 au-

186 507 275 546 tem
304 504 475 548 Neaera
503 505 678 549 iubetur
708 521 808 551 eum
838 521 1004 564 ponere
1034 514 1080 552 et
1110 510 1207 566 ipsa
1238 525 1287 555 se
1321 513 1493 568 publice
1523 526 1696 556 causam
1731 513 1879 557 dicere

184 588 361 640 mortis,
403 589 533 631 etiam
561 591 733 633 nomine
762 590 935 645 addito,
978 593 1096 648 quod
1126 595 1221 650 ipse
1250 596 1370 638 vides
1403 610 1531 651 quam
1563 598 1620 640 sit
1650 597 1883 640 infeliciter

186 674 230 710 et
261 670 557 725 imprudenter
587 673 897 727 excogitatum.
960 675 1149 718 Volebat
1180 683 1310 731 poeta
1341 692 1548 721 revocare
1579 678 1794 722 Neaeram
1823 679 1882 722 ad

184 765 233 793 se
277 757 323 794 et
364 754 585 798 deterrere
627 756 681 798 ab
722 756 832 810 isto,
876 757 993 811 quod
1022 759 1339 815 meditabatur,
1381 763 1610 817 coniugi03
1657 762 1736 807 sed
1766 763 1884 819 quod

185 834 304 887 agit,
355 836 416 878 ita
457 843 753 894 comparatum
794 845 888 894 est,
932 846 982 884 ut
1013 855 1100 885 non
1132 846 1325 899 potuerit
1355 859 1443 889 non
1474 848 1616 902 magis
1648 847 1882 892 abalienari

184 916 277 959 eius
314 919 492 964 animuS.
551 920 731 964 Notavit
759 934 851 964 rem
882 921 1011 966 etiam
1043 924 1253 969 Vossms.

618 1386 1179 1451 ELEGIA
1308 1393 1427 1451 ΙΙΙ.

776 1780 1293 1836 INTRODUCTIO.

177 1972 403 2046 carmen
457 1996 727 2054 propositum
778 1999 825 2039 et
878 1999 1079 2050 quartum
1134 1995 1323 2039 maxime
1369 1995 1625 2052 imperfecta
1679 2002 1780 2040 sunt
1839 1999 1882 2040 in

175 2079 259 2124 hoc
296 2081 423 2126 libro.
494 2080 625 2123 Initio
666 2079 865 2135 queritur
906 2084 1036 2135 poeta
1076 2078 1219 2134 quod,
1264 2093 1362 2122 cum
1405 2085 1471 2122 tot
1510 2085 1612 2123 vota
1651 2080 1809 2124 fecerit
1841 2088 1886 2125 et

176 2171 273 2210 tura
310 2165 468 2209 blanda
498 2165 667 2208 dederit
698 2164 807 2218 diis,
853 2177 938 2207 nou
981 2178 1113 2221 opum
1157 2170 1203 2208 et
1239 2165 1483 2209 divitiarum
1524 2179 1680 2221 causa,
1726 2166 1806 2210 sed
1836 2171 1886 2210 ut

175 2262 275 2292 cum
320 2248 493 2292 Neaera
540 2249 673 2290 vitam
723 2247 965 2300 transigere
1012 2247 1141 2289 liceat
1198 2248 1243 2289 in
1291 2249 1471 2303 eiusque
1518 2249 1614 2291 sinu
1662 2254 1885 2305 postremo

174 2333 311 2385 mori,
356 2330 461 2375 nihil
501 2333 667 2388 prosint
708 2329 815 2373 haec
860 2330 1016 2373 omnia.
1078 2329 1191 2372 Nam
1235 2330 1405 2373 divitias
1446 2331 1645 2384 quidem,
1698 2345 1884 2385 quarum

177 2415 385 2470 pleraque
416 2426 580 2468 genera
610 2416 848 2465 enumerat,
878 2425 964 2454 non
997 2411 1250 2455 felicitatem
1282 2413 1440 2455 afferre
1473 2413 1553 2455 sed
1584 2413 1804 2468 invidiam,
1836 2428 1885 2458 se

177 2501 475 2553 paupertatem
507 2508 605 2538 cum
630 2494 803 2537 Neaera
834 2506 1031 2537 securam
1064 2494 1285 2550 praeferre
1317 2496 1473 2551 opibus
1506 2496 1719 2550 omnibus,
1753 2502 1884 2553 atque

176 2583 379 2635 precatur
418 2581 469 2619 ut
511 2577 658 2619 videat
699 2577 819 2618 illum
861 2575 1003 2629 diem,
1049 2590 1136 2631 quo
1178 2579 1325 2634 puella
1355 2579 1437 2621 sibi
1471 2579 1690 2624 reddatur.
1753 2582 1811 2624 At
1849 2582 1886 2625 si

175 2675 260 2705 nou
294 2661 442 2704 audiat
483 2661 591 2704 deus
630 2665 759 2714 vota,
806 2661 979 2716 pergit,
1027 2663 1157 2704 etiam
1204 2675 1311 2718 opes
1359 2676 1443 2705 non
1477 2664 1625 2706 iuvant
1656 2665 1885 2718 maximae,

176 2746 425 2801 coniugium
456 2757 657 2788 securum
689 2749 859 2787 amatae
892 2747 1022 2802 cupio
1055 2760 1249 2803 paupere
1283 2748 1386 2790 licet
1417 2750 1554 2790 cultu.
1618 2746 1750 2793 Quod
1784 2760 1885 2803 pre-

176 2834 300 2871 catur
329 2828 536 2871 lunonem
567 2831 612 2869 et
642 2827 858 2870 Venerem
891 2834 941 2870 ut
973 2829 1221 2900 concilient.
1283 2832 1375 2872 Aut
1420 2831 1455 2872 si
1500 2830 1591 2873 sata
1622 2835 1785 2886 negent
1814 2844 1886 2874 re-

177 2911 313 2952 ditum
356 2910 549 2965 puellae,
594 2909 737 2952 Orcus
781 2914 831 2951 ut
874 2915 1005 2952 vocet
1046 2915 1170 2968 optat
1214 2910 1447 2955 dolentem.
1512 2913 1635 2956 Haec
1666 2912 1887 2956 hactenuS.

179 2994 312 3037 Vides
343 2993 446 3049 quid
477 2994 596 3037 velit.
658 2993 833 3036 Neaera
864 2994 1052 3049 coniuge
1086 3009 1217 3051 posse
1260 2996 1344 3038 frui
1390 3011 1601 3041 summum
1643 2999 1682 3040 ei
1726 2997 1884 3040 bonum

178 3076 348 3119 videtur
380 3076 539 3133 opibus
569 3075 769 3118 maximis
800 3074 1171 3131 posthabendum,
1204 3079 1320 3133 quod
1349 3082 1461 3122 votis
1495 3081 1688 3135 plurimis
1720 3080 1887 3135 expetit

181 3163 226 3201 et
259 3159 341 3200 nisi
375 3162 692 3212 consequatur,
724 3158 838 3200 vitae
869 3157 1129 3214 deprecatur
1161 3174 1330 3205 munus.
1393 3164 1607 3206 Dividitur
1636 3168 1782 3206 autem
1813 3169 1884 3206 to-

178 3248 268 3285 tum
300 3243 326 3285 d
344 3243 522 3285 uabus
553 3241 844 3298 partibus,
873 3247 1080 3297 quantum
1104 3245 1277 3300 quidem
1303 3248 1344 3290 in
1366 3249 1441 3290 tali
1462 3249 1649 3290 carmine
1673 3247 1886 3290 affirmare

179 3325 295 3367 licet.
357 3325 601 3368 Exordium
630 3324 864 3387 discretum
890 3339 975 3369 non
1006 3328 1155 3385 adest,
1196 3331 1274 3375 sed
1308 3331 1504 3374 decurrit
1537 3345 1631 3373 una
1654 3331 1884 3388 perpetui-

181 3415 255 3448 tas
288 3422 433 3450 rerum
476 3407 534 3451 ab
577 3407 708 3450 initio
748 3406 812 3447 ad
843 3423 883 3449 ν.
915 3411 988 3453 26.
1036 3411 1117 3457 hoc
1162 3426 1317 3457 sensu:
1367 3427 1453 3457 non
1500 3413 1671 3456 divitias
1714 3425 1883 3468 precor,
