2158 3750
326 283 429 328 370
722 269 1193 327 COMMENTAR.
1229 268 1304 322 IN
1341 270 1388 318 Τ
1390 269 1631 322 IBULLI

331 419 465 463 Viae.
498 421 600 461 Aen.
633 417 687 469 V,
718 417 819 458 438.
880 416 1015 459 Ovm.
1055 415 1172 459 Fast.
1204 415 1279 469 VI,
1311 419 1413 460 162.
1457 428 1569 471 quae
1610 416 1814 461 Vum’rus
1862 420 2021 474 laudat,

326 508 369 544 et
410 501 520 543 adde
561 500 833 542 Miirmssnmu
875 498 916 539 in
962 497 1071 540 libro
1103 497 1158 540 de
1189 497 1387 541 Etruscis
1418 498 1550 542 Toni.
1583 498 1638 542 ΙΙ.
1684 513 1726 554 p.
1760 502 1861 543 179.
1921 501 2020 546 Hae

327 587 488 628 hostiae
522 584 775 626 dicebantur
804 584 1036 636 animales,
1065 595 1171 637 quas
1201 583 1334 626 etlam
1367 581 1448 625 hoc
1480 584 1578 626 loco
1611 583 1870 639 intelligunt.
1931 585 2021 629 Sed

326 683 408 723 ego
440 669 510 711 vix
547 668 677 710 credo
710 667 764 709 de
795 668 978 722 mystica
1010 679 1058 710 re
1090 671 1263 723 poetam
1296 668 1535 722 cogitasse,
1575 669 1648 722 qui
1678 668 1892 725 pecudes,
1935 682 2022 714 non

324 751 532 807 pecudem
578 751 725 794 offerri
768 750 859 792 vult
902 749 1003 792 Diti.
1080 749 1237 791 Potius
1280 749 1506 804 vulgarem
1548 762 1673 793 usum
1714 751 2023 797 sacrificiorum

321 836 552 889 intelligas.
615 834 820 876 Ceterum
865 832 920 875 de
963 833 1152 888 nigris
1197 833 1436 889 pecudibus
1481 845 1553 877 res
1599 837 1716 877 nota.
1790 834 1856 877 Ac
1897 846 2024 891 pro-

321 920 540 962 mittite
571 924 639 962 est
669 924 850 972 vovete,
882 919 1016 961 veluti
1045 919 1208 982 JUVEN.
1240 919 1335 962 Sat.
1366 918 1489 972 XIII,
1519 921 1624 961 232.
1654 941 1715 952 -
1756 917 1827 960 Et
1868 918 2023 961 nivei

322 1002 490 1044 lactis
533 1001 747 1056 pocula
789 1001 965 1042 mixta
1008 1012 1172 1043 mero·
1235 999 1348 1042 Nam
1381 1013 1436 1043 ex
1468 1002 1700 1056 sanguine,
1728 1003 1882 1056 ‘lacte‚
1923 1002 2023 1046 vino

320 1083 588 1138 potissimum
629 1082 880 1135 constabat,
927 1086 976 1124 ut
1020 1087 1195 1136 notum,
1249 1096 1417 1126 sacrum
1462 1085 1578 1139 qu'od
1609 1085 1757 1128 inferis
1787 1085 2020 1128 ferebatur.

317 1165 491 1207 Laudat
532 1166 892 1208 Bnoucmmsms
936 1166 1093 1207 Senec.
1140 1164 1255 1207 Oed.
1285 1167 1400 1207 563:
1447 1165 1709 1222 sanguinem
1748 1165 1866 1208 'libat
1899 1165 2025 1225 focis

316 1244 580 1305 Solidasque
605 1246 799 1304 pecudes
830 1247 924 1288 urit
964 1255 1008 1288 et
1041 1245 1182 1288 multo
1212 1253 1390 1302 specum
1419 1247 1616 1288 Satarat
1647 1261 1815 1290 cruore.
1885 1247 2024 1291 Libat

317 1340 361 1373 et
403 1331 578 1374 niveum
618 1331 800 1389 insuper
841 1331 1000 1375 Laetis
1043 1331 1282 1392 liquorem,
1320 1329 1489 1390 fundit
1528 1339 1574 1373 et
1615 1332 1846 1374 Bacchum
1886 1347 2020 1376 manu

316 1417 485 1458 Laeva.
550 1415 673 1458 Adde
704 1416 842 1458 Vme.
874 1414 984 1458 Aen.
1015 1416 1069 1469 V,
1097 1419 1157 1458 77
1187 1427 1280 1470 sqq.
1342 1415 1617 1458 Mortuorum
1648 1414 1849 1459 libamina
1879 1417 2023 1460 omnia

317 1498 392 1551 qui
423 1510 689 1552 cognoscere
730 1499 873 1553 cupit,
918 1495 1046 1540 adeat
1090 1497 1220 1540 modo
1251 1497 1546 1541 Bnomvmtn.
1577 1496 1632 1540 ad
1665 1495 1868 1553 Aeschyl.
1895 1498 2020 1544 Pers.

318 1593 357 1623 v.
389 1582 493 1623 616.
526 1580 720 1623 Giossar.
754 1602 812 1611 -

762 2118 1333 2178 ELEGIA
1456 2124 1557 2186 Vl.

910 2508 1429 2567 INTRODUCTIO.

312 2697 600 2771 Successum
646 2735 731 2764 non
775 2721 1012 2765 habuerant
1054 2723 1198 2777 priora
1241 2725 1454 2777 carmina,
1501 2723 1673 2770 Neaera
1706 2739 1790 2771 non
1821 2727 2009 2774 redierat

306 2803 351 2851 in
382 2804 563 2858 gratiam
594 2816 691 2847 cum
722 2809 874 2859 poeta,
924 2803 1003 2848 sed
1048 2803 1236 2847 desierat
1273 2818 1372 2849 eum
1403 2819 1561 2851 amare.
1623 2809 1711 2854 Hic
1740 2811 1875 2866 igitur
1905 2826 2004 2858 cum

304 2887 424 2930 aliud
466 2886 566 2930 nihil
614 2888 860 2931 faciendum
905 2888 1074 2942 videat,
1125 2890 1301 2933 tandem
1349 2892 1596 2947 relinquens
1647 2894 1837 2950 pueliam
1881 2907 2007 2939 curas

308 2968 408 3011 vino
437 2969 604 3011 diluere
634 2969 782 3012 studet
814 2969 858 3011 in
887 2972 1208 3025 compotatione
1240 2975 1491 3018 amicorum.
1554 2975 1698 3031 Atque
1727 2977 1894 3020 initium
1923 2976 2006 3021 hoc

306 3053 396 3092 est:
441 3050 613 3094 invocat
642 3049 861 3093 Bacchum
892 3057 941 3094 ut
983 3053 1094 3096 adsit
1126 3059 1170 3097 et
1200 3055 1370 3099 auferat
1401 3057 1620 3112 dolorem,
1663 3057 1860 3102 hortatur
1893 3073 2023 3116 pue-²

303 3141 398 3172 rum
439 3135 489 3172 ut
529 3131 725 3175 infundat
763 3132 952 3176 Falerna
993 3141 1038 3178 et
1080 3138 1244 3181 amicos
1291 3140 1456 3182 excitat
1495 3140 1584 3183 dux
1619 3145 1671 3184 et
1700 3143 1907 3196 magister
1938 3142 2022 3184 bi-·

303 3209 460 3264 bendi3
506 3214 743 3258 modestam
776 3217 1141 3271 compotationem
1172 3219 1383 3275 futuram,
1426 3226 1472 3265 at
1502 3223 1627 3266 nimis
1658 3235 1833 3266 severos
1864 3236 1892 3264 a
1920 3222 2005 3267 deo

302 3294 497 3349 punitum
526 3296 594 3340 iri.
656 3298 746 3340 Sed
776 3298 837 3340 ita
868 3299 967 3343 dum
1000 3299 1198 3346 hortatur
1229 3315 1320 3358 eos,
1358 3316 1460 3347 ecce
1491 3304 1602 3347 redit
1629 3304 1673 3352 in
1701 3305 1889 3350 animum
1921 3305 2004 3348 do-

301 3375 390 3431 lor,
445 3384 729 3436 precaturque
772 3383 886 3427 mala
931 3385 1103 3439 puellae
1148 3387 1368 3443 perfidae;
1428 3389 1622 3446 reprimit
1664 3392 1808 3433 tamen
1852 3390 2001 3434 statim

2128 1578 2156 1626 ᾳ.
