<?xml version="1.0" encoding="UTF-8"?>
<!DOCTYPE html PUBLIC "-//W3C//DTD XHTML 1.0 Transitional//EN"
    "http://www.w3.org/TR/xhtml1/DTD/xhtml1-transitional.dtd">
<html xmlns="http://www.w3.org/1999/xhtml" xml:lang="en" lang="en">
 <head>
  <title>
</title>
<meta http-equiv="Content-Type" content="text/html;charset=utf-8" />
  <meta name='ocr-system' content='tesseract 3.04.00' />
  <meta name='ocr-capabilities' content='ocr_page ocr_carea ocr_par ocr_line ocrx_word'/>
</head>
<body>
  <div class='ocr_page' id='page_1' title='image "./carminaexrecensi01tibuuoft_0486.png"; bbox 0 0 2158 3750; ppageno 0'>
   <div class='ocr_carea' id='block_1_1' title="bbox 339 302 1635 360">
    <p class='ocr_par' dir='ltr' id='par_1_1' title="bbox 339 302 1635 360">
     <span class='ocr_line' id='line_1_1' title="bbox 339 302 1635 360; baseline -0.002 0"><span class='ocrx_word' id='word_1_1' title='bbox 339 311 436 360; x_wconf 76' lang='lat'><strong>154¹</strong></span> <span class='ocrx_word' id='word_1_2' title='bbox 732 302 1199 360; x_wconf 68' lang='lat' dir='ltr'><strong>COMMENTAR.</strong></span> <span class='ocrx_word' id='word_1_3' title='bbox 1237 302 1314 355; x_wconf 83' lang='lat' dir='ltr'><strong>IN</strong></span> <span class='ocrx_word' id='word_1_4' title='bbox 1351 303 1394 353; x_wconf 86' lang='grc' dir='ltr'>Τ</span> <span class='ocrx_word' id='word_1_5' title='bbox 1400 303 1635 357; x_wconf 86' lang='lat' dir='ltr'><strong>IBULLI</strong></span> 
     </span>
    </p>
   </div>
   <div class='ocr_carea' id='block_1_2' title="bbox 318 450 2036 3508">
    <p class='ocr_par' dir='ltr' id='par_1_2' title="bbox 318 450 2036 3508">
     <span class='ocr_line' id='line_1_2' title="bbox 332 450 2028 511; baseline 0 -18"><span class='ocrx_word' id='word_1_6' title='bbox 332 450 541 511; x_wconf 76' lang='lat' dir='ltr'><strong>pliemus,</strong></span> <span class='ocrx_word' id='word_1_7' title='bbox 577 451 647 504; x_wconf 85' lang='lat' dir='ltr'><strong>qui</strong></span> <span class='ocrx_word' id='word_1_8' title='bbox 683 450 845 493; x_wconf 81' lang='lat' dir='ltr'>claudit</span> <span class='ocrx_word' id='word_1_9' title='bbox 876 454 1005 504; x_wconf 85' lang='lat' dir='ltr'><strong>atque</strong></span> <span class='ocrx_word' id='word_1_10' title='bbox 1039 456 1237 507; x_wconf 78' lang='lat' dir='ltr'>pressat,</span> <span class='ocrx_word' id='word_1_11' title='bbox 1269 451 1381 494; x_wconf 85' lang='lat' dir='ltr'><strong>tales</strong></span> <span class='ocrx_word' id='word_1_12' title='bbox 1414 455 1514 493; x_wconf 86' lang='lat' dir='ltr'><strong>sunt</strong></span> <span class='ocrx_word' id='word_1_13' title='bbox 1546 456 1717 494; x_wconf 84' lang='lat' dir='ltr'><strong>centum</strong></span> <span class='ocrx_word' id='word_1_14' title='bbox 1747 453 1818 495; x_wconf 85' lang='lat' dir='ltr'><strong>alii</strong></span> <span class='ocrx_word' id='word_1_15' title='bbox 1849 455 1921 508; x_wconf 88' lang='lat' dir='ltr'><strong>qui</strong></span> <span class='ocrx_word' id='word_1_16' title='bbox 1955 452 2028 494; x_wconf 76' lang='lat' dir='ltr'><strong>lia-</strong></span> 
     </span>
     <span class='ocr_line' id='line_1_3' title="bbox 333 533 2030 589; baseline 0.001 -13"><span class='ocrx_word' id='word_1_17' title='bbox 333 536 483 577; x_wconf 88' lang='lat' dir='ltr'><strong>bitant.</strong></span> <span class='ocrx_word' id='word_1_18' title='bbox 557 535 699 589; x_wconf 84' lang='lat' dir='ltr'><strong>Atque</strong></span> <span class='ocrx_word' id='word_1_19' title='bbox 742 535 802 577; x_wconf 86' lang='lat' dir='ltr'><strong>ita</strong></span> <span class='ocrx_word' id='word_1_20' title='bbox 848 548 917 576; x_wconf 88' lang='lat' dir='ltr'><strong>res</strong></span> <span class='ocrx_word' id='word_1_21' title='bbox 964 533 1094 577; x_wconf 85' lang='lat' dir='ltr'><strong>habet</strong></span> <span class='ocrx_word' id='word_1_22' title='bbox 1139 536 1180 578; x_wconf 89' lang='lat' dir='ltr'><strong>in</strong></span> <span class='ocrx_word' id='word_1_23' title='bbox 1226 536 1320 578; x_wconf 86' lang='lat' dir='ltr'><strong>aliis</strong></span> <span class='ocrx_word' id='word_1_24' title='bbox 1362 536 1500 589; x_wconf 84' lang='lat' dir='ltr'><strong>locis,</strong></span> <span class='ocrx_word' id='word_1_25' title='bbox 1547 540 1594 578; x_wconf 89' lang='lat' dir='ltr'><strong>ut</strong></span> <span class='ocrx_word' id='word_1_26' title='bbox 1625 535 1724 578; x_wconf 88' lang='lat' dir='ltr'><strong>Tib.</strong></span> <span class='ocrx_word' id='word_1_27' title='bbox 1757 535 1835 589; x_wconf 86' lang='lat' dir='ltr'><strong>III,-</strong></span> <span class='ocrx_word' id='word_1_28' title='bbox 1876 540 1918 589; x_wconf 82' lang='lat'><strong>6,</strong></span> <span class='ocrx_word' id='word_1_29' title='bbox 1958 539 2030 578; x_wconf 80' lang='lat'><strong>23.</strong></span> 
     </span>
     <span class='ocr_line' id='line_1_4' title="bbox 332 597 2031 675; baseline -0.001 -15"><span class='ocrx_word' id='word_1_30' title='bbox 332 620 469 662; x_wconf 78' lang='lat' dir='ltr'><strong>V1RG.</strong></span> <span class='ocrx_word' id='word_1_31' title='bbox 520 620 626 660; x_wconf 79' lang='lat' dir='ltr'><strong>Aen.</strong></span> <span class='ocrx_word' id='word_1_32' title='bbox 669 618 770 672; x_wconf 90' lang='lat' dir='ltr'><strong>XII,</strong></span> <span class='ocrx_word' id='word_1_33' title='bbox 815 622 917 661; x_wconf 82' lang='lat'><strong>701.</strong></span> <span class='ocrx_word' id='word_1_34' title='bbox 1012 597 1159 665; x_wconf 82' lang='lat' dir='ltr'><strong>Quare</strong></span> <span class='ocrx_word' id='word_1_35' title='bbox 1214 620 1386 663; x_wconf 87' lang='lat' dir='ltr'><strong>minime</strong></span> <span class='ocrx_word' id='word_1_36' title='bbox 1444 632 1552 675; x_wconf 89' lang='lat' dir='ltr'><strong>opus</strong></span> <span class='ocrx_word' id='word_1_37' title='bbox 1611 622 1676 661; x_wconf 92' lang='lat' dir='ltr'><strong>est</strong></span> <span class='ocrx_word' id='word_1_38' title='bbox 1731 616 2031 660; x_wconf 74' lang='lat' dir='ltr'><strong>emendatione</strong></span> 
     </span>
     <span class='ocr_line' id='line_1_5' title="bbox 334 699 2030 760; baseline -0.001 -19"><span class='ocrx_word' id='word_1_39' title='bbox 334 700 580 753; x_wconf 67' lang='lat' dir='ltr'><strong>nuscum,</strong></span> <span class='ocrx_word' id='word_1_40' title='bbox 612 701 684 754; x_wconf 88' lang='lat' dir='ltr'><strong>qui</strong></span> <span class='ocrx_word' id='word_1_41' title='bbox 717 701 929 744; x_wconf 77' lang='lat' dir='ltr'><strong>coniecit:</strong></span> <span class='ocrx_word' id='word_1_42' title='bbox 979 709 1180 760; x_wconf 78' lang='lat' dir='ltr'><strong>quantas</strong></span> <span class='ocrx_word' id='word_1_43' title='bbox 1213 701 1445 759; x_wconf 78' lang='lat' dir='ltr'><strong>contingat</strong></span> <span class='ocrx_word' id='word_1_44' title='bbox 1485 704 1665 743; x_wconf 78' lang='lat' dir='ltr'><em>Taurus</em></span> <span class='ocrx_word' id='word_1_45' title='bbox 1700 699 1838 742; x_wconf 84' lang='lat' dir='ltr'><strong>alens.</strong></span> <span class='ocrx_word' id='word_1_46' title='bbox 1902 700 2030 745; x_wconf 79' lang='lat' dir='ltr'><strong>Quod</strong></span> 
     </span>
     <span class='ocr_line' id='line_1_6' title="bbox 329 782 2033 843; baseline 0.002 -21"><span class='ocrx_word' id='word_1_47' title='bbox 329 782 413 823; x_wconf 84' lang='lat' dir='ltr'><strong>iam</strong></span> <span class='ocrx_word' id='word_1_48' title='bbox 459 783 568 824; x_wconf 86' lang='lat' dir='ltr'><strong>inest</strong></span> <span class='ocrx_word' id='word_1_49' title='bbox 613 783 656 825; x_wconf 90' lang='lat' dir='ltr'><strong>in</strong></span> <span class='ocrx_word' id='word_1_50' title='bbox 703 785 890 839; x_wconf 86' lang='lat' dir='ltr'><strong>vulgata.</strong></span> <span class='ocrx_word' id='word_1_51' title='bbox 965 785 1075 828; x_wconf 86' lang='lat' dir='ltr'><strong>Illud</strong></span> <span class='ocrx_word' id='word_1_52' title='bbox 1130 799 1233 829; x_wconf 88' lang='lat' dir='ltr'><strong>vero</strong></span> <span class='ocrx_word' id='word_1_53' title='bbox 1276 789 1370 843; x_wconf 85' lang='lat' dir='ltr'><strong>ipse</strong></span> <span class='ocrx_word' id='word_1_54' title='bbox 1415 786 1566 839; x_wconf 87' lang='lat' dir='ltr'><strong>vides,</strong></span> <span class='ocrx_word' id='word_1_55' title='bbox 1620 799 1684 842; x_wconf 78' lang='lat' dir='ltr'><strong>pr.</strong></span> <span class='ocrx_word' id='word_1_56' title='bbox 1735 784 1852 827; x_wconf 91' lang='lat' dir='ltr'><strong>nudo</strong></span> <span class='ocrx_word' id='word_1_57' title='bbox 1901 785 2033 826; x_wconf 80' lang='lat' dir='ltr'><strong>verbo</strong></span> 
     </span>
     <span class='ocr_line' id='line_1_7' title="bbox 331 866 2030 928; baseline 0.002 -23"><span class='ocrx_word' id='word_1_58' title='bbox 331 874 532 921; x_wconf 66' lang='lat' dir='ltr'><strong>quantus</strong></span> <span class='ocrx_word' id='word_1_59' title='bbox 575 867 766 911; x_wconf 79' lang='lat' dir='ltr'><strong>ornatius</strong></span> <span class='ocrx_word' id='word_1_60' title='bbox 806 866 969 912; x_wconf 82' lang='lat' dir='ltr'><strong>dictum</strong></span> <span class='ocrx_word' id='word_1_61' title='bbox 1013 884 1138 914; x_wconf 82' lang='lat' dir='ltr'><strong>esse:</strong></span> <span class='ocrx_word' id='word_1_62' title='bbox 1185 878 1388 928; x_wconf 77' lang='lat' dir='ltr'><strong>quantas</strong></span> <span class='ocrx_word' id='word_1_63' title='bbox 1428 869 1688 928; x_wconf 77' lang='lat' dir='ltr'><strong>contingens</strong></span> <span class='ocrx_word' id='word_1_64' title='bbox 1730 867 1883 911; x_wconf 82' lang='lat' dir='ltr'><strong>nubes.</strong></span> <span class='ocrx_word' id='word_1_65' title='bbox 1943 868 2030 910; x_wconf 80' lang='lat' dir='ltr'><strong>Vc·-</strong></span> 
     </span>
     <span class='ocr_line' id='line_1_8' title="bbox 331 948 2033 1004; baseline 0.001 -16"><span class='ocrx_word' id='word_1_66' title='bbox 331 949 496 990; x_wconf 84' lang='lat' dir='ltr'><strong>niamus</strong></span> <span class='ocrx_word' id='word_1_67' title='bbox 540 948 595 991; x_wconf 90' lang='lat' dir='ltr'><strong>ad</strong></span> <span class='ocrx_word' id='word_1_68' title='bbox 637 954 797 993; x_wconf 89' lang='lat' dir='ltr'><strong>cetera.</strong></span> <span class='ocrx_word' id='word_1_69' title='bbox 881 950 1049 994; x_wconf 84' lang='lat' dir='ltr'><strong>Verba:</strong></span> <span class='ocrx_word' id='word_1_70' title='bbox 1103 950 1372 995; x_wconf 85' lang='lat' dir='ltr'><strong>aetherio</strong></span> <span class='ocrx_word' id='word_1_71' title='bbox 1418 953 1641 994; x_wconf 84' lang='lat' dir='ltr'><strong>vertice</strong></span> <span class='ocrx_word' id='word_1_72' title='bbox 1688 950 2033 1004; x_wconf 86' lang='lat' dir='ltr'><strong>contingens</strong></span> 
     </span>
     <span class='ocr_line' id='line_1_9' title="bbox 328 1029 2033 1086; baseline 0 -15"><span class='ocrx_word' id='word_1_73' title='bbox 328 1029 604 1086; x_wconf 80' lang='lat' dir='ltr'><strong>reprehendit</strong></span> <span class='ocrx_word' id='word_1_74' title='bbox 637 1031 852 1086; x_wconf 83' lang='lat' dir='ltr'><strong>Vossms‚</strong></span> <span class='ocrx_word' id='word_1_75' title='bbox 887 1046 982 1075; x_wconf 87' lang='lat' dir='ltr'><strong>cum</strong></span> <span class='ocrx_word' id='word_1_76' title='bbox 1015 1031 1233 1075; x_wconf 79' lang='lat' dir='ltr'><strong>aetherius</strong></span> <span class='ocrx_word' id='word_1_77' title='bbox 1267 1039 1415 1076; x_wconf 82' lang='lat' dir='ltr'><strong>vertex</strong></span> <span class='ocrx_word' id='word_1_78' title='bbox 1447 1035 1576 1076; x_wconf 86' lang='lat' dir='ltr'><strong>altior</strong></span> <span class='ocrx_word' id='word_1_79' title='bbox 1607 1032 1792 1076; x_wconf 85' lang='lat' dir='ltr'><strong>nubibus</strong></span> <span class='ocrx_word' id='word_1_80' title='bbox 1823 1031 1910 1084; x_wconf 85' lang='lat' dir='ltr'><strong>sit,</strong></span> <span class='ocrx_word' id='word_1_81' title='bbox 1951 1041 2033 1072; x_wconf 86' lang='lat' dir='ltr'><strong>nec</strong></span> 
     </span>
     <span class='ocr_line' id='line_1_10' title="bbox 330 1113 2032 1172; baseline 0 -18"><span class='ocrx_word' id='word_1_82' title='bbox 330 1117 480 1169; x_wconf 83' lang='lat' dir='ltr'><strong>tangat</strong></span> <span class='ocrx_word' id='word_1_83' title='bbox 511 1120 676 1158; x_wconf 85' lang='lat' dir='ltr'><strong>tantum</strong></span> <span class='ocrx_word' id='word_1_84' title='bbox 714 1129 801 1169; x_wconf 89' lang='lat' dir='ltr'><strong>eas,</strong></span> <span class='ocrx_word' id='word_1_85' title='bbox 838 1116 914 1158; x_wconf 87' lang='lat' dir='ltr'><strong>sed</strong></span> <span class='ocrx_word' id='word_1_86' title='bbox 948 1121 1146 1171; x_wconf 83' lang='lat' dir='ltr'><strong>penetret</strong></span> <span class='ocrx_word' id='word_1_87' title='bbox 1179 1130 1257 1172; x_wconf 87' lang='lat' dir='ltr'><strong>per</strong></span> <span class='ocrx_word' id='word_1_88' title='bbox 1289 1131 1375 1159; x_wconf 87' lang='lat' dir='ltr'><strong>eas.</strong></span> <span class='ocrx_word' id='word_1_89' title='bbox 1439 1118 1629 1160; x_wconf 89' lang='lat' dir='ltr'><strong>Coniicit</strong></span> <span class='ocrx_word' id='word_1_90' title='bbox 1665 1117 1798 1172; x_wconf 82' lang='lat' dir='ltr'><strong>igitur</strong></span> <span class='ocrx_word' id='word_1_91' title='bbox 1831 1113 2032 1156; x_wconf 81' lang='lat' dir='ltr'><strong>conscin-</strong></span> 
     </span>
     <span class='ocr_line' id='line_1_11' title="bbox 330 1195 2035 1253; baseline -0.001 -15"><span class='ocrx_word' id='word_1_92' title='bbox 330 1195 464 1244; x_wconf 83' lang='lat' dir='ltr'><strong>dens,</strong></span> <span class='ocrx_word' id='word_1_93' title='bbox 504 1204 553 1241; x_wconf 90' lang='lat' dir='ltr'><strong>ut</strong></span> <span class='ocrx_word' id='word_1_94' title='bbox 595 1198 650 1240; x_wconf 88' lang='lat' dir='ltr'><strong>sit</strong></span> <span class='ocrx_word' id='word_1_95' title='bbox 689 1212 758 1253; x_wconf 86' lang='lat' dir='ltr'><strong>ap.</strong></span> <span class='ocrx_word' id='word_1_96' title='bbox 793 1199 1010 1240; x_wconf 68' lang='lat' dir='ltr'><strong>S&#39;rATmm</strong></span> <span class='ocrx_word' id='word_1_97' title='bbox 1054 1197 1191 1241; x_wconf 78' lang='lat' dir='ltr'><strong>Theb.</strong></span> <span class='ocrx_word' id='word_1_98' title='bbox 1220 1198 1328 1252; x_wconf 87' lang='lat' dir='ltr'><strong>XII,</strong></span> <span class='ocrx_word' id='word_1_99' title='bbox 1359 1201 1476 1241; x_wconf 84' lang='lat'>309:</span> <span class='ocrx_word' id='word_1_100' title='bbox 1532 1198 1619 1240; x_wconf 77' lang='lat' dir='ltr'><strong>Vix</strong></span> <span class='ocrx_word' id='word_1_101' title='bbox 1660 1197 1895 1252; x_wconf 68' lang='lat' dir='ltr'><strong>etz-(luna)</strong></span> <span class='ocrx_word' id='word_1_102' title='bbox 1930 1211 2035 1238; x_wconf 79' lang='lat' dir='ltr'><strong>con—</strong></span> 
     </span>
     <span class='ocr_line' id='line_1_12' title="bbox 327 1280 2031 1340; baseline -0.001 -18"><span class='ocrx_word' id='word_1_103' title='bbox 327 1281 479 1323; x_wconf 75' lang='lat' dir='ltr'><em>scissis</em></span> <span class='ocrx_word' id='word_1_104' title='bbox 512 1297 723 1340; x_wconf 78' lang='lat' dir='ltr'><strong>magnum</strong></span> <span class='ocrx_word' id='word_1_105' title='bbox 753 1282 837 1323; x_wconf 80' lang='lat' dir='ltr'><strong>dea</strong></span> <span class='ocrx_word' id='word_1_106' title='bbox 871 1280 1065 1326; x_wconf 77' lang='lat' dir='ltr'><strong>nubibus</strong></span> <span class='ocrx_word' id='word_1_107' title='bbox 1097 1281 1242 1324; x_wconf 80' lang='lat' dir='ltr'><strong>orbem</strong></span> <span class='ocrx_word' id='word_1_108' title='bbox 1265 1281 1491 1338; x_wconf 80' lang='lat' dir='ltr'><strong>protulit,</strong></span> <span class='ocrx_word' id='word_1_109' title='bbox 1530 1287 1575 1324; x_wconf 87' lang='lat' dir='ltr'><strong>et</strong></span> <span class='ocrx_word' id='word_1_110' title='bbox 1606 1280 1720 1334; x_wconf 85' lang='lat' dir='ltr'><strong>apud</strong></span> <span class='ocrx_word' id='word_1_111' title='bbox 1753 1281 1890 1325; x_wconf 80' lang='lat' dir='ltr'><strong>Ovm.</strong></span> <span class='ocrx_word' id='word_1_112' title='bbox 1925 1280 2031 1324; x_wconf 83' lang='lat' dir='ltr'><strong>Met.</strong></span> 
     </span>
     <span class='ocr_line' id='line_1_13' title="bbox 329 1352 2035 1423; baseline 0 -18"><span class='ocrx_word' id='word_1_113' title='bbox 329 1364 364 1416; x_wconf 85' lang='lat' dir='ltr'><strong>l,</strong></span> <span class='ocrx_word' id='word_1_114' title='bbox 395 1366 498 1407; x_wconf 83' lang='lat'><strong>316.</strong></span> <span class='ocrx_word' id='word_1_115' title='bbox 535 1352 600 1407; x_wconf 29' lang='lat' dir='ltr'><strong>&#39;de</strong></span> <span class='ocrx_word' id='word_1_116' title='bbox 633 1366 876 1408; x_wconf 66' lang='lat' dir='ltr'><strong>Parnasso:</strong></span> <span class='ocrx_word' id='word_1_117' title='bbox 930 1364 1105 1407; x_wconf 79' lang='lat' dir='ltr'><strong>arduus</strong></span> <span class='ocrx_word' id='word_1_118' title='bbox 1153 1371 1284 1407; x_wconf 79' lang='lat' dir='ltr'><strong>astra</strong></span> <span class='ocrx_word' id='word_1_119' title='bbox 1331 1363 1452 1422; x_wconf 72' lang='lat' dir='ltr'><strong>petis</strong></span> <span class='ocrx_word' id='word_1_120' title='bbox 1490 1372 1765 1423; x_wconf 69' lang='lat' dir='ltr'><strong>superatque</strong></span> <span class='ocrx_word' id='word_1_121' title='bbox 1811 1363 2035 1406; x_wconf 83' lang='lat' dir='ltr'><strong>cacumine</strong></span> 
     </span>
     <span class='ocr_line' id='line_1_14' title="bbox 328 1446 2032 1506; baseline 0.001 -18"><span class='ocrx_word' id='word_1_122' title='bbox 328 1446 479 1490; x_wconf 75' lang='lat' dir='ltr'><strong>nubes.</strong></span> <span class='ocrx_word' id='word_1_123' title='bbox 543 1448 812 1492; x_wconf 74' lang='lat' dir='ltr'><strong>Huscnxms</strong></span> <span class='ocrx_word' id='word_1_124' title='bbox 844 1454 990 1493; x_wconf 86' lang='lat' dir='ltr'><strong>autem</strong></span> <span class='ocrx_word' id='word_1_125' title='bbox 1021 1450 1146 1491; x_wconf 65' lang='lat' dir='ltr'><strong>ae&#39;rio</strong></span> <span class='ocrx_word' id='word_1_126' title='bbox 1179 1450 1335 1506; x_wconf 88' lang='lat' dir='ltr'><strong>probat</strong></span> <span class='ocrx_word' id='word_1_127' title='bbox 1366 1462 1390 1491; x_wconf 89' lang='lat' dir='ltr'><strong>e</strong></span> <span class='ocrx_word' id='word_1_128' title='bbox 1422 1448 1519 1493; x_wconf 91' lang='lat' dir='ltr'><strong>cod.</strong></span> <span class='ocrx_word' id='word_1_129' title='bbox 1544 1448 1697 1491; x_wconf 88' lang='lat' dir='ltr'><strong>Dresd.</strong></span> <span class='ocrx_word' id='word_1_130' title='bbox 1730 1452 1775 1491; x_wconf 82' lang='lat' dir='ltr'><strong>et</strong></span> <span class='ocrx_word' id='word_1_131' title='bbox 1803 1461 1892 1490; x_wconf 92' lang='lat' dir='ltr'><strong>uno</strong></span> <span class='ocrx_word' id='word_1_132' title='bbox 1923 1447 2032 1490; x_wconf 80' lang='lat' dir='ltr'><strong>Vos-</strong></span> 
     </span>
     <span class='ocr_line' id='line_1_15' title="bbox 327 1531 2034 1587; baseline 0.002 -16"><span class='ocrx_word' id='word_1_133' title='bbox 327 1531 476 1583; x_wconf 75' lang='lat' dir='ltr'><strong>siano,</strong></span> <span class='ocrx_word' id='word_1_134' title='bbox 520 1543 633 1584; x_wconf 85' lang='lat' dir='ltr'><strong>quae</strong></span> <span class='ocrx_word' id='word_1_135' title='bbox 664 1531 915 1574; x_wconf 90' lang='lat' dir='ltr'><strong>coniectura</strong></span> <span class='ocrx_word' id='word_1_136' title='bbox 949 1537 1016 1574; x_wconf 91' lang='lat' dir='ltr'><strong>est</strong></span> <span class='ocrx_word' id='word_1_137' title='bbox 1045 1532 1302 1587; x_wconf 71' lang='lat' dir='ltr'><strong>antiquioris</strong></span> <span class='ocrx_word' id='word_1_138' title='bbox 1333 1532 1413 1575; x_wconf 78' lang='lat' dir='ltr'><strong>viri</strong></span> <span class='ocrx_word' id='word_1_139' title='bbox 1452 1532 1570 1576; x_wconf 84' lang='lat' dir='ltr'><strong>docti</strong></span> <span class='ocrx_word' id='word_1_140' title='bbox 1601 1538 1678 1576; x_wconf 86' lang='lat' dir='ltr'><strong>aut</strong></span> <span class='ocrx_word' id='word_1_141' title='bbox 1708 1531 1904 1576; x_wconf 80' lang='lat' dir='ltr'><strong>confusio</strong></span> <span class='ocrx_word' id='word_1_142' title='bbox 1936 1544 2034 1575; x_wconf 87' lang='lat' dir='ltr'><strong>ver-</strong></span> 
     </span>
     <span class='ocr_line' id='line_1_16' title="bbox 327 1611 2034 1668; baseline 0.002 -16"><span class='ocrx_word' id='word_1_143' title='bbox 327 1611 479 1654; x_wconf 88' lang='lat' dir='ltr'><strong>borum</strong></span> <span class='ocrx_word' id='word_1_144' title='bbox 532 1613 749 1656; x_wconf 82' lang='lat' dir='ltr'><strong>similium.</strong></span> <span class='ocrx_word' id='word_1_145' title='bbox 820 1613 920 1668; x_wconf 82' lang='lat' dir='ltr'><strong>Ego</strong></span> <span class='ocrx_word' id='word_1_146' title='bbox 968 1627 1073 1659; x_wconf 81' lang='lat' dir='ltr'><strong>vero</strong></span> <span class='ocrx_word' id='word_1_147' title='bbox 1118 1614 1222 1657; x_wconf 80' lang='lat' dir='ltr'><strong>nihil</strong></span> <span class='ocrx_word' id='word_1_148' title='bbox 1267 1613 1336 1657; x_wconf 77' lang='lat' dir='ltr'><strong>liic</strong></span> <span class='ocrx_word' id='word_1_149' title='bbox 1382 1620 1517 1658; x_wconf 87' lang='lat' dir='ltr'><strong>muto.</strong></span> <span class='ocrx_word' id='word_1_150' title='bbox 1597 1613 1712 1657; x_wconf 82' lang='lat' dir='ltr'><strong>Nihil</strong></span> <span class='ocrx_word' id='word_1_151' title='bbox 1755 1613 1920 1658; x_wconf 78' lang='lat' dir='ltr'><strong>efficias</strong></span> <span class='ocrx_word' id='word_1_152' title='bbox 1965 1628 2034 1668; x_wconf 82' lang='lat' dir='ltr'><strong>eo,</strong></span> 
     </span>
     <span class='ocr_line' id='line_1_17' title="bbox 327 1696 2036 1756; baseline 0.003 -18"><span class='ocrx_word' id='word_1_153' title='bbox 327 1696 444 1749; x_wconf 87' lang='lat' dir='ltr'><strong>quod</strong></span> <span class='ocrx_word' id='word_1_154' title='bbox 485 1697 592 1739; x_wconf 83' lang='lat' dir='ltr'><strong>alias</strong></span> <span class='ocrx_word' id='word_1_155' title='bbox 636 1697 727 1740; x_wconf 88' lang='lat' dir='ltr'><strong>fere</strong></span> <span class='ocrx_word' id='word_1_156' title='bbox 770 1699 877 1741; x_wconf 70' lang='lat' dir='ltr'><strong>aerii</strong></span> <span class='ocrx_word' id='word_1_157' title='bbox 921 1699 1123 1741; x_wconf 85' lang='lat' dir='ltr'><strong>dicuntur</strong></span> <span class='ocrx_word' id='word_1_158' title='bbox 1163 1704 1344 1742; x_wconf 89' lang='lat' dir='ltr'><strong>montes.</strong></span> <span class='ocrx_word' id='word_1_159' title='bbox 1425 1702 1481 1743; x_wconf 90' lang='lat' dir='ltr'><strong>At</strong></span> <span class='ocrx_word' id='word_1_160' title='bbox 1522 1699 1722 1742; x_wconf 77' lang='lat' dir='ltr'><strong>aetherio</strong></span> <span class='ocrx_word' id='word_1_161' title='bbox 1752 1700 1892 1756; x_wconf 80' lang='lat' dir='ltr'><strong>magis</strong></span> <span class='ocrx_word' id='word_1_162' title='bbox 1921 1711 2036 1744; x_wconf 88' lang='lat' dir='ltr'><strong>nunc</strong></span> 
     </span>
     <span class='ocr_line' id='line_1_18' title="bbox 324 1780 2034 1848; baseline 0.003 -27"><span class='ocrx_word' id='word_1_163' title='bbox 324 1780 496 1835; x_wconf 83' lang='lat' dir='ltr'><strong>placet,</strong></span> <span class='ocrx_word' id='word_1_164' title='bbox 542 1781 641 1835; x_wconf 85' lang='lat' dir='ltr'><strong>quia</strong></span> <span class='ocrx_word' id='word_1_165' title='bbox 683 1782 891 1848; x_wconf 77' lang='lat' dir='ltr'><strong>maiorem</strong></span> <span class='ocrx_word' id='word_1_166' title='bbox 935 1782 1206 1826; x_wconf 84' lang='lat' dir='ltr'><strong>altitudinem</strong></span> <span class='ocrx_word' id='word_1_167' title='bbox 1240 1783 1430 1837; x_wconf 81' lang='lat' dir='ltr'><strong>indicat,</strong></span> <span class='ocrx_word' id='word_1_168' title='bbox 1472 1787 1516 1826; x_wconf 89' lang='lat' dir='ltr'><strong>et</strong></span> <span class='ocrx_word' id='word_1_169' title='bbox 1558 1785 1623 1827; x_wconf 88' lang='lat' dir='ltr'><strong>sic</strong></span> <span class='ocrx_word' id='word_1_170' title='bbox 1663 1785 1794 1827; x_wconf 85' lang='lat' dir='ltr'><strong>etiam</strong></span> <span class='ocrx_word' id='word_1_171' title='bbox 1835 1783 2034 1839; x_wconf 78' lang='lat' dir='ltr'><strong>sequenti</strong></span> 
     </span>
     <span class='ocr_line' id='line_1_19' title="bbox 326 1861 2034 1922; baseline 0.004 -20"><span class='ocrx_word' id='word_1_172' title='bbox 326 1861 523 1917; x_wconf 81' lang='lat' dir='ltr'><strong>epitheto</strong></span> <span class='ocrx_word' id='word_1_173' title='bbox 558 1862 771 1921; x_wconf 81' lang='lat' dir='ltr'><strong>frigidus</strong></span> <span class='ocrx_word' id='word_1_174' title='bbox 811 1865 1128 1920; x_wconf 83' lang='lat' dir='ltr'><strong>significantius</strong></span> <span class='ocrx_word' id='word_1_175' title='bbox 1171 1864 1422 1922; x_wconf 82' lang='lat' dir='ltr'><strong>respondet.</strong></span> <span class='ocrx_word' id='word_1_176' title='bbox 1487 1866 1646 1909; x_wconf 84' lang='lat' dir='ltr'><strong>Errant</strong></span> <span class='ocrx_word' id='word_1_177' title='bbox 1686 1878 1790 1909; x_wconf 87' lang='lat' dir='ltr'><strong>vero</strong></span> <span class='ocrx_word' id='word_1_178' title='bbox 1832 1866 1906 1922; x_wconf 87' lang='lat' dir='ltr'><strong>qni</strong></span> <span class='ocrx_word' id='word_1_179' title='bbox 1937 1877 2034 1910; x_wconf 84' lang='lat' dir='ltr'><strong>ere-</strong></span> 
     </span>
     <span class='ocr_line' id='line_1_20' title="bbox 325 1945 2032 2004; baseline 0.004 -19"><span class='ocrx_word' id='word_1_180' title='bbox 325 1945 431 1986; x_wconf 84' lang='lat' dir='ltr'><strong>dunt</strong></span> <span class='ocrx_word' id='word_1_181' title='bbox 463 1946 622 2000; x_wconf 89' lang='lat' dir='ltr'><strong>ubique</strong></span> <span class='ocrx_word' id='word_1_182' title='bbox 654 1960 832 1989; x_wconf 78' lang='lat' dir='ltr'><strong>vacuam</strong></span> <span class='ocrx_word' id='word_1_183' title='bbox 877 1947 1064 1990; x_wconf 89' lang='lat' dir='ltr'><strong>nubibus</strong></span> <span class='ocrx_word' id='word_1_184' title='bbox 1109 1949 1333 2003; x_wconf 85' lang='lat' dir='ltr'><strong>regionem</strong></span> <span class='ocrx_word' id='word_1_185' title='bbox 1378 1946 1489 1992; x_wconf 73' lang='lat' dir='ltr'><strong>la.-v.</strong></span> <span class='ocrx_word' id='word_1_186' title='bbox 1532 1949 1780 2004; x_wconf 87' lang='lat' dir='ltr'><strong>designari,</strong></span> <span class='ocrx_word' id='word_1_187' title='bbox 1821 1948 2032 2004; x_wconf 87' lang='lat' dir='ltr'><strong>siqnidem</strong></span> 
     </span>
     <span class='ocr_line' id='line_1_21' title="bbox 324 2028 2030 2084; baseline 0.002 -14"><span class='ocrx_word' id='word_1_188' title='bbox 324 2028 535 2073; x_wconf 68' lang='lat' dir='ltr'><strong>Lucam.</strong></span> <span class='ocrx_word' id='word_1_189' title='bbox 568 2029 644 2082; x_wconf 92' lang='lat' dir='ltr'><strong>IV,</strong></span> <span class='ocrx_word' id='word_1_190' title='bbox 681 2033 788 2071; x_wconf 84' lang='lat'>183:</span> <span class='ocrx_word' id='word_1_191' title='bbox 837 2031 1067 2073; x_wconf 78' lang='lat' dir='ltr'><strong>aetherias</strong></span> <span class='ocrx_word' id='word_1_192' title='bbox 1111 2030 1249 2074; x_wconf 83' lang='lat' dir='ltr'><strong>nubes</strong></span> <span class='ocrx_word' id='word_1_193' title='bbox 1295 2032 1407 2075; x_wconf 78' lang='lat' dir='ltr'><strong>dixit</strong></span> <span class='ocrx_word' id='word_1_194' title='bbox 1450 2037 1494 2076; x_wconf 85' lang='lat' dir='ltr'><strong>et</strong></span> <span class='ocrx_word' id='word_1_195' title='bbox 1527 2033 1665 2075; x_wconf 83' lang='lat' dir='ltr'><strong>Ovm.</strong></span> <span class='ocrx_word' id='word_1_196' title='bbox 1697 2032 1817 2075; x_wconf 72' lang='lat' dir='ltr'><strong>Fast.</strong></span> <span class='ocrx_word' id='word_1_197' title='bbox 1849 2031 1885 2084; x_wconf 84' lang='lat'><strong>1,</strong></span> <span class='ocrx_word' id='word_1_198' title='bbox 1917 2033 2030 2074; x_wconf 75' lang='lat'>682:</span> 
     </span>
     <span class='ocr_line' id='line_1_22' title="bbox 324 2110 2031 2172; baseline 0.003 -21"><span class='ocrx_word' id='word_1_199' title='bbox 324 2110 571 2153; x_wconf 76' lang='lat' dir='ltr'><strong>aetheriam</strong></span> <span class='ocrx_word' id='word_1_200' title='bbox 611 2125 779 2170; x_wconf 83' lang='lat' dir='ltr'><strong>aquam</strong></span> <span class='ocrx_word' id='word_1_201' title='bbox 822 2125 886 2167; x_wconf 90' lang='lat' dir='ltr'><strong>pr.</strong></span> <span class='ocrx_word' id='word_1_202' title='bbox 922 2114 1063 2169; x_wconf 88' lang='lat' dir='ltr'><strong>pluvia</strong></span> <span class='ocrx_word' id='word_1_203' title='bbox 1098 2115 1302 2167; x_wconf 85' lang='lat' dir='ltr'><strong>caelesti,</strong></span> <span class='ocrx_word' id='word_1_204' title='bbox 1353 2128 1404 2156; x_wconf 88' lang='lat' dir='ltr'><strong>ac</strong></span> <span class='ocrx_word' id='word_1_205' title='bbox 1437 2127 1490 2156; x_wconf 92' lang='lat' dir='ltr'><strong>ne</strong></span> <span class='ocrx_word' id='word_1_206' title='bbox 1522 2114 1619 2169; x_wconf 79' lang='lat' dir='ltr'><strong>quis</strong></span> <span class='ocrx_word' id='word_1_207' title='bbox 1649 2113 1806 2156; x_wconf 61' lang='lat' dir='ltr'><strong>aerius</strong></span> <span class='ocrx_word' id='word_1_208' title='bbox 1837 2119 2031 2172; x_wconf 77' lang='lat' dir='ltr'><strong>reponat,</strong></span> 
     </span>
     <span class='ocr_line' id='line_1_23' title="bbox 323 2197 2030 2259; baseline 0.001 -21"><span class='ocrx_word' id='word_1_209' title='bbox 323 2197 533 2239; x_wconf 86' lang='lat' dir='ltr'><strong>ambobus</strong></span> <span class='ocrx_word' id='word_1_210' title='bbox 565 2198 606 2239; x_wconf 88' lang='lat' dir='ltr'><strong>in</strong></span> <span class='ocrx_word' id='word_1_211' title='bbox 640 2198 746 2239; x_wconf 88' lang='lat' dir='ltr'><strong>locis</strong></span> <span class='ocrx_word' id='word_1_212' title='bbox 775 2199 990 2240; x_wconf 88' lang='lat' dir='ltr'><strong>sententia</strong></span> <span class='ocrx_word' id='word_1_213' title='bbox 1021 2198 1252 2259; x_wconf 66' lang='lat' dir='ltr'><strong>aetherius</strong></span> <span class='ocrx_word' id='word_1_214' title='bbox 1282 2204 1444 2242; x_wconf 88' lang='lat' dir='ltr'><strong>tuetur.</strong></span> <span class='ocrx_word' id='word_1_215' title='bbox 1509 2198 1632 2242; x_wconf 87' lang='lat' dir='ltr'><strong>Adde</strong></span> <span class='ocrx_word' id='word_1_216' title='bbox 1662 2197 2030 2242; x_wconf 51' lang='lat' dir='ltr'><strong>etiam&#39;LucRB&#39;r.</strong></span> 
     </span>
     <span class='ocr_line' id='line_1_24' title="bbox 323 2280 2030 2337; baseline 0.001 -14"><span class='ocrx_word' id='word_1_217' title='bbox 323 2282 357 2334; x_wconf 77' lang='grc' dir='ltr'><strong>Ι,</strong></span> <span class='ocrx_word' id='word_1_218' title='bbox 388 2284 493 2323; x_wconf 72' lang='grc'><strong>251.</strong></span> <span class='ocrx_word' id='word_1_219' title='bbox 538 2285 583 2322; x_wconf 89' lang='lat' dir='ltr'><strong>et</strong></span> <span class='ocrx_word' id='word_1_220' title='bbox 623 2281 766 2323; x_wconf 71' lang='lat' dir='ltr'><strong>Vmo.</strong></span> <span class='ocrx_word' id='word_1_221' title='bbox 797 2281 963 2335; x_wconf 86' lang='lat' dir='ltr'><strong>Georg.</strong></span> <span class='ocrx_word' id='word_1_222' title='bbox 995 2281 1051 2334; x_wconf 91' lang='lat' dir='ltr'><strong>ll,</strong></span> <span class='ocrx_word' id='word_1_223' title='bbox 1084 2283 1187 2323; x_wconf 75' lang='lat'><strong>325.</strong></span> <span class='ocrx_word' id='word_1_224' title='bbox 1252 2280 1367 2323; x_wconf 89' lang='lat' dir='ltr'><strong>Nolo</strong></span> <span class='ocrx_word' id='word_1_225' title='bbox 1409 2281 1568 2324; x_wconf 80' lang='lat' dir='ltr'><strong>afferre</strong></span> <span class='ocrx_word' id='word_1_226' title='bbox 1608 2281 1676 2323; x_wconf 91' lang='lat' dir='ltr'><strong>vel</strong></span> <span class='ocrx_word' id='word_1_227' title='bbox 1721 2280 1836 2337; x_wconf 79' lang='lat' dir='ltr'><strong>apud</strong></span> <span class='ocrx_word' id='word_1_228' title='bbox 1867 2280 2030 2324; x_wconf 67' lang='lat' dir='ltr'><strong>Homn-</strong></span> 
     </span>
     <span class='ocr_line' id='line_1_25' title="bbox 322 2362 2027 2418; baseline 0.003 -15"><span class='ocrx_word' id='word_1_229' title='bbox 322 2376 420 2404; x_wconf 75' lang='lat' dir='ltr'><strong>mm</strong></span> <span class='ocrx_word' id='word_1_230' title='bbox 451 2362 664 2405; x_wconf 88' lang='lat' dir='ltr'><strong>interdum</strong></span> <span class='ocrx_word' id='word_1_231' title='bbox 700 2363 837 2406; x_wconf 88' lang='lat' dir='ltr'><strong>nubes</strong></span> <span class='ocrx_word' id='word_1_232' title='bbox 867 2364 909 2406; x_wconf 88' lang='lat' dir='ltr'><strong>in</strong></span> <span class='ocrx_word' id='word_1_233' title='bbox 943 2363 1121 2408; x_wconf 76' lang='lat' dir='ltr'><strong>aethere</strong></span> <span class='ocrx_word' id='word_1_234' title='bbox 1152 2366 1378 2408; x_wconf 88' lang='lat' dir='ltr'><strong>memorari</strong></span> <span class='ocrx_word' id='word_1_235' title='bbox 1397 2397 1408 2418; x_wconf 90' lang='lat'>‚</span> <span class='ocrx_word' id='word_1_236' title='bbox 1440 2370 1488 2407; x_wconf 89' lang='lat' dir='ltr'><strong>ut</strong></span> <span class='ocrx_word' id='word_1_237' title='bbox 1523 2362 1572 2408; x_wconf 93' lang='grc'><strong>11.</strong></span> <span class='ocrx_word' id='word_1_238' title='bbox 1604 2364 1729 2418; x_wconf 86' lang='lat' dir='ltr'>XIII,</span> <span class='ocrx_word' id='word_1_239' title='bbox 1759 2366 1866 2408; x_wconf 78' lang='lat'><strong>523.</strong></span> <span class='ocrx_word' id='word_1_240' title='bbox 1907 2363 2027 2418; x_wconf 87' lang='lat' dir='ltr'>XVI,</span> 
     </span>
     <span class='ocr_line' id='line_1_26' title="bbox 320 2442 2029 2504; baseline 0.003 -19"><span class='ocrx_word' id='word_1_241' title='bbox 320 2446 423 2486; x_wconf 79' lang='lat'><strong>364.</strong></span> <span class='ocrx_word' id='word_1_242' title='bbox 455 2447 558 2487; x_wconf 82' lang='lat'><strong>365.</strong></span> <span class='ocrx_word' id='word_1_243' title='bbox 593 2442 918 2490; x_wconf 70' lang='lat' dir='ltr'><strong>cf.&#39;V61,cKuR.</strong></span> <span class='ocrx_word' id='word_1_244' title='bbox 955 2445 1010 2488; x_wconf 88' lang='lat' dir='ltr'><strong>de</strong></span> <span class='ocrx_word' id='word_1_245' title='bbox 1042 2445 1323 2503; x_wconf 81' lang='lat' dir='ltr'><strong>Geographia</strong></span> <span class='ocrx_word' id='word_1_246' title='bbox 1359 2447 1538 2491; x_wconf 84' lang='lat' dir='ltr'><strong>Homer.</strong></span> <span class='ocrx_word' id='word_1_247' title='bbox 1571 2462 1613 2504; x_wconf 89' lang='lat' dir='ltr'><strong>p.</strong></span> <span class='ocrx_word' id='word_1_248' title='bbox 1642 2451 1715 2495; x_wconf 87' lang='grc'><strong>18.</strong></span> <span class='ocrx_word' id='word_1_249' title='bbox 1773 2448 1903 2494; x_wconf 81' lang='lat' dir='ltr'><strong>Quae</strong></span> <span class='ocrx_word' id='word_1_250' title='bbox 1933 2459 2029 2491; x_wconf 86' lang='lat' dir='ltr'><strong>cnm</strong></span> 
     </span>
     <span class='ocr_line' id='line_1_27' title="bbox 320 2531 2029 2586; baseline 0.002 -15"><span class='ocrx_word' id='word_1_251' title='bbox 320 2531 382 2572; x_wconf 86' lang='lat' dir='ltr'><strong>ita</strong></span> <span class='ocrx_word' id='word_1_252' title='bbox 413 2531 520 2584; x_wconf 83' lang='lat' dir='ltr'><strong>sint,</strong></span> <span class='ocrx_word' id='word_1_253' title='bbox 549 2535 672 2586; x_wconf 88' lang='lat' dir='ltr'><strong>patet</strong></span> <span class='ocrx_word' id='word_1_254' title='bbox 703 2545 854 2574; x_wconf 85' lang='lat' dir='ltr'><strong>sanum</strong></span> <span class='ocrx_word' id='word_1_255' title='bbox 891 2545 987 2575; x_wconf 88' lang='lat' dir='ltr'><strong>esse</strong></span> <span class='ocrx_word' id='word_1_256' title='bbox 1019 2532 1175 2575; x_wconf 88' lang='lat' dir='ltr'><strong>locum.</strong></span> <span class='ocrx_word' id='word_1_257' title='bbox 1209 2554 1268 2562; x_wconf 92' lang='lat'>—</span> <span class='ocrx_word' id='word_1_258' title='bbox 1319 2537 1460 2575; x_wconf 86' lang='lat' dir='ltr'><strong>arat.</strong></span> <span class='ocrx_word' id='word_1_259' title='bbox 1522 2533 1678 2576; x_wconf 85' lang='lat' dir='ltr'><strong>Lectio</strong></span> <span class='ocrx_word' id='word_1_260' title='bbox 1711 2533 1917 2576; x_wconf 88' lang='lat' dir='ltr'><strong>librorum</strong></span> <span class='ocrx_word' id='word_1_261' title='bbox 1950 2532 2029 2575; x_wconf 80' lang='lat' dir='ltr'><strong>sed</strong></span> 
     </span>
     <span class='ocr_line' id='line_1_28' title="bbox 319 2615 2027 2671; baseline 0.002 -16"><span class='ocrx_word' id='word_1_262' title='bbox 319 2615 494 2670; x_wconf 86' lang='lat' dir='ltr'><strong>inepta,</strong></span> <span class='ocrx_word' id='word_1_263' title='bbox 546 2615 642 2658; x_wconf 74' lang='lat' dir='ltr'><strong>vide</strong></span> <span class='ocrx_word' id='word_1_264' title='bbox 689 2616 876 2659; x_wconf 85' lang='lat' dir='ltr'><strong>maxime</strong></span> <span class='ocrx_word' id='word_1_265' title='bbox 925 2617 1243 2660; x_wconf 67' lang='lat' dir='ltr'><strong>Goanrmzimu</strong></span> <span class='ocrx_word' id='word_1_266' title='bbox 1294 2617 1334 2658; x_wconf 91' lang='lat' dir='ltr'><strong>in</strong></span> <span class='ocrx_word' id='word_1_267' title='bbox 1383 2616 1645 2659; x_wconf 85' lang='lat' dir='ltr'><strong>Tentamine</strong></span> <span class='ocrx_word' id='word_1_268' title='bbox 1695 2617 1848 2660; x_wconf 84' lang='lat' dir='ltr'><strong>critico</strong></span> <span class='ocrx_word' id='word_1_269' title='bbox 1899 2631 1940 2671; x_wconf 89' lang='lat' dir='ltr'><strong>p.</strong></span> <span class='ocrx_word' id='word_1_270' title='bbox 1985 2618 2027 2658; x_wconf 82' lang='lat'><strong>9.</strong></span> 
     </span>
     <span class='ocr_line' id='line_1_29' title="bbox 323 2697 2028 2756; baseline 0.003 -19"><span class='ocrx_word' id='word_1_271' title='bbox 323 2697 596 2739; x_wconf 64' lang='lat' dir='ltr'><strong>Crunumus</strong></span> <span class='ocrx_word' id='word_1_272' title='bbox 636 2703 680 2741; x_wconf 92' lang='lat' dir='ltr'><strong>et</strong></span> <span class='ocrx_word' id='word_1_273' title='bbox 714 2700 952 2742; x_wconf 71' lang='lat' dir='ltr'><strong>ScALmuR</strong></span> <span class='ocrx_word' id='word_1_274' title='bbox 987 2700 1243 2756; x_wconf 69' lang='lat' dir='ltr'><strong>hypallagen</strong></span> <span class='ocrx_word' id='word_1_275' title='bbox 1276 2701 1643 2756; x_wconf 80' lang='lat' dir='ltr'><strong>perversissimam</strong></span> <span class='ocrx_word' id='word_1_276' title='bbox 1674 2700 1948 2754; x_wconf 83' lang='lat' dir='ltr'><strong>statuebant,</strong></span> <span class='ocrx_word' id='word_1_277' title='bbox 1980 2706 2028 2742; x_wconf 91' lang='lat' dir='ltr'><strong>ut</strong></span> 
     </span>
     <span class='ocr_line' id='line_1_30' title="bbox 328 2781 2025 2839; baseline 0.003 -20"><span class='ocrx_word' id='word_1_278' title='bbox 328 2781 509 2821; x_wconf 77' lang='lat' dir='ltr'><strong>&#39;I&#39;auras</strong></span> <span class='ocrx_word' id='word_1_279' title='bbox 541 2787 651 2821; x_wconf 81' lang='lat' dir='ltr'><strong>arat</strong></span> <span class='ocrx_word' id='word_1_280' title='bbox 698 2781 865 2824; x_wconf 82' lang='lat' dir='ltr'><strong>Cilicas</strong></span> <span class='ocrx_word' id='word_1_281' title='bbox 908 2783 1072 2826; x_wconf 87' lang='lat' dir='ltr'><strong>dictum</strong></span> <span class='ocrx_word' id='word_1_282' title='bbox 1116 2782 1346 2825; x_wconf 84' lang='lat' dir='ltr'><strong>haberetur</strong></span> <span class='ocrx_word' id='word_1_283' title='bbox 1378 2797 1441 2839; x_wconf 90' lang='lat' dir='ltr'><strong>pr.</strong></span> <span class='ocrx_word' id='word_1_284' title='bbox 1476 2783 1634 2826; x_wconf 85' lang='lat' dir='ltr'><strong>Cilices</strong></span> <span class='ocrx_word' id='word_1_285' title='bbox 1665 2787 1788 2825; x_wconf 80' lang='lat' dir='ltr'><strong>arant</strong></span> <span class='ocrx_word' id='word_1_286' title='bbox 1819 2781 2025 2825; x_wconf 85' lang='lat' dir='ltr'><strong>Taurum.</strong></span> 
     </span>
     <span class='ocr_line' id='line_1_31' title="bbox 322 2855 2025 2923; baseline 0.002 -16"><span class='ocrx_word' id='word_1_287' title='bbox 322 2864 679 2908; x_wconf 74' lang='lat' dir='ltr'><strong>Buoumfflusms</strong></span> <span class='ocrx_word' id='word_1_288' title='bbox 717 2855 931 2923; x_wconf 78' lang='lat' dir='ltr'><strong>explicat:</strong></span> <span class='ocrx_word' id='word_1_289' title='bbox 979 2867 1166 2919; x_wconf 87' lang='lat' dir='ltr'><strong>dirimit,</strong></span> <span class='ocrx_word' id='word_1_290' title='bbox 1214 2872 1335 2910; x_wconf 89' lang='lat' dir='ltr'><strong>secat</strong></span> <span class='ocrx_word' id='word_1_291' title='bbox 1366 2868 1552 2921; x_wconf 86' lang='lat' dir='ltr'><strong>Cilicas,</strong></span> <span class='ocrx_word' id='word_1_292' title='bbox 1599 2867 1796 2917; x_wconf 81' lang='lat' dir='ltr'><strong>Ciliciam</strong></span> <span class='ocrx_word' id='word_1_293' title='bbox 1835 2879 1862 2910; x_wconf 83' lang='lat' dir='ltr'><strong>a</strong></span> <span class='ocrx_word' id='word_1_294' title='bbox 1892 2868 2025 2911; x_wconf 80' lang='lat' dir='ltr'><strong>Pam-</strong></span> 
     </span>
     <span class='ocr_line' id='line_1_32' title="bbox 321 2946 2024 3004; baseline 0.002 -14"><span class='ocrx_word' id='word_1_295' title='bbox 321 2946 465 3003; x_wconf 82' lang='lat' dir='ltr'><strong>phylia</strong></span> <span class='ocrx_word' id='word_1_296' title='bbox 507 2954 553 2991; x_wconf 94' lang='lat' dir='ltr'><strong>et</strong></span> <span class='ocrx_word' id='word_1_297' title='bbox 590 2949 781 3001; x_wconf 86' lang='lat' dir='ltr'><strong>Isauria,</strong></span> <span class='ocrx_word' id='word_1_298' title='bbox 823 2948 939 3003; x_wconf 88' lang='lat' dir='ltr'><strong>quod</strong></span> <span class='ocrx_word' id='word_1_299' title='bbox 979 2949 1176 2992; x_wconf 84' lang='lat' dir='ltr'><strong>similiter</strong></span> <span class='ocrx_word' id='word_1_300' title='bbox 1210 2962 1293 2992; x_wconf 88' lang='lat' dir='ltr'><strong>uon</strong></span> <span class='ocrx_word' id='word_1_301' title='bbox 1331 2956 1433 3004; x_wconf 84' lang='lat' dir='ltr'><strong>eget</strong></span> <span class='ocrx_word' id='word_1_302' title='bbox 1465 2950 1740 2993; x_wconf 84' lang='lat' dir='ltr'><strong>refutatione.</strong></span> <span class='ocrx_word' id='word_1_303' title='bbox 1804 2949 2024 2994; x_wconf 66' lang='lat' dir='ltr'><strong>Hermus</strong></span> 
     </span>
     <span class='ocr_line' id='line_1_33' title="bbox 319 3032 2025 3088; baseline 0.001 -14"><span class='ocrx_word' id='word_1_304' title='bbox 319 3032 456 3075; x_wconf 85' lang='lat' dir='ltr'><strong>credit</strong></span> <span class='ocrx_word' id='word_1_305' title='bbox 494 3034 630 3088; x_wconf 87' lang='lat' dir='ltr'><strong>ipsam</strong></span> <span class='ocrx_word' id='word_1_306' title='bbox 663 3033 858 3076; x_wconf 86' lang='lat' dir='ltr'><strong>Ciliciam</strong></span> <span class='ocrx_word' id='word_1_307' title='bbox 899 3033 1012 3088; x_wconf 86' lang='lat' dir='ltr'><strong>iugis</strong></span> <span class='ocrx_word' id='word_1_308' title='bbox 1051 3035 1209 3077; x_wconf 87' lang='lat' dir='ltr'><strong>montis</strong></span> <span class='ocrx_word' id='word_1_309' title='bbox 1244 3034 1408 3088; x_wconf 85' lang='lat' dir='ltr'><strong>dirimi,</strong></span> <span class='ocrx_word' id='word_1_310' title='bbox 1462 3034 1593 3077; x_wconf 79' lang='lat' dir='ltr'><strong>dividi</strong></span> <span class='ocrx_word' id='word_1_311' title='bbox 1637 3035 1796 3078; x_wconf 85' lang='lat' dir='ltr'><strong>dictam</strong></span> <span class='ocrx_word' id='word_1_312' title='bbox 1830 3033 2025 3087; x_wconf 86' lang='lat' dir='ltr'><strong>Tibullo,</strong></span> 
     </span>
     <span class='ocr_line' id='line_1_34' title="bbox 318 3098 2023 3172; baseline 0.002 -16"><span class='ocrx_word' id='word_1_313' title='bbox 318 3127 573 3170; x_wconf 89' lang='lat' dir='ltr'><strong>quamquam</strong></span> <span class='ocrx_word' id='word_1_314' title='bbox 606 3098 755 3158; x_wconf 81' lang='lat' dir='ltr'><strong>revera</strong></span> <span class='ocrx_word' id='word_1_315' title='bbox 785 3129 869 3158; x_wconf 89' lang='lat' dir='ltr'><strong>non</strong></span> <span class='ocrx_word' id='word_1_316' title='bbox 902 3115 1053 3159; x_wconf 88' lang='lat' dir='ltr'><strong>dividit</strong></span> <span class='ocrx_word' id='word_1_317' title='bbox 1085 3116 1279 3159; x_wconf 87' lang='lat' dir='ltr'><strong>Ciliciam</strong></span> <span class='ocrx_word' id='word_1_318' title='bbox 1311 3117 1512 3170; x_wconf 78' lang='lat' dir='ltr'><strong>Taurus,</strong></span> <span class='ocrx_word' id='word_1_319' title='bbox 1558 3122 1604 3160; x_wconf 88' lang='lat' dir='ltr'><strong>et</strong></span> <span class='ocrx_word' id='word_1_320' title='bbox 1635 3116 1751 3172; x_wconf 88' lang='lat' dir='ltr'><strong>quod</strong></span> <span class='ocrx_word' id='word_1_321' title='bbox 1782 3116 1896 3159; x_wconf 89' lang='lat' dir='ltr'><strong>idem</strong></span> <span class='ocrx_word' id='word_1_322' title='bbox 1929 3117 2023 3159; x_wconf 85' lang='lat' dir='ltr'><strong>for·</strong></span> 
     </span>
     <span class='ocr_line' id='line_1_35' title="bbox 320 3175 2023 3254; baseline 0.001 -15"><span class='ocrx_word' id='word_1_323' title='bbox 320 3210 430 3239; x_wconf 87' lang='lat' dir='ltr'><strong>mam</strong></span> <span class='ocrx_word' id='word_1_324' title='bbox 463 3198 599 3240; x_wconf 89' lang='lat' dir='ltr'><strong>Tauri</strong></span> <span class='ocrx_word' id='word_1_325' title='bbox 625 3203 872 3254; x_wconf 85' lang='lat' dir='ltr'><strong>comparat,</strong></span> <span class='ocrx_word' id='word_1_326' title='bbox 905 3213 1030 3253; x_wconf 86' lang='lat' dir='ltr'><strong>quam</strong></span> <span class='ocrx_word' id='word_1_327' title='bbox 1063 3201 1196 3242; x_wconf 88' lang='lat' dir='ltr'><strong>monti</strong></span> <span class='ocrx_word' id='word_1_328' title='bbox 1231 3175 1329 3241; x_wconf 84' lang='lat' dir='ltr'><strong>huic</strong></span> <span class='ocrx_word' id='word_1_329' title='bbox 1362 3198 1605 3242; x_wconf 76' lang='lat' dir='ltr'><strong>tribuerunt</strong></span> <span class='ocrx_word' id='word_1_330' title='bbox 1638 3204 1830 3251; x_wconf 84' lang='lat' dir='ltr'><strong>veteres,</strong></span> <span class='ocrx_word' id='word_1_331' title='bbox 1865 3198 2023 3241; x_wconf 83' lang='lat' dir='ltr'><strong>fatetur</strong></span> 
     </span>
     <span class='ocr_line' id='line_1_36' title="bbox 318 3280 2023 3337; baseline 0.001 -14"><span class='ocrx_word' id='word_1_332' title='bbox 318 3283 409 3336; x_wconf 90' lang='lat' dir='ltr'><strong>ipse</strong></span> <span class='ocrx_word' id='word_1_333' title='bbox 439 3283 643 3337; x_wconf 82' lang='lat' dir='ltr'><strong>puerilem</strong></span> <span class='ocrx_word' id='word_1_334' title='bbox 677 3283 806 3324; x_wconf 85' lang='lat' dir='ltr'><strong>talem</strong></span> <span class='ocrx_word' id='word_1_335' title='bbox 840 3283 1091 3325; x_wconf 87' lang='lat' dir='ltr'><strong>allusionem</strong></span> <span class='ocrx_word' id='word_1_336' title='bbox 1128 3295 1224 3325; x_wconf 82' lang='lat' dir='ltr'><strong>esse</strong></span> <span class='ocrx_word' id='word_1_337' title='bbox 1250 3287 1292 3324; x_wconf 90' lang='lat' dir='ltr'><strong>et</strong></span> <span class='ocrx_word' id='word_1_338' title='bbox 1319 3287 1445 3337; x_wconf 81' lang='lat' dir='ltr'><strong>poeta</strong></span> <span class='ocrx_word' id='word_1_339' title='bbox 1474 3281 1702 3335; x_wconf 78' lang='lat' dir='ltr'><strong>indignam.</strong></span> <span class='ocrx_word' id='word_1_340' title='bbox 1767 3280 1835 3324; x_wconf 87' lang='lat' dir='ltr'><strong>Ne</strong></span> <span class='ocrx_word' id='word_1_341' title='bbox 1865 3283 2023 3334; x_wconf 78' lang='lat' dir='ltr'><strong>multa;</strong></span> 
     </span>
     <span class='ocr_line' id='line_1_37' title="bbox 322 3367 2020 3423; baseline 0 -13"><span class='ocrx_word' id='word_1_342' title='bbox 322 3369 480 3423; x_wconf 82' lang='lat' dir='ltr'><strong>optIma</strong></span> <span class='ocrx_word' id='word_1_343' title='bbox 524 3368 770 3410; x_wconf 85' lang='lat' dir='ltr'><strong>coniectura</strong></span> <span class='ocrx_word' id='word_1_344' title='bbox 816 3373 881 3409; x_wconf 83' lang='lat' dir='ltr'><strong>est</strong></span> <span class='ocrx_word' id='word_1_345' title='bbox 927 3369 1071 3420; x_wconf 81' lang='lat' dir='ltr'><strong>alat,</strong></span> <span class='ocrx_word' id='word_1_346' title='bbox 1123 3367 1314 3422; x_wconf 82' lang='lat' dir='ltr'><strong>prosecta</strong></span> <span class='ocrx_word' id='word_1_347' title='bbox 1347 3367 1400 3408; x_wconf 87' lang='lat' dir='ltr'><strong>ab</strong></span> <span class='ocrx_word' id='word_1_348' title='bbox 1435 3367 1578 3418; x_wconf 77' lang='lat' dir='ltr'><strong>Italis,</strong></span> <span class='ocrx_word' id='word_1_349' title='bbox 1628 3379 1754 3420; x_wconf 85' lang='lat' dir='ltr'><strong>quam</strong></span> <span class='ocrx_word' id='word_1_350' title='bbox 1788 3381 1884 3410; x_wconf 88' lang='lat' dir='ltr'><strong>cum</strong></span> <span class='ocrx_word' id='word_1_351' title='bbox 1918 3367 2020 3410; x_wconf 75' lang='lat' dir='ltr'><strong>Mu-</strong></span> 
     </span>
     <span class='ocr_line' id='line_1_38' title="bbox 322 3450 2018 3508; baseline -0.002 -14"><span class='ocrx_word' id='word_1_352' title='bbox 322 3465 441 3494; x_wconf 73' lang='lat' dir='ltr'><strong>nu&#39;ro</strong></span> <span class='ocrx_word' id='word_1_353' title='bbox 493 3458 535 3494; x_wconf 87' lang='lat' dir='ltr'><strong>et</strong></span> <span class='ocrx_word' id='word_1_354' title='bbox 584 3451 812 3495; x_wconf 63' lang='lat' dir='ltr'><strong>Tum-uno</strong></span> <span class='ocrx_word' id='word_1_355' title='bbox 861 3453 1178 3508; x_wconf 78' lang='lat' dir='ltr'><strong>amplectuntur</strong></span> <span class='ocrx_word' id='word_1_356' title='bbox 1221 3452 1551 3502; x_wconf 58' lang='lat' dir='ltr'><strong>Gonnuwzws,</strong></span> <span class='ocrx_word' id='word_1_357' title='bbox 1601 3450 2018 3503; x_wconf 68' lang='lat' dir='ltr'><strong>Wuunssnmcums,</strong></span> 
     </span>
    </p>
   </div>
   <div class='ocr_carea' id='block_1_3' title="bbox 2141 2818 2158 3129">
    <p class='ocr_par' dir='ltr' id='par_1_3' title="bbox 2141 2818 2158 3129">
     <span class='ocr_line' id='line_1_39' title="bbox 2141 2818 2158 3129; textangle 90"><span class='ocrx_word' id='word_1_358' title='bbox 2155 3125 2158 3129; x_wconf 68' lang='grc'><strong>,</strong></span> <span class='ocrx_word' id='word_1_359' title='bbox 2155 3096 2158 3107; x_wconf 70' lang='grc'><strong>.,</strong></span> <span class='ocrx_word' id='word_1_360' title='bbox 2141 2888 2158 3066; x_wconf 50' lang='lat' dir='ltr'><strong>unssfm</strong></span> <span class='ocrx_word' id='word_1_361' title='bbox 2142 2818 2143 2822; x_wconf 29' lang='grc' dir='ltr'><em>Α</em></span> 
     </span>
    </p>
   </div>
  </div>
 </body>
</html>
