2158 3750
290 208 391 257 24⁸
678 204 1152 257 COMMENTAR.
1192 206 1267 254 IN
1306 206 1596 257 TIBULLI

296 350 514 405 permisit,
549 349 673 391 aliam
709 349 849 402 legem
882 349 944 389 rei
978 347 1095 390 Nero
1127 351 1175 388 ut
1207 346 1375 389 videtur
1411 347 1606 403 scripsit,
1646 354 1737 393 tum
1766 351 1991 404 Traianus,

292 433 459 474 nonnisi
501 431 634 487 pedes
673 434 732 473 60
776 429 1045 482 concedens,
1088 429 1143 471 cf.
1176 429 1302 471 LIPS.
1345 427 1403 470 ad
1433 428 1574 473 Tacit.
1608 430 1760 478 Annal.
1785 431 1886 486 XV,
1915 437 1992 477 43.

293 514 352 556 Et
381 513 628 568 superiores
657 512 831 567 quidem
874 516 1020 567 partes
1051 509 1142 557 fere
1175 510 1347 563 ligneae
1378 515 1516 554 erant.
1579 510 1747 555 Quodsi
1775 511 1990 558 addideris

293 596 383 637 vias
413 601 616 650 angustas
646 596 804 649 fuisse,
842 597 969 651 plane
1010 594 1171 636 senties
1202 607 1330 648 quam
1374 607 1476 636 vere
1507 594 1707 636 Tibullus
1738 594 1867 638 dicat.
1926 597 1991 642 M.

293 680 480 721 Samot
514 679 719 722 Controv.
754 683 806 722 9:
860 681 1014 720 Tanta
1055 677 1255 719 altitudo
1295 677 1599 733 aedificiorum
1640 685 1710 719 est
1749 684 1996 736 tantaeque

291 761 468 803 viarum
495 762 759 821 angustiae,
791 770 845 804 ut
876 776 1016 821 neque
1047 760 1266 804 adversus
1295 761 1441 819 ignem
1466 759 1740 817 praesidium
1771 774 1910 817 neque
1939 774 1996 800 ex

290 842 434 884 ruinis
465 844 608 886 ullam
639 845 780 887 ullam
808 846 855 887 in
877 853 1055 903 partem
1087 845 1310 903 effugiam
1341 844 1416 888 sit.
1437 867 1495 875 -
1533 846 1586 888 V.
1619 847 1694 886 45.
1725 846 1799 888 46.
1832 843 1999 886 Clau-

292 923 373 966 dit
416 928 591 969 moles
632 942 795 971 mare.
855 929 1071 983 Loquitur
1114 928 1170 971 de
1215 928 1390 984 piscinis
1422 927 1625 981 marinis,
1669 939 1781 981 quae
1812 925 1998 968 molibus

294 1007 339 1048 in
381 1009 514 1050 altum
560 1011 684 1052 iactis
716 1011 1034 1063 condebantur,
1079 1016 1126 1052 ut
1165 1010 1477 1064 exquisitorum
1520 1010 1699 1065 piscium
1739 1010 1999 1051 marinorum

295 1090 446 1142 quovis
487 1097 684 1147 tempore
714 1098 969 1148 suppeteret
999 1093 1126 1148 copia
1157 1106 1237 1135 nec
1279 1098 1586 1148 tempestatum
1629 1093 1820 1148 pericula
1861 1093 2002 1138 adiret

295 1174 410 1225 gula.
483 1174 631 1217 Locus
676 1175 883 1218 classicus
929 1180 996 1217 est
1039 1188 1110 1230 ap.
1154 1175 1366 1217 VAnnoN.
1414 1174 1469 1216 de
1513 1174 1583 1216 Re
1629 1173 1759 1217 Rust.
1802 1175 1881 1228 111,
1927 1180 1999 1220 17.

294 1257 528 1299 Praeterea
560 1258 658 1301 vide
691 1259 872 1302 HoRA'r.
906 1258 986 1312 111,
1022 1261 1063 1312 l,
1095 1262 1167 1301 33.
1203 1263 1248 1300 et
1279 1259 1337 1312 ΙΙ,
1371 1261 1442 1311 15,
1471 1261 1514 1299 3.
1556 1270 1753 1313 quaeque
1790 1259 1849 1301 ibi
1880 1260 2003 1304 Mn*-

297 1351 627 1383 scnnnmcmus
661 1341 832 1394 laudat,
863 1346 909 1384 et
939 1341 1306 1383 Bnoucxumsmm
1341 1340 1644 1394 Vunmmnque
1676 1341 1730 1384 ad
1763 1341 2001 1397 Tibullum,

296 1421 412 1463 illum
445 1422 616 1476 quidem
659 1423 713 1466 ad
745 1423 802 1476 Π,
833 1427 875 1476 6,
905 1425 978 1465 27.
1042 1422 1163 1464 Dixit
1193 1421 1248 1463 de
1279 1420 1359 1464 hoc
1392 1422 1490 1464 loco
1523 1424 1654 1465 etiam
1685 1425 1997 1468 Gnmunnus.

298 1503 504 1548 Ceterum
546 1519 603 1548 ex
645 1505 726 1549 hoc
765 1518 930 1560 genere
969 1504 1099 1546 etiam
1138 1503 1352 1546 Lucrinus
1383 1510 1502 1558 erat,
1554 1505 1608 1547 de
1639 1506 1799 1560 quoin
1831 1513 2004 1563 portum

298 1587 456 1633 lulium
495 1603 706 1633 converso
750 1590 850 1633 vide
894 1589 1127 1632 HEYNIUM
1170 1593 1214 1630 et
1256 1589 1459 1631 Vossmm
1502 1587 1556 1629 ad
1599 1589 1721 1644 Virg.
1753 1590 1916 1644 Georg.
1948 1590 2005 1644 11,

304 1674 383 1713 161
407 1684 502 1728 sqq.
561 1673 820 1716 Abundabat
851 1674 1038 1716 maxime
1069 1673 1241 1725 ostreis,
1273 1673 1447 1716 STRAB.
1470 1673 1522 1715 V.
1552 1687 1596 1728 p.
1618 1675 1721 1716 374.
1753 1678 1796 1716 et
1824 1674 2006 1720 HonA'r.

298 1754 442 1811 Epod.
473 1754 531 1812 11,
557 1760 630 1800 49.
671 1757 777 1813 ibiq.
819 1757 1141 1810 Masona„
1188 1769 1315 1813 quem
1359 1757 1488 1799 etiam
1531 1755 1586 1798 ad
1617 1756 1676 1810 II,
1711 1759 1782 1811 15,
1813 1759 1855 1800 3.
1901 1770 2007 1800 con-

299 1839 379 1881 fer.
410 1863 470 1872 -
501 1841 723 1895 lentus,
752 1843 895 1886 animo
924 1843 983 1885 nil
1016 1847 1260 1894 commoto,
1290 1853 1484 1883 securus.
1516 1862 1572 1892 ?-
1605 1839 1885 1895 Negligat
1915 1839 2010 1883 ad-

301 1935 454 1976 esse,
498 1924 691 1978 pleniore
722 1927 917 1968 oratione
947 1939 1014 1982 pr.
1041 1926 1224 1982 simplici
1261 1926 1468 1980 negligat.
1501 1947 1562 1955 —
1602 1922 1880 1967 hibernas
1911 1924 2008 1966 mi-

302 2016 420 2057 nas,
452 2005 507 2049 cf.
540 2007 721 2050 HoRA'r.
749 2008 786 2061 Ι,
822 2012 893 2062 12,
924 2012 1010 2050 312
1041 2007 1192 2049 minax
1225 2007 1363 2050 unda.
1397 2009 1532 2051 Vme.
1559 2008 1665 2050 Aen.
1688 2007 1764 2060 VI,
1790 2009 1902 2052 113:
1928 2022 2010 2064 pe-

302 2085 484 2145 lagique
510 2089 653 2131 minae
678 2090 891 2149 caelique.
914 2115 967 2124 —
1000 2091 1123 2134 Haec
1146 2089 1365 2133 hactenus.
1427 2090 1586 2132 Forma
1611 2089 1695 2132 loci
1717 2090 2012 2134 antecedentis

303 2171 446 2212 suavis
478 2176 571 2223 est;
613 2172 764 2214 nititur
793 2178 886 2216 tota
918 2173 1290 2230 oppositionibus,
1323 2177 1370 2214 ut
1399 2172 1570 2227 saepius
1599 2173 1648 2215 fit
1677 2173 1720 2214 in
1751 2172 2010 2229 descriptio-

305 2253 443 2295 nibus.
506 2255 700 2311 Opponit
731 2257 842 2298 enim
876 2257 1060 2312 primum
1093 2257 1175 2298 sibi
1205 2257 1428 2298 terrestria
1460 2261 1505 2299 et
1535 2258 1703 2300 navalia
1731 2257 1858 2301 bella.
1921 2259 2012 2302 Ad-

306 2336 368 2378 dit
398 2336 555 2380 deinde
597 2343 645 2380 ut
675 2339 908 2395 praedator
950 2351 1126 2395 campos
1173 2339 1404 2382 immensos
1449 2344 1618 2382 coemat
1649 2344 1694 2383 et
1722 2340 1765 2383 in
1795 2341 1902 2384 urbe
1933 2341 2013 2384 do-

306 2433 398 2463 mos
428 2422 676 2476 magnificas
702 2429 920 2477 exstruat,
952 2424 1106 2478 quibus
1138 2424 1417 2467 terrestribus
1447 2424 1578 2466 rebus
1609 2423 1796 2478 denique
1826 2425 2014 2480 piscinas

305 2506 348 2547 in
392 2506 500 2548 mari
541 2507 735 2550 conditas
773 2508 966 2564 opponit.
1040 2510 1153 2550 Sunt
1195 2508 1331 2562 igitur
1377 2509 1560 2562 primum
1605 2507 1691 2549 duo
1722 2506 1903 2550 disticha
1933 2508 2016 2552 sibi

307 2592 533 2646 opposita,
583 2592 778 2635 ultimum
811 2606 915 2636 vero
948 2591 1161 2635 distichon
1191 2597 1260 2635 est
1290 2592 1458 2634 duobus
1488 2591 1844 2634 antecedentibus
1874 2605 2015 2648 oppo-

305 2674 449 2718 situm.
512 2677 656 2730 Atque
696 2677 756 2718 ita
799 2675 906 2718 haec
942 2676 1176 2730 descriptio
1219 2675 1329 2717 bene
1362 2673 1614 2716 absolvitur.
1640 2696 1700 2704 —
1744 2673 1798 2718 V.
1830 2676 1887 2716 47
1919 2687 2016 2729 sqq.

308 2758 455 2800 Minus
494 2757 678 2801 fortasse
719 2760 833 2801 clara
865 2760 1004 2815 primo
1037 2759 1246 2814 adspectu
1277 2758 1495 2812 sequentis
1528 2756 1613 2799 loci
1646 2761 1714 2798 est
1745 2757 2016 2812 compositio,

307 2840 361 2883 de
393 2853 478 2895 qua
509 2842 654 2884 statim
686 2839 755 2884 hic
787 2841 1152 2897 praemonendum
1185 2839 1341 2892 video,
1390 2844 1619 2893 antequam
1651 2837 1706 2880 ad
1737 2837 1908 2892 singula
1937 2837 2020 2881 de-

307 2926 574 2970 scendamus.
651 2926 828 2969 Dixerat
877 2925 931 2967 de
981 2925 1083 2967 viris
1132 2922 1258 2966 huius
1307 2924 1468 2966 saeculi
1519 2923 1659 2977 magis
1706 2921 1761 2964 ad
1812 2921 2017 2978 praedam

309 3021 437 3062 quam
471 3009 525 3051 ad
557 3022 748 3052 amorem
778 3009 1029 3064 propensis3
1062 3021 1174 3051 nunc
1206 3007 1471 3064 procedente
1504 3007 1699 3049 oratione
1730 3006 1859 3049 etiam
1891 3006 2021 3061 puel-

308 3089 370 3130 las
414 3090 611 3144 queritur
656 3103 786 3146 opum
830 3095 874 3132 et
924 3089 1120 3132 luxuriae
1169 3102 1268 3132 esse
1312 3089 1543 3133 studiosas.
1631 3089 1774 3134 Quam
1821 3101 1909 3130 rem
1956 3088 2019 3130 ita

309 3169 535 3213 adornavit
564 3177 639 3226 ut,
671 3185 757 3227 quo
789 3173 994 3215 maiorem
1027 3173 1112 3216 vim
1143 3174 1241 3216 loco
1274 3173 1479 3226 inferret,
1511 3172 1749 3215 mutatione
1778 3172 2020 3214 sententiae

308 3255 516 3294 uteretur.
591 3254 776 3295 Simulat
822 3255 955 3308 igitur
1000 3255 1182 3309 primum
1233 3255 1495 3297 contrarium
1544 3267 1591 3296 se
1639 3253 1848 3306 credere,
1897 3253 2019 3308 quasi

315 3334 484 3387 puellae
527 3339 646 3378 certe
691 3337 841 3379 melius
884 3336 1023 3380 adhuc
1068 3339 1267 3382 sentiant.
1332 3340 1564 3392 Alloquens
1598 3337 1842 3391 Nemesim,
1884 3343 1929 3380 at
1960 3344 2020 3391 tu,
