2158 3750
656 251 840 303 ΗΕΒ.
874 251 939 302 11.
1013 249 1216 302 ELEG.
1250 251 1318 302 v.
1397 230 1402 234 ’
1734 256 1836 302 281

138 394 212 449 qni
243 394 369 438 etiam
402 383 538 452 εὖχος,
555 396 724 441 confert
755 398 799 440 in
838 398 1092 455 epigramm.
1136 397 1346 441 Pas-ron.
1391 393 1625 452 quAnal.
1657 392 1692 447 Ι,
1726 396 1839 437 17οε

133 477 284 532 χαλκῷ
311 474 543 536 μορφώσας
570 493 640 527 τις
669 474 897 536 {danaique
930 468 1055 532 εὖχος
1083 479 1254 535 ἔθηκεν.
1313 479 1454 521 Porro
1476 476 1601 532 quod
1632 475 1843 519 fistula

138 559 279 602 dicata
311 574 443 617 saepe
482 566 551 604 est
590 561 647 604 ab
678 561 758 614 iis,
803 561 880 615 qni
910 565 1054 603 artem
1086 560 1268 603 canendi
1298 559 1577 613 abiurabant,
1619 557 1841 602 uthe.

138 641 294 698 Eclog.
327 645 553 699 V11,-21.,
582 645 782 688 alienum
821 648 891 687 est
929 643 985 686 ab
1026 642 1107 686 hoc
1151 645 1264 688 loco.
1327 643 1413 686 Hic
1444 642 1500 686 de
1529 642 1653 684 donis
1681 641 1841 695 agitur,

139 739 252 780 quae
282 732 478 784 pastores
508 740 587 784 pro
618 720 919 771 incolumitate
949 732 1026 770 aut
1056 728 1165 777 flore
1197 721 1347 782 gregis
1385 727 1612 770 vovebant.
1641 749 1702 756 —
1744 725 1841 767 sil-

139 811 323 853 vestri
365 812 498 865 deo,
536 812 739 865 Silvano,
780 815 829 853 ut
869 810 1070 854 viderunt
1096 787 1331 853 *Hermus
1363 814 1408 852 et
1442 809 1660 862 Vossms3
1710 819 1842 861 aegre

140 895 252 937 enim
293 894 337 937 in
379 895 453 955 tali
493 895 766 949 antiquorum
804 899 1050 950 temporum
1093 893 1385 949 descriptione
1423 892 1586 935 Silvani
1628 892 1844 934 mentione

152 979 368 1022 caruerint
409 983 595 1023 veteres.
654 978 854 1022 Vidimus
898 978 953 1021 de
993 991 1048 1022 eo
1085 977 1148 1021 ad·
1170 978 1208 1031 Ι,
1241 981 1282 1031 1,
1317 979 1387 1019 14.
1445 977 1596 1019 Ieiune
1635 976 1707 1019 alii
1750 977 1846 1018 col·-

145 1062 302 1104 lective
331 1059 495 1104 Tibulli
526 1046 658 1104 verba
691 1061 917 1117 explicant
942 1060 998 1104 de
1029 1060 1112 1103 diis
1142 1060 1388 1115 agrestibus
1419 1059 1684 1114 generatim3
1734 1070 1844 1114 poe-

145 1148 216 1186 tae
244 1149 385 1187 certas
420 1156 629 1200 personas
663 1144 926 1200 praeferunt.
987 1144 1166 1189 Sciebat
1196 1157 1298 1187 vero
1331 1143 1444 1186 haud
1475 1143 1605 1186 dubie
1636 1143 1840 1186 Silvanus

139 1228 285 1271 fistula
326 1239 484 1271 canere
514 1228 768 1295 pastoritia,
795 1233 859 1272 *ut
900 1228 1190 1272 delectaretur
1219 1227 1300 1271 hoc
1338 1227 1453 1270 dono
1496 1227 1578 1270 sibi
1617 1238 1842 1282 suspenso.

141 1313 210 1355 Cf.
243 1313 376 1356 Voss.
405 1311 461 1355 ad
495 1313 616 1367 Virg.
644 1311 742 1356 Ecl.
762 1311 822 1366 X,
851 1315 926 1366 24,
953 1328 995 1370 p.
1020 1316 1120 1357 191.
1181 1314 1410 1357 Postremo
1441 1312 1686 1355 memineris
1716 1312 1846 1355 silvas

138 1398 347 1451 lucosque
389 1397 491 1438 olim
534 1395 695 1451 ubique
735 1395 870 1438 fuisse
909 1396 955 1438 in
995 1396 1214 1438 montibus
1242 1395 1467 1437 Romanis.
1527 1395 1604 1436 Sic
1634 1394 1677 1436 in
1707 1395 1844 1436 inter-

137 1480 303 1522 montio
335 1478 537 1535 Capitolii
568 1478 655 1522 duo
685 1485 892 1534 querceta
927 1485 1080 1533 erant,
1125 1480 1210 1522 alia
1251 1492 1403 1522 versus
1435 1477 1629 1520 Tiberim
1661 1477 1846 1520 descen-

140 1563 330 1616 debant,
378 1567 429 1605 ut
469 1575 622 1620 nemus
661 1563 862 1619 Argileti.
922 1564 1098 1608 Caelius
1130 1563 1234 1606 olim
1270 1563 1654 1617 Querquetulanus
1685 1560 1845 1612 dictus,

139 1646 255 1688 inter
296 1645 493 1688 Caelium
538 1650 584 1688 et
624 1634 986 1709 Esquilias-,ferat
1019 1644 1235 1701 Fagutal,
1279 1649 1325 1687 et
1365 1643 1586 1699 Esquiliae
1626 1643 1748 1698 ipsae
1789 1641 1846 1684 ab

139 1729 316 1771 aesculo
350 1741 506 1771 nomen
548 1730 793 1773 traxerunb
833 1706 1093 1821 -Qtinus
1121 1732 1265 1770 autem
1299 1727 1426 1770 etiam
1458 1725 1698 1782 posteriore
1733 1728 1847 1767 tem-

144 1825 253 1868 pore
285 1809 496 1855 lauretum
538 1810 726 1856 habebat
767 1806 828 1855 in'
853 1789 1081 1869 superiore
1120 1816 1271 1868 parte,
1322 1815 1367 1853 et
1404 1809 1682 1852 descendenti
1708 1809 1847 1858 *ilices

140 1896 372 1939 umbrosae
412 1908 462 1938 se
502 1896 742 1939 offerebant
773 1895 828 1939 ad
858 1897 1021 1940 fontem
1051 1901 1217 1939 stantes
1246 1895 1400 1937 Fauno
1432 1894 1629 1947 Picoque
1660 1904 1845 1934 sacrum.

137 1977 333 2020 Fuerunt
374 1978 560 2034 denique
601 1978 730 2021 etiam
771 1978 816 2020 in
858 1977 1057 2021 Palatino
1101 1977 1213 2030 luci,
1258 1981 1308 2018 ut
1339 1976 1502 2019 Vestae
1543 1975 1665 2017 lucus
1696 1984 1846 2015 versus

53 2099 57 2102 .
140 2060 295 2114 sorum,
327 2061 438 2104 alius
467 2073 620 2104 versus
650 2060 904 2115 Velabrum,
934 2074 1015 2104 nec
1045 2060 1223 2103 dubium
1256 2059 1386 2101 etiam
1420 2059 1523 2100 olim
1555 2059 1599 2100 in
1632 2071 1684 2099 eo
1716 2056 1847 2099 silvas

140 2144 327 2187 stetisse.
412 2143 549 2188 Vides
605 2144 711 2187 satis
759 2143 954 2187 locorum
1011 2142 1088 2186 ubi
1141 2141 1324 2196 degeret
1377 2140 1576 2183 silvester
1621 2137 1742 2180 deus.
1787 2161 1847 2169 —

71 2229 76 2232 '
140 2227 195 2270 V.
227 2229 301 2270 31.
333 2229 406 2269 32.
446 2226 690 2269 Fistula.
751 2226 980 2282 Repetitio
1022 2225 1142 2268 vocis
1173 2223 1243 2267 hic
1273 2222 1447 2278 quidem
1479 2221 1708 2264 manifesto
1739 2233 1849 2263 con-

145 2308 379 2352 tinuandae
409 2307 687 2364 descriptioni
718 2307 920 2359 inservit,
963 2319 1061 2350 cum
1091 2306 1318 2349 relativum
1350 2304 1508 2346 nudum
1540 2304 1747 2346 minorem
1780 2302 1847 2344 vi-

141 2406 293 2448 gorem
336 2385 569 2435 habuisset.
641 2391 807 2435 Similis
853 2391 1103 2433 Housmcs
1147 2389 1261 2431 ratio
1311 2387 1364 2430 Il.
1394 2388 1452 2440 11,
1487 2391 1590 2430 838.
1636 2387 1713 2440 vl,
1745 2389 1848 2428 396.

140 2468 240 2530 vlf,
270 2479 371 2519 138.
419 2475 579 2530 Odyss.
610 2474 645 2529 Ι,
675 2477 749 2528 23,
781 2475 837 2519 al.
899 2474 1038 2517 Porro
1080 2474 1278 2516 anen..
1310 2473 1476 2526 Georg.
1508 2472 1544 2525 Ι,
1573 2474 1677 2514 246.
1741 2471 1848 2513 Aliis

141 2560 250 2603 locis
290 2554 439 2606 πάθος
481 2559 619 2610 inest,
678 2561 729 2599 ut
775 2557 1016 2599 Pnovsar.
1056 2554 1092 2608 1,
1123 2558 1167 2608 3,
1198 2558 1271 2597 25.
1303 2557 1377 2597 32.
1442 2557 1511 2607 11,
1544 2556 1616 2595 19.
1670 2556 1742 2606 16,
1776 2555 1846 2595 17.

140 2640 270 2697 Apud
301 2640 520 2683 Tibullum
551 2638 703 2682 confer
732 2637 847 2680 dicta
889 2637 946 2680 ad
977 2637 1011 2690 Ι,
1042 2639 1086 2690 3,
1116 2641 1159 2680 5.
1234 2637 1438 2679 Ceterum
1469 2636 1676 2680 describit
1715 2640 1847 2692 poeta

142 2722 212 2767 hic
263 2737 320 2767 ex
372 2723 519 2767 cannis
572 2720 870 2777 inaequalibus
923 2723 1193 2774 compactam
1243 2732 1344 2762 cera
1399 2720 1599 2762 fistulam.
1686 2718 1848 2760 Confer

144 2810 339 2851 Acmm..
369 2807 488 2850 Tu·-
518 2806 639 2860 VIII,
669 2809 774 2849 c.-6.
803 2817 904 2861 pag.
932 2807 1031 2850 174.
1064 2802 1169 2846 edit.
1201 2803 1386 2855 Jacobs„
1419 2803 1556 2845 Ovm.
1590 2801 1701 2845 Met.
1725 2800 1848 2855 Vlll,

144 2894 233 2934 189
265 2904 359 2945 sqq.
400 2891 593 2945 aliosque
622 2890 742 2932 locos
772 2901 842 2944 ap.
874 2888 1264 2931 Bnoucxmxsmm.
1330 2886 1440 2929 Add.
1476 2886 1603 2929 Voss.
1636 2884 1691 2928 ad
1722 2885 1845 2938 Virg-

146 2974 302 3029 Eclog.
334 2973 392 3028 11,
421 2976 494 3019 35.
555 2973 614 3016 At
642 2971 875 3029 particulas
914 2984 1143 3028 semper
1171 2976 1215 3014 et
1245 2983 1428 3026 usque
1461 2969 1517 3011 de
1549 2968 1700 3012 ordine
1733 2978 1844 3024 pau-

146 3057 265 3100 latim
308 3061 353 3100 et
394 3057 643 3099 continuate
682 3056 960 3099 decrescente
1004 3056 1167 3112 positas
1211 3055 1483 3098 Huscnxms
1526 3057 1687 3095 monet.
1758 3052 1849 3094 Po·

145 3148 307 3186 stremo
354 3155 436 3185 non
478 3141 666 3185 ieiunum
709 3141 828 3184 dices
871 3147 1185 3198 pentametrum
1234 3153 1315 3183 nec
1356 3145 1494 3182 totum
1527 3136 1767 3190 distichon,
1810 3139 1847 3179 si

148 3227 391 3284 memineris
420 3226 607 3269 suaviter
638 3226 793 3268 morari
826 3230 981 3281 poetae
1012 3225 1322 3281 cogitationem
1356 3225 1396 3267 in
1431 3221 1707 3278 simplicitate
1736 3220 1846 3263 isto-

149 3321 240 3351 rum
273 3313 530 3364 temporum.
593 3307 706 3350 Hinc
739 3308 867 3350 etiam
909 3308 1096 3350 fistulam
1138 3306 1333 3350 studiose
1372 3305 1579 3348 describit
1621 3309 1666 3347 et
1704 3302 1845 3358 expli-

150 3396 242 3443 cat,
283 3396 331 3433 ut
361 3390 477 3446 quod
509 3390 692 3435 libenter
723 3398 767 3435 et
798 3405 952 3447 magna
984 3404 1080 3436 cum
1113 3392 1333 3447 voluptate
1364 3389 1559 3447 facimus.
1635 3386 1844 3429 Similiter
