2158 3750
676 270 860 328 LIBR.
899 272 939 325 I.
1010 269 1213 326 ELEG.
1251 271 1322 323 Χ.
1360 270 1368 285 ·’
1747 281 1847 329 193

149 428 324 485 querela
355 430 536 483 regnet,
569 426 613 470 in
643 425 832 471 medio
863 426 1112 470 carmine
1140 424 1334 483 precatio
1364 423 1542 468 Larium
1573 424 1633 468 sit
1661 436 1741 482 pro
1772 436 1845 470 re-

147 511 262 565 ditu,
293 511 338 553 in
368 511 532 554 exitu
565 509 752 566 denique
782 510 903 567 pacis
934 510 1171 566 descriptio
1202 510 1346 552 suavis
1375 507 1599 563 habeatur,
1628 503 1844 564 adquam

146 596 303 638 reverti
335 596 470 651 cupit.
532 595 633 640 Quo
666 593 819 638 ordine
849 599 894 637 et
923 603 1159 650 progressu
1191 606 1336 637 rerum
1365 593 1470 649 quid
1499 593 1679 651 aptius?
1728 593 1847 641 Quid

146 681 259 724 enim
300 681 439 736 magis
479 682 814 723 consentaneum
856 690 986 733 quam
1028 679 1236 732 querelae
1279 677 1516 721 succedere
1557 671 1849 735 precationem

142 777 226 821 pro
264 763 432 817 reditu,
478 762 758 818 requiescere
794 765 942 804 autem
984 759 1172 804 animum
1203 764 1424 816 postremo
1454 760 1504 803 in·
1529 761 1650 816 pacis
1681 761 1852 816 cogita-

143 847 261 890 tione
304 851 351 889 et
391 846 628 898 bonorum,
677 855 790 898 quae
831 841 1038 885 reducem
1079 853 1105 884 e
1134 840 1252 884 bello
1281 846 1331 884 ut
1361 844 1640 897 exspectent,
1686 842 1850 899 optat?

143 927 244 972 Non
287 932 431 984 potest
469 927 575 981 fingi
615 922 836 982 pulchrior
876 936 1022 967 rerum
1061 922 1217 966 unitas·
1279 922 1371 967 Sed
1401 921 1532 966 habet
1560 922 1643 968 hoc
1674 939 1848 970 carmen

146 1010 277 1052 etiam
310 1010 417 1052 alias
446 1008 755 1052 memorabiles
781 1008 967 1052 virtutes
993 1007 1276 1051 tractationis.
1337 1006 1420 1050 Est
1447 1014 1748 1062 argumentum
1779 1016 1853 1054 to-

140 1098 234 1136 tum
262 1093 389 1137 simul
414 1093 477 1136 ita
505 1091 791 1147 adornatum,
818 1098 869 1136 ut
898 1092 1212 1150 compositione
1242 1091 1540 1148 oppositarum
1569 1104 1714 1136 rerum
1743 1105 1852 1136 con-

140 1179 241 1218 stet.
304 1175 515 1222 Queritur
543 1179 675 1232 poeta
702 1174 749 1218 in
778 1173 976 1228 exordio,
1006 1178 1056 1217 ut
1084 1173 1364 1227 narravimus,
1393 1173 1608 1217 interiisse
1638 1175 1849 1231 simplici-

141 1263 278 1303 tatem
309 1263 356 1302 et
383 1259 660 1303 securitatem
689 1259 860 1316 priscae
887 1259 1045 1303 aetatis
1085 1258 1193 1302 vitio
1234 1258 1327 1301 auri
1361 1257 1534 1314 divitis3
1578 1258 1678 1302 vide
1717 1258 1854 1314 igitur

142 1355 274 1398 quam
312 1343 503 1388 suaviter
534 1356 639 1388 mox
679 1343 795 1387 inter
830 1355 983 1400 preces
1012 1342 1069 1387 ad
1096 1342 1237 1386 Lares
1267 1341 1391 1385 huius
1419 1342 1707 1399 simplicitatis
1737 1345 1855 1388 anti-

142 1438 258 1482 quae
304 1425 453 1481 imago
495 1425 674 1470 redeat=
719 1429 836 1469 stant
865 1438 1057 1482 paupere
1098 1426 1219 1469 cultu
1248 1426 1293 1468 in
1323 1426 1435 1468 atrio
1463 1425 1626 1469 Tibulli
1656 1431 1707 1470 ut
1735 1427 1855 1480 olim,

144 1514 192 1553 et
218 1510 375 1565 quibus
404 1510 510 1554 olim
549 1509 742 1553 contenti
772 1513 898 1552 erant
934 1509 1095 1563 sacris,
1140 1507 1208 1552 his
1252 1509 1384 1552 etiam
1423 1509 1468 1552 in
1511 1514 1732 1565 posterum
1776 1525 1856 1555 eos

142 1598 292 1648 sperat
330 1592 428 1636 fore
469 1596 713 1638 comentem*
769 1591 984 1636 Sed-non
1012 1592 1154 1635 minus
1187 1595 1387 1648 superest
1415 1591 1652 1635 similitudo
1683 1593 1853 1649 priscae

139 1674 430 1732 simplicitatis
463 1680 516 1720 et
553 1675 773 1720 felicitatis
814 1668 1001 1719 omnino
1017 1671 1066 1718 in·
1088 1671 1304 1719 'universa‘
1322 1675 1410 1718 vita
1438 1674 1602 1718 rustica
1631 1672 1855 1731 hodierna,

141 1760 188 1802 iu
216 1759 393 1803 rusticis
430 1753 652 1814 moribus,
692 1759 851 1814 festis,
888 1758 1207 1816 voluptatibus=
1259 1753 1576 1802 Paterfamilias
1616 1758 1711 1813 ipse
1747 1743 1857 1802 ’oves

143 1853 248 1884 suas
293 1846 486 1884 sectatur
530 1846 578 1885 et
616 1841 732 1885 filias
759 1848 941 1896 agnos,
987 1853 1107 1883 uxor·
1144 1852 1249 1882 vero
1287 1839 1410 1883 fesso
1453 1839 1656 1884 balneum
1703 1845 1856 1896 parat3

147 1925 278 1968 etiam
319 1925 432 1968 festa
474 1925 651 1971 rustica-
677 1931 779 1969 cum
814 1919 1105 1981 'simplicitate
1130 1922 1349 1967 licentiam
1378 1923 1607 1970 hilaritatis
1635 1925 1857 1981 antiquam

148 2013 349 2062 servant,
394 2008 622 2062 calentque
654 2007 890 2051 certamina
917 2007 1104 2052 Veneris
1144 2008 1308 2061 agresti
1333 2007 1601 2063 petulantia.
1663 2008 1740 2051 Sic
1779 2021 1859 2064 per

145 2094 286 2134 totum
316 2102 489 2134 carmen
529 2090 625 2134 aliis
665 2095 808 2147 atque·
838 2092 937 2135 aliis
977 2091 1197 2135 coloribus
1226 2090 1415 2135 felicitas
1442 2091 1714 2148 simplicioris
1743 2094 1860 2137 vitae

146 2172 410 2230 depingitur.
449 2169 682 2218 -similiter
721 2186 847 2219 vero·
871 2174 974 2218 belli
1005 2173 1238 2218 detestatio
1269 2186 1370 2218 non>
1399 2175 1538 2218 solum
1569 2176 1614 2218 in
1644 2174 1860 2232 principio

70 2242 73 2244 ’
146 2260 241 2311 est,
288 2257 367 2301 sed
407 2257 899 2314 repetitur-*identidem
943 2256 1162 2301 etiam-in
1201 2257 1498 2312 sequentibus.
1528 2274 1530 2276 ·
1559 2256 1696 2302 Vides
1724 2258 1861 2313 igitur

146 2339 254 2393 quid
293 2339 458 2384 dicam=
503 2344 660 2395 regnat
700 2351 781 2396 per
819 2349 970 2382 omnes
1012 2343 1159 2395 partes
1201 2339 1401 2382 carminis
1432 2338 1651 2395 oppositio
1682 2339 1785 2382 belli
1817 2343 1863 2381 et

150 2424 340 2467 rusticae
366 2425 485 2467 vitae
522 2423 755 2476 felicioris,
802 2428 849 2468 ct
880 2423 1052 2467 exsistit
1083 2435 1242 2479 magna
1274 2427 1319 2465 et
1350 2421 1511 2465 eximia
1553 2422 1616 2464 vis
1649 2419 1728 2463 hac
1759 2432 1863 2477 per-

152 2508 287 2562 petua
314 2508 592 2563 oppositione
621 2520 650 2550 a
678 2507 892 2566 principio
921 2507 979 2551 ad
1008 2508 1138 2550 linem
1167 2503 1392 2559 redeunte,
1422 2504 1785 2560 quemadmodum
1817 2506 1862 2548 in

150 2588 427 2638 antecedenti
465 2589 656 2632 carmine
698 2589 840 2632 simile
879 2602 1021 2644 genus
1068 2589 1335 2632 tractationis
1374 2587 1623 2631 -vidimus.-·
1660 2587 1766 2631 Sed=
1794 2585 1865 2631 hio

150 2672 434 2717 acceditfana
462 2673 536 2716 lex
550 2672 913 2729 compositionis,
943 2671 1072 2727 quam
1108 2672 1482 2728 interpositionem
1517 2670 1720 2726 appello‘3
1765 2682 1864 2712 nam

150 2755 358 2801 dividitur
379 2753 1284 2812 ubique·attorutm1oppositarum'rerum
1313 2754 1369 2797 in.
1388 2753 1500 2796 duos
1530 2750 1863 2807 ωαψς-,1111111118

152 2838 440 2894 interponitur
469 2835 622 2883 altera.
655 2838 828 2892 ·-Atque
859 2836 1164 2881 exordium
1195 2837 1363 2881 orditur
1392 2850 1422 2880 a·
1444 2835 1732 2880 detestatione
1760 2832 1865 2876 belli

154 2924 202 2963 ct
228 2920 344 2963 redit
370 2920 597 2975 adeam,-
619 2918 878 2979 interposita
907 2934 1013 2966 vero
1040 2927 1111 2966 est
1138 2923 1232 2970 laus
1262 2921 1550 2978 simplicitatis
1579 2923 1626 2962 et
1654 2918 1867 2963 secur-ita-

154 3005 213 3047 tis
241 3004 442 3059 priscae.··
482 3003 715 3048 Pracvssalet
742 3005 787 3048 in‘
819 3006 1025 3060 exordio,
1060 3011 1111 3049 ut
1140 3019 1221 3063 par
1249 3010 1330 3059 est,
1360 3004 1552 3061 querela.
1613 2999 1868 3043 Medium

154 3086 386 3130 carmen
428 3086 687 3141 explicatius
726 3092 916 3132 tractare
936 3115 937 3119 =
957 3088 1090 3132 debet
1132 3090 1282 3133 ambas
1311 3101 1408 3141 res,
1452 3090 1503 3129 ut
1531 3084 1694 3139 ubique
1721 3082 1870 3127 medio

155 3171 336 3213 carmini
377 3169 581 3214 disertior
622 3170 856 3227 explicatio
896 3173 1140 3228 argumenti
1166 3173 1391 3230 ‘propria3
1437 3175 1483 3214 et
1532 3169 1615 3214 hoc
1660 3172 1774 3212 nun'c
1815 3169 1869 3211 fit

157 3251 262 3295 dum
305 3252 561 3296 invocantur
604 3252 759 3296 Lares.
837 3252 928 3297 Sed
973 3254 1023 3297 fit
1068 3254 1240 3299 inverso
1288 3254 1468 3308 ordine,
1519 3250 1872 3309 quandoquidem

158 3346 273 3376 nunc
302 3334 486 3379 {elicitas
529 3341 574 3378 et
604 3335 859 3393 simplicitas
887 3338 1049 3382 rustica
1080 3341 1222 3396 primo
1268 3344 1315 3384 et
1355 3340 1486 3383 tertio
1529 3338 1628 3381 loco
1670 3335 1872 3379 laudatur

162 3413 227 3469 (v.
243 3418 400 3464 16-24.
430 3423 478 3463 et
503 3430 546 3463 v.
563 3418 751 3477 ³944),
781 3420 1069 3479 interponitur
1090 3434 1205 3483 vero,
1215 3422 1450 3468 detestatio
1474 3420 1579 3466 belli
1605 3418 1670 3476 (v.
1687 3414 1872 3472 29-38).

1333 3509 1398 3555 13
