2158 3750
641 285 824 339 LIBR.
860 287 927 339 11.
998 285 1203 339 ELEG.
1238 286 1331 339 ΙΙΙ.
1734 295 1836 341 253

140 443 324 486 nequam
355 435 485 484 esset,
518 443 651 486 saepe
682 427 921 473 redhibitus
951 434 996 473 et
1028 428 1223 472 venditus
1255 435 1336 484 est,
1366 434 1415 475 ut
1445 429 1555 474 bene
1585 430 1693 474 vidit
1723 431 1838 474 8οΛ-

138 527 296 556 mena.
359 516 502 570 Atque
531 514 645 557 idem
677 511 747 555 hic
777 518 931 569 postea
961 513 1204 555 libertatem
1233 517 1387 556 nactus
1416 511 1610 556 militiam
1639 514 1834 569 capessi-

137 604 282 651 verat,
316 605 361 642 et
391 612 448 642 ex
478 598 637 654 praeda
667 597 822 654 opibus
862 597 1051 653 paratis,
1092 609 1206 639 nunc
1235 609 1368 652 agros
1409 601 1455 640 et
1485 596 1608 640 villas
1636 597 1836 652 posside-

136 684 226 728 bat.
259 706 317 718 —
364 685 594 727 Postremo
622 682 679 725 ad
708 686 847 724 totum
878 679 1091 723 distichon
1121 682 1359 724 sennenn
1390 681 1675 737 fragmentum
1709 683 1834 725 ΑΝΑ·

138 782 362 811 ennomus
392 774 613 823 comparat
642 779 712 822 ap.
742 766 925 807 Anum.
954 763 1056 816 XII,
1088 778 1130 820 p.
1159 767 1262 807 533.
1296 765 1348 807 F.
1378 787 1438 797 —-·

253 853 307 894 V.
338 854 518 894 61-78.
589 847 834 892 Medium
875 858 1117 890 carmen.
1189 849 1329 891 Pars
1373 850 1568 893 tertia.
1628 848 1838 907 Exagi-

136 940 255 976 tata
296 933 523 976 luxuria
566 930 827 973 Nemesis
866 929 972 971 iam
1015 928 1247 972 deorum
1287 932 1604 984 agrestium
1636 934 1837 989 copias

137 1017 360 1058 rurales
390 1017 652 1066 accusat,
683 1016 740 1055 et
767 1011 1024 1068 periisse
1052 1011 1236 1065 malit,
1266 1025 1408 1067 quae
1438 1026 1585 1056 nunc
1617 1016 1837 1059 allexe-

134 1103 263 1140 runt
301 1097 574 1153 puellam,
615 1099 670 1138 et
707 1098 911 1138 contra
951 1093 1151 1138 laudat
1182 1096 1362 1151 prisci
1401 1099 1524 1140 aevi
1557 1098 1838 1155 simplici-

135 1184 334 1234 tatem,
376 1179 472 1222 ubi
516 1178 826 1234 glandibus
870 1183 926 1222 et
969 1191 1114 1234 aqua
1159 1181 1428 1224 contenti
1476 1179 1735 1226 homines
1781 1185 1836 1227 in

132 1266 286 1309 valle
343 1264 606 1308 umbrosa
664 1263 852 1307 libere
907 1262 1114 1307 amoris
1171 1263 1402 1318 gaudiis
1463 1263 1835 1321 fruebantur,

134 1352 294 1394 nullo
337 1349 604 1403 custode,
646 1349 808 1414 nulla
849 1348 1019 1391 ianua
1061 1348 1410 1392 excludente
1452 1355 1742 1395 amantem.

250 1435 306 1478 V.
330 1438 385 1478 61
420 1447 484 1489 sq.
547 1435 614 1476 At
643 1433 751 1476 tibi
791 1431 930 1475 dura
961 1432 1150 1476 Ceres.
1213 1433 1440 1475 Transitus
1471 1434 1637 1486 clarus,
1682 1435 1836 1476 lacuna

132 1515 200 1559 hic
228 1517 357 1559 nulla.
415 1515 558 1559 Etiam
588 1514 647 1558 dii
678 1518 875 1569 agrestes
903 1513 1107 1556 adiuvant
1136 1515 1298 1556 saeculi
1330 1513 1525 1557 hodierni
1549 1528 1692 1557 mores
1722 1517 1833 1558 alla-

129 1603 186 1645 tis
214 1602 409 1645 lautioris
437 1603 551 1645 vitae
582 1600 801 1645 subsidiis·
858 1599 930 1643 Ac
954 1610 1066 1642 nunc
1098 1599 1317 1642 Nemesim
1347 1599 1643 1652 abduxerunt,
1683 1605 1734 1642 ut
1763 1600 1832 1643 di-

130 1685 259 1727 vitem
291 1684 587 1740 praedatorem
618 1683 660 1726 in
695 1696 769 1726 rus
796 1687 1064 1737 sequeretur.
1126 1682 1243 1724 Dicit
1282 1682 1441 1737 igitur:
1490 1683 1626 1726 Vobis
1667 1687 1827 1736 autem,

131 1768 205 1822 qni
236 1781 331 1810 cum
362 1779 501 1809 messe
532 1771 675 1809 vestra
705 1765 892 1808 maxime
923 1769 1124 1806 auctores
1156 1766 1260 1807 estis
1291 1763 1416 1807 huius
1448 1765 1684 1819 discessus,
1728 1779 1833 1822 per-

133 1855 234 1893 eant
270 1849 379 1892 istae
416 1848 584 1905 copiae.
646 1849 746 1891 Vox
781 1849 906 1889 Ceres
937 1851 1005 1890 est
1035 1847 1277 1891 emendatio
1307 1848 1499 1892 Hsnssu
1531 1863 1595 1905 pr.
1627 1855 1834 1906 corrupto

130 1947 267 1990 seges.
329 1931 462 1974 Addit
482 1931 711 1975 Vunrms:
741 1927 1007 1986 „Epitheton
1033 1928 1150 1970 dura
1174 1942 1430 1985 quamquam
1457 1930 1538 1974 hoc
1568 1932 1665 1974 loco
1695 1933 1834 1986 signi-

130 2017 232 2058 ficat
264 2013 480 2060 crudelis,
525 2017 783 2069 perpetuum
824 2025 920 2055 esse
961 2016 1119 2067 potest.
1182 2011 1316 2055 Ceres
1352 2013 1463 2055 enim
1495 2026 1669 2068 semper
1699 2027 1832 2057 occu-

43 2095 47 2099 ’
129 2104 230 2156 pata
268 2100 312 2142 in
354 2111 486 2154 opere
516 2097 677 2139 rustico
709 2095 816 2137 dura
856 2093 936 2136 dea
979 2099 1046 2137 est
1087 2097 1131 2137 et
1170 2094 1398 2139 laboriosa.
1460 2096 1655 2152 Opponit
1686 2101 1831 2139 autem

61 2226 66 2229 .
128 2187 258 2239 poeta
301 2181 434 2224 durae
476 2179 626 2222 Cereri
666 2175 883 2221 Bacchum
925 2177 1166 2220 tenerum.‘⁶
1235 2178 1416 2221 Minime
1442 2192 1572 2232 vero,
1618 2193 1713 2221 nam
1748 2193 1828 2222 nec

129 2266 211 2309 dici
251 2266 364 2308 solet
406 2264 619 2307 laboriosa
663 2263 799 2305 Ceres
839 2276 922 2306 nec
962 2267 1112 2318 aptum
1156 2267 1223 2306 est
1267 2264 1354 2305 tale
1398 2261 1616 2318 epitheton
1662 2265 1704 2305 in
1747 2263 1830 2306 hoc

129 2347 289 2390 affectu
316 2345 523 2400 elegiaco.
581 2345 722 2400 Igitur
749 2345 870 2400 prius
897 2349 1010 2387 tene.
1033 2367 1091 2377 —
1123 2344 1282 2386 nulla
1317 2344 1463 2398 fide,
1497 2359 1581 2388 non
1613 2347 1832 2401 persolvat

129 2443 227 2473 cum
255 2429 354 2472 fide.
415 2427 587 2484 Accipit
622 2438 725 2469 vero
765 2430 881 2469 terra
923 2439 1098 2479 semen,
1145 2430 1196 2468 ut
1238 2439 1334 2469 cum
1378 2428 1516 2469 usuris
1549 2427 1700 2470 reddat
1731 2442 1829 2471 sor-

130 2520 246 2567 tem,
291 2512 514 2555 notissimo
556 2522 718 2566 genere
748 2508 933 2552 dicendi.
999 2507 1151 2550 Tellus
1183 2508 1327 2564 infida
1361 2509 1536 2553 Lucus.
1568 2509 1760 2553 Pharsal.
1792 2511 1828 2565 I,

127 2599 228 2639 62¹1.
268 2595 437 2637 dicitur.
498 2592 608 2636 Add.
638 2590 747 2635 infra
777 2591 835 2644 11,
865 2595 907 2644 6,
938 2594 1010 2633 22.
1072 2590 1480 2635 Wunnssnmcmus
1512 2593 1680 2637 confert
1710 2595 1824 2637 Plin.

125 2678 182 2731 ll,
214 2681 294 2721 63:
339 2678 485 2734 Quam
526 2674 640 2717 bona
669 2675 771 2732 fide
800 2684 924 2717 terra
958 2674 1175 2717 creditum
1206 2676 1378 2734 foenus
1422 2676 1599 2720 reddit!
1627 2701 1687 2710 —-
1734 2680 1831 2723 Re-

126 2766 242 2804 stant
271 2761 422 2803 verba:
469 2759 750 2803 Nemesim
794 2773 935 2814 quae
977 2759 1219 2802 abducis
1251 2760 1315 2802 ab
1346 2760 1498 2803 urbe.
1561 2761 1678 2804 Male
1710 2762 1830 2805 Vos·-

126 2857 222 2886 sms
253 2857 308 2887 ex
337 2843 459 2886 malis
490 2842 615 2885 codd.
646 2855 871 2885 nervosam
914 2842 1196 2885 locutionem:
1247 2839 1432 2884 abducis
1468 2840 1524 2883 ab
1556 2841 1662 2885 urbe
1693 2843 1826 2899 fregit

127 2929 412 2972 substituens:
453 2927 576 2969 ducis
613 2927 668 2971 ab
710 2928 830 2970 urbe.
893 2928 1120 2970 Refutavit
1159 2928 1289 2970 etiam
1322 2927 1607 2972 Huscnxms.
1669 2930 1830 2986 Impri-

128 3013 207 3054 mis
247 3024 350 3053 vero
390 3010 616 3052 illustravit
658 3022 781 3052 usum
814 3010 931 3053 verbi
962 3011 1205 3053 DRAKENB.
1238 3011 1293 3053 ad
1323 3010 1420 3053 Liv.
1453 3011 1639 3066 XXVII,
1671 3015 1746 3055 29.
1784 3018 1830 3056 et

127 3095 351 3137 Hsmsms
382 3094 424 3135 in
454 3093 623 3146 Syllog.
662 3091 719 3136 Τ.
749 3091 807 3145 n,
839 3106 883 3147 p.
913 3095 1016 3135 349.
1077 3092 1197 3135 Inest
1228 3106 1340 3136 nunc
1372 3092 1476 3136 hoc:
1521 3107 1632 3148 quae
1664 3095 1828 3139 Neme-

126 3178 205 3219 sim
238 3176 337 3219 mihi
368 3177 514 3231 eripis.
574 3175 715 3218 Porro
745 3186 890 3217 errare
932 3174 1114 3218 eundem
1156 3175 1458 3229 manifestum,
1499 3178 1572 3232 qui
1606 3177 1829 3222 Nemesim

127 3259 171 3300 in
202 3261 336 3301 altera
367 3263 489 3313 parte
520 3257 703 3311 Augusti
743 3256 784 3298 in
826 3269 898 3300 rus
930 3258 1097 3300 venisse
1138 3263 1332 3301 statuens
1367 3260 1583 3302 semina
1615 3262 1830 3315 intelligat

130 3343 315 3384 instante
345 3347 575 3383 auctumno
608 3340 855 3394 condenda3
888 3342 1117 3398 permirum
1151 3343 1263 3385 enim
1297 3343 1375 3395 sit,
1409 3344 1444 3384 si
1479 3344 1612 3385 Ceres
1644 3344 1830 3399 puellam

129 3431 176 3468 ut
207 3426 387 3469 sementi
420 3427 660 3479 interesset,
693 3425 922 3469 abduxerit
954 3428 993 3470 in
1027 3439 1112 3470 rus,
1142 3450 1202 3459 —-
1231 3427 1461 3469 Postremo
1498 3427 1551 3469 de
1583 3427 1665 3469 alia
1699 3427 1832 3470 totius
