2158 3750
722 241 903 292 LIBR.
941 242 980 292 I.
1054 239 1256 292 ELEG.
1292 239 1356 291 ΙΙ.
1823 237 1889 286 45

193 387 431 438 sententia3
472 386 612 429 otiosa
644 384 836 441 epitheta
865 384 1022 427 absunt
1051 397 1078 426 a
1107 382 1301 426 Tibullo.
1361 381 1504 434 Atque
1532 377 1639 422 haec
1668 375 1892 422 hactenus.
1928 391 1934 396 ’

192 471 341 512 Altera
372 469 501 512 lectio
534 467 751 526 fulminis
783 466 992 523 probatur
1020 466 1376 518 Bnoucnmsm,
1415 464 1603 514 Vossro,
1647 462 1889 504 VVUNDER—

191 566 364 607 memo,
395 554 470 608 qui
498 553 628 595 etiam
657 549 788 595 sistit.
814 555 1087 606 receperunt,
1117 562 1217 592 cum
1247 549 1416 603 magica
1446 550 1541 589 arte
1569 545 1751 589 fulmina
1777 556 1889 599 quo-

190 651 302 692 que,
332 650 417 680 non
446 636 556 679 verti
586 633 788 689 quidem,
816 637 865 675 et
891 632 988 675 sisti
1018 631 1243 683 dicantur,
1285 630 1343 673 cf.
1374 629 1636 672 Grumum.
1665 627 1711 671 in
1739 627 1890 670 Rufin.

187 720 223 773 Ι,
250 723 352 763 159.
382 719 556 762 Sulmo.
585 716 723 759 Here·
752 715 856 757 Oet.
879 715 986 758 469.
1044 713 1195 756 Possit
1223 713 1378 767 aliquis
1409 713 1618 767 imprimis
1650 712 1708 755 ita
1736 710 1889 754 defen-

188 802 292 846 dere
320 801 399 845 has
427 800 663 851 lectiones,
702 798 740 840 si
765 798 808 841 in
837 801 936 840 toto
966 796 1151 840 disticho
1181 797 1237 838 de
1269 797 1529 839 coelestibus
1556 796 1686 839 rebus
1715 795 1790 850 agi
1821 793 1890 838 di-

187 890 258 929 cat
286 890 339 928 ut
365 885 409 927 in
439 883 638 940 proximo
669 881 725 925 de
753 880 944 934 infernis,
974 885 1284 936 comparetque
1314 881 1540 934 sequentia
1567 879 1657 923 duo
1690 880 1890 937 disticha,-

186 967 260 1010 ubi
290 967 444 1010 eadem
471 965 702 1008 manifesto
731 963 967 1020 oppositio.
1028 965 1092 1007 Ac
1122 961 1320 1019 profecto
1350 975 1436 1006 non
1465 975 1568 1007 casu
1591 964 1765 1020 irrepsit
1790 966 1890 1020 pul-

185 1049 288 1095 elin
316 1048 424 1092 haec
455 1048 738 1100 concinnitas,
766 1059 849 1091 nec
877 1044 1023 1102 potuit
1051 1057 1136 1088 non
1166 1045 1309 1100 legem
1340 1045 1384 1088 in
1415 1045 1735 1089 enumeratione
1765 1047 1889 1100 sequi

183 1140 339 1193 poeta,
383 1135 462 1179 sed
489 1134 622 1178 etiam
651 1126 710 1177 ex
737 1133 877 1176 altera
903 1133 1072 1175 ratione
1100 1131 1308 1175 concinna
1341 1134 1408 1173 est
1438 1142 1583 1174 rerum
1613 1130 1889 1186 compositio.

184 1219 392 1275 Opponit,
422 1217 508 1270 aio,
537 1221 587 1259 nt
614 1217 815 1273 peritiam
843 1228 980 1270 sagae
1010 1215 1255 1258 luculenter
1285 1213 1490 1267 illustret,
1519 1212 1695 1256 omnino
1723 1225 1885 1268 supera

183 1305 228 1344 et
258 1300 425 1343 inferna
452 1301 574 1352 loeu3
617 1304 754 1354 atque
784 1299 830 1340 in
858 1297 992 1354 priori
1024 1297 1116 1352 pari
1148 1293 1432 1338 distichorum
1463 1294 1606 1339 sidera
1634 1299 1682 1336 et
1712 1294 1886 1336 flumina

182 1397 264 1441 pro
291 1385 506 1440 exemplis
526 1383 713 1426 *laudans
741 1383 922 1438 opponit
951 1382 1095 1435 Orco,
1137 1382 1181 1424 in
1212 1382 1350 1423 altero
1382 1380 1554 1422 coelum
1584 1379 1800 1431 maxime,
1841 1382 1888 1421 et

181 1468 303 1511 vides
330 1469 396 1511 sic
425 1469 643 1524 explicata
670 1479 720 1510 re
747 1467 834 1510 inm
863 1465 969 1509 nihil
997 1466 1249 1509 offensionis
1279 1465 1448 1510 adesse.
1518 1465 1750 1507 Postremo
1781 1463 1887 1505 illud

180 1563 354 1604 quoque
382 1550 543 1603 sentis,
591 1549 722 1592 etiam
761 1561 860 1591 cum
902 1548 1189 1591 collocatione
1229 1547 1460 1590 verborum
1503 1546 1614 1588 bene
1655 1546 1888 1588 convenire

180 1631 292 1676 hanc
332 1645 464 1688 quam
507 1631 781 1675 defendimus
823 1630 1067 1677 lectionem.
1148 1632 1364 1674 Accurate
1406 1630 1490 1675 sibi
1536 1630 1741 1686 opposita
1786 1635 1888 1672 sunt

181 1716 313 1760 haec:
353 1717 422 1760 De
451 1717 578 1760 coelo
607 1715 767 1760 ducere
799 1716 966 1770 sidera,
1004 1714 1122 1760 humi
1150 1728 1256 1759 vero
1287 1714 1462 1758 flumina
1490 1716 1677 1757 vertere.
1739 1713 1884 1766 Atque

179 1797 288 1842 haec
326 1798 503 1853 quidem
524 1819 532 1836 τ
545 1798 601 1841 de
643 1797 727 1841 his.
805 1800 898 1843 Iam
927 1798 1008 1842 toti
1038 1798 1178 1854 primo
1206 1796 1393 1842 disticho
1424 1796 1658 1852 opponitur
1686 1806 1888 1848 sequens,

178 1879 236 1923 ad
266 1879 384 1934 quod
413 1891 528 1923 nune
559 1880 822 1924 accedimus.
845 1903 906 1914 —
937 1881 992 1925 V.
1014 1882 1090 1924 47.
1119 1883 1193 1927 48.
1255 1880 1366 1923 Cum
1396 1892 1481 1923 non
1516 1891 1648 1922 unum
1676 1878 1885 1920 alterum-

178 1978 233 2008 ve
263 1965 528 2019 membrum,
557 1965 639 2010 sed
669 1965 813 2008 omnia
841 1964 1103 2009 coniunctim
1134 1977 1214 2007 seu
1245 1968 1386 2008 totum
1417 1962 1632 2006 distichon
1662 1975 1886 2018 opponere

180 2051 284 2093 velit
313 2049 586 2094 nnteeedenti
612 2048 814 2104 disticho,
846 2048 1027 2107 pulchre
1055 2047 1159 2093 mihi
1190 2049 1470 2105 praemittere
1501 2047 1673 2092 videtur
1703 2052 1885 2100 cantu,

180 2144 267 2188 qno
304 2131 488 2178 artifieio
511 2144 631 2187 quae
671 2135 912 2188 sequuntur
948 2131 1064 2188 (que
1091 2154 1153 2164 —-
1181 2143 1268 2185 que
1298 2152 1357 2164 -
1389 2130 1458 2186 et)
1503 2135 1708 2185 tanquam
1736 2134 1884 2186 partes

178 2218 442 2272 colliguntur
468 2219 512 2261 in
541 2227 669 2262 unam
700 2217 908 2262 maiorem
936 2217 1211 2261 sententiam.
1253 2238 1309 2248 -
1357 2215 1652 2270 finditque
1695 2215 1881 2258 solum

179 2311 488 2354 manesque
529 2299 827 2355 sepulcris
871 2299 1053 2343 elicit·-
1119 2299 1197 2342 Sic
1234 2299 1375 2341 Ovm.
1416 2298 1589 2341 Amorr.
1627 2297 1666 2351 1,
1709 2301 1752 2350 8,
1801 2301 1882 2340 17:

177 2383 356 2426 Evocat
395 2380 601 2440 antiquis
634 2392 831 2437 proavos
871 2388 1122 2439 atavosque
1166 2379 1384 2437 sepulcris
1431 2386 1476 2420 et
1521 2377 1713 2422 solidam
1753 2377 1886 2436 longo

181 2463 375 2507 carmine
406 2463 553 2521 findit
594 2463 794 2509 humum.
857 2463 971 2508 Add.
1009 2465 1154 2509 Vina.
1194 2462 1354 2518 Eclog.
1399 2462 1520 2516 vul,
1551 2465 1628 2505 98.v
1683 2461 1884 2504 Lucum.

178 2548 460 2605 Philopsend.
489 2563 528 2592 c.
563 2551 648 2593 13:
688 2544 867 2604 νεκροῦς
908 2544 1067 2596 ἑώλους
1113 2543 1355 2590 ἀνακαλῶν.
1413 2547 1508 2591 Res
1552 2558 1685 2602 saepe
1715 2557 1883 2588 memo-

180 2637 299 2685 ruta,
353 2643 482 2686 qnam
521 2633 808 2684 ψυχαγωγίαν
842 2631 1007 2677 Graeci
1048 2631 1210 2674 dicunt.
1254 2654 1313 2662 —
1372 2635 1428 2674 et
1470 2629 1667 2685 tepido
1714 2629 1883 2672 devo-

176 2721 270 2760 cat
308 2729 443 2760 ossa
481 2729 637 2771 rogo.
699 2716 762 2759 Ut
788 2715 956 2759 animas
992 2728 1022 2758 e
1061 2715 1274 2771 sepulcris
1306 2715 1496 2768 excitat,
1537 2715 1602 2757 sic
1640 2715 1727 2756 alio
1768 2717 1882 2755 tem-

175 2813 295 2855 pore,
335 2801 412 2854 ait,
449 2801 526 2845 vix
555 2801 736 2846 cremati
762 2802 961 2858 corporis
993 2813 1091 2845 ossa
1118 2814 1146 2843 e
1175 2813 1286 2855 rogo
1318 2797 1586 2842 descendere
1615 2797 1737 2840 iubet
1767 2797 1883 2839 vitae

174 2881 358 2924 reddita.
417 2881 665 2936 Legitimne
705 2889 806 2927 snut
846 2885 1142 2940 oppositiones
1185 2897 1329 2927 rerum
1373 2887 1419 2926 et
1458 2882 1689 2926 verborum
1730 2881 1775 2922 in
1817 2879 1883 2922 his

178 2962 373 3007 distichis
398 2968 448 3006 et
473 2962 649 3018 ubique»
666 2965 913 3019 notandam
955 2971 1084 3021 atque
1117 2967 1247 3010 etiam
1273 2965 1359 3009 hoc
1389 2967 1488 3008 loco
1518 2965 1582 3008 sic
1612 2964 1880 3007 conformata

175 3047 388 3091 sententia
424 3051 498 3090 est
534 3050 581 3089 et
609 3048 765 3090 oratio.
826 3049 974 3095 Quare
1000 3061 1102 3093 eum
1131 3049 1317 3105 copulae
1358 3061 1461 3104 qne
1493 3069 1550 3082 —-
1585 3060 1692 3102 que
1723 3048 1882 3103 prioris

177 3138 322 3178 essent
353 3137 499 3189 partes
529 3133 792 3185 sententiae,
822 3133 866 3176 in
896 3134 1035 3177 altem
1066 3133 1237 3177 diversa
1267 3142 1312 3174 et
1342 3133 1476 3187 dixit,
1508 3145 1594 3176 non
1627 3146 1726 3190 que.
1785 3131 1879 3174 Sed

176 3216 231 3259 nd
255 3228 353 3259 rem
384 3215 533 3259 confer
562 3215 745 3258 HonA'r·
772 3214 916 3271 Epod.
946 3214 1090 3269 XVII,
1121 3219 1206 3259 792
1231 3215 1402 3272 possim
1433 3222 1649 3256 crematos
1679 3211 1878 3254 excitare

173 3305 395 3346 mortuos,
426 3303 472 3342 et
501 3312 631 3354 quem
662 3282 879 3342 Hurn'ws
907 3298 1080 3344 confert
1107 3301 1254 3344 Sm'r.
1287 3299 1427 3344 Theb.
1458 3300 1536 3352 lv,
1564 3302 1682 3342 507:
1716 3295 1878 3339 Attol-

172 3379 261 3422 lere
291 3377 435 3425 bustis
465 3394 650 3438 corpora
682 3387 727 3424 et
752 3379 912 3436 pletum
941 3381 1146 3443 antiquis
1178 3381 1350 3425 ossibus
1383 3396 1523 3424 urnas
1557 3395 1756 3439 egerere,
1806 3380 1877 3421 ubi
