2158 3750
635 281 943 341 TIBULLI
995 279 1134 339 LIB.
1173 281 1267 340 ΙΙΙ.
1302 290 1342 342 1.
1757 279 1832 338 61

201 432 273 492 Et
318 456 458 514 vaga
503 459 657 497 nunc
703 451 853 497 certa
900 435 1230 510 discurrunt
1274 434 1528 517 undique
1572 455 1785 517 pompa

287 542 511 626 Perque
555 544 673 603 vias
718 543 879 602 urbis
922 567 1159 603 munera
1206 567 1419 626 perque
1465 541 1696 603 domos:

166 648 428 721 5Dicite‚
486 650 773 722 Pierides,
833 673 1081 732 quonam
1128 651 1373 710 donetur
1414 650 1633 710 honore

289 757 404 815 Seu
444 779 598 830 mea,
645 777 749 817 seu
785 755 981 830 fallor,
1030 780 1160 816 cara
1205 759 1423 817 Neaera
1466 773 1670 818 tamen.

204 864 466 923 Carmine
509 863 823 951 sorrnosae,
884 864 1068 947 pretio
1114 865 1418 946 capiuntur
1460 889 1692 925 avarae:

288 971 578 1044 Gaudeat,
627 985 690 1031 ut
734 971 910 1052 digna
957 986 1068 1045 est,
1126 973 1383 1032 versibus
1426 973 1521 1032 illa
1565 973 1721 1032 meis,

199 1078 380 1139 Lutea
425 1078 528 1139 sed
571 1079 798 1140 niveum
841 1078 1090 1140 involvat
1131 1081 1465 1140 membrana
1501 1079 1778 1156 libellum,

133 1201 194 1246 10
290 1187 550 1249 Pumicet
595 1201 649 1250 et
691 1210 862 1260 canas
907 1187 1142 1250 tondeat
1187 1203 1313 1249 ante
1359 1211 1549 1249 comas

130 1386 413 1442 servarunt),
470 1388 565 1431 eius
606 1388 748 1444 modi,
793 1387 910 1444 quod
955 1387 1207 1444 Lygdamus
1254 1389 1307 1441 1,
1348 1391 1406 1431 14
1455 1391 1629 1445 praeter
1680 1385 1844 1429 Tibulli

131 1480 296 1511 morem
326 1468 489 1510 etenim
521 1472 666 1526 posuit
697 1477 741 1514 et
770 1474 812 1525 4,
844 1475 902 1513 18
933 1471 1145 1512 mundum
1178 1484 1258 1526 pro
1290 1472 1426 1513 caele.
1472 1473 1696 1525 praeterea
1721 1468 1834 1509 Fm-

131 1562 329 1592 nameus
370 1551 589 1606 IAcol'ms,
630 1554 781 1595 unicus
825 1553 997 1607 linguae
1027 1553 1212 1594 Latinae
1255 1553 1558 1608 particularum
1603 1550 1840 1603 investiga-

131 1636 226 1686 tor,
269 1634 436 1675 monuit
476 1647 545 1676 me
586 1634 860 1689 Lygdamum
918 1634 1291 1678 coniunctionibus
1332 1634 1459 1678 dum,
1517 1631 1637 1691 quod
1676 1636 1720 1674 et
1762 1628 1842 1672 ubi

130 1728 256 1757 usum
287 1728 372 1758 non
404 1729 529 1769 esse,
571 1716 776 1774 quamvis
806 1722 949 1759 autem
982 1721 1035 1770 6,
1058 1720 1116 1759 29
1163 1730 1260 1759 cum
1301 1716 1559 1768 indicativo,
1601 1721 1845 1772 postquam

133 1798 186 1850 4,
219 1799 276 1839 41
310 1810 407 1840 cum
441 1799 863 1855 plusquamperfecto
907 1800 1206 1852 coniunxisse,
1255 1812 1352 1842 cum
1394 1798 1591 1840 Tibullus
1637 1794 1845 1853 quamvis

134 1892 231 1922 cum
272 1881 575 1934 coniunctivo,
618 1888 860 1940 postquam
901 1894 1000 1924 cum
1047 1880 1241 1937 perfecto
1289 1881 1492 1936 copulare
1532 1878 1839 1920 consuevisset.

135 1960 268 2003 nihilo
300 1962 439 2005 minus
469 1961 538 2005 hic
569 1968 699 2018 poeta
731 1965 893 2006 nullum
923 1964 1056 2006 alium
1099 1964 1183 2006 sibi
1217 1976 1344 2018 quam
1377 1963 1624 2014 Tibullum,
1665 1961 1708 2002 in
1751 1963 1847 2002 arte

136 2057 266 2098 quem
310 2050 591 2098 sequeretur,
638 2047 883 2101 proposuit:
931 2044 1046 2088 hunc
1092 2058 1227 2102 opere
1258 2058 1339 2087 suo
1378 2045 1439 2086 ita
1472 2043 1664 2095 effinxit,
1709 2046 1759 2084 ut
1801 2041 1844 2083 in

48 2166 50 2169 ,
135 2125 300 2169 Tibulli
340 2126 469 2169 domo
515 2128 721 2183 scriptum
767 2129 910 2171 iures:
958 2128 1144 2183 denique
1186 2127 1299 2170 hunc
1342 2129 1472 2170 etiam
1502 2138 1701 2168 versuum
1734 2123 1844 2166 faci-

45 2250 55 2261 „
137 2208 346 2250 endorum
378 2209 632 2263 magistrum
663 2208 824 2253 habuit.
872 2211 916 2253 in
958 2223 1085 2253 versu
1129 2215 1401 2266 pentametro
1443 2213 1580 2252 artem
1612 2207 1712 2250 huic
1752 2219 1852 2250 cum

66 2295 70 2298 '
137 2291 214 2333 illo
246 2304 515 2334 communem
546 2291 602 2333 ad
631 2293 908 2348 Propertium
941 2293 1043 2336 olim
1079 2293 1248 2335 ostendi
1280 2308 1322 2348 p.
1353 2295 1438 2335 23:
1487 2305 1603 2334 nune
1647 2289 1728 2333 hoc
1772 2290 1852 2332 ad-

139 2372 307 2425 iiciam,
340 2385 437 2414 eum
470 2373 566 2428 ipso
597 2373 774 2415 Tibullo
804 2375 1032 2416 castiorem
1077 2372 1352 2416 hexametros
1397 2374 1538 2415 nullos
1578 2376 1678 2427 post
1722 2384 1856 2425 quar-

140 2462 234 2500 tum
278 2456 527 2501 trochaeum
568 2454 984 2515 incisosposuisse.
1034 2471 1130 2501 nam
1172 2458 1372 2501 Tibullus
1415 2471 1511 2500 cum
1553 2456 1702 2513 primis
1734 2457 1856 2498 annis

141 2541 211 2582 vel
252 2539 448 2583 Lucretii
494 2544 539 2583 et
580 2540 753 2594 Virgilii
800 2553 947 2583 curam
990 2553 1199 2597 superans
1244 2553 1297 2583 ea
1338 2540 1543 2583 incisione
1587 2541 1647 2582 ita
1689 2543 1856 2583 tantum

139 2622 270 2665 modo
303 2635 404 2664 usus
437 2627 553 2665 esset
582 2623 618 2665 si
648 2623 690 2665 in
723 2623 870 2677 quinta
898 2622 1065 2666 decima
1105 2634 1256 2665 versus
1299 2635 1420 2664 mora
1463 2621 1719 2664 vocabulum
1759 2635 1857 2664 mo·-

140 2705 412 2760 nosyllabum
456 2706 711 2748 collocasset
761 2705 837 2760 (1,
881 2708 934 2759 1,
975 2709 1051 2749 71.
1104 2708 1158 2759 2,
1200 2708 1274 2748 23.
1317 2709 1394 2748 75.
1451 2707 1505 2758 4,
1545 2707 1618 2748 61.
1662 2708 1716 2758 6,
1745 2704 1856 2759 27),

141 2793 296 2844 postea
325 2785 404 2830 hac
435 2788 529 2843 ipsa
562 2787 819 2843 exceptione
846 2792 1018 2844 spreta,
1063 2787 1116 2830 ad
1160 2800 1289 2842 quam
1335 2799 1420 2830 non
1462 2787 1545 2830 nisi
1576 2786 1642 2828 bis
1674 2788 1859 2830 recurrit

142 2869 212 2922 (1,
245 2873 299 2920 9,
328 2871 401 2912 39.
444 2867 531 2922 lv,
563 2871 619 2921 2,
653 2869 761 2924 17),
798 2874 1041 2912 ceterorum
1071 2870 1272 2925 exemplo
1305 2869 1481 2924 paulum
1513 2867 1679 2911 remisit
1711 2869 1769 2923 (Ι,
1804 2872 1858 2921 9,

139 2954 214 2993 ea.
254 2951 331 3003 lv,
362 2952 505 3003 5,15.
547 2953 591 3002 8,
616 2953 660 2993 3.
700 2954 869 3005 13,13.
912 2951 970 3006 11,
1001 2955 1044 3006 3,
1079 2955 1151 2995 13.
1194 2954 1237 3005 4,
1276 2954 1345 2994 11.
1386 2955 1430 3005 5,
1466 2953 1540 2995 25.
1570 2954 1643 2995 29.
1675 2954 1749 2994 31.
1783 2955 1856 2995 87.

140 3038 183 3088 6,
213 3032 341 3089 23).”
402 3033 687 3076 Lxcxmum.

261 3203 315 3246 V.
330 3205 374 3246 8.
408 3203 562 3246 meis.
623 3202 806 3247 Videtur
830 3203 886 3247 ab
914 3210 1090 3249 auctore
1118 3203 1213 3247 tuis
1241 3205 1449 3262 scriptum
1480 3217 1590 3249 esse.
1611 3228 1670 3236 —
1713 3205 1766 3250 V.
1785 3208 1856 3249 10.

141 3282 231 3327 Pro
261 3289 466 3341 corrupto
486 3286 770 3340 Pumicet,
803 3286 918 3342 quod
954 3287 1049 3330 libri
1079 3286 1258 3342 habent,
1289 3282 1489 3333 Puccms
1521 3287 1651 3330 offert
1677 3301 1854 3343 pumex.

146 3368 209 3411 Ac
237 3368 504 3412 Huscnst
534 3383 694 3426 pumex
726 3368 800 3411 cui
833 3371 1035 3428 proponit
1071 3384 1138 3428 pr.
1174 3369 1375 3413 Pumicet
1405 3377 1474 3421 et,
1517 3371 1693 3427 optime.
