2158 3750
328 282 430 326 388
698 272 1171 328 COMMENTAR.
1209 273 1284 324 IN
1322 273 1612 326 TIBULLI

330 420 557 472 dei-averit,
589 419 749 460 sentiat
779 430 959 460 necesse
991 421 1058 460 est
1084 417 1326 472 imperfecti
1357 429 1464 471 opus
1496 420 1573 458 nos
1605 421 1767 469 tenere,
1798 426 1881 458 non
1914 418 2025 459 clas--

326 504 403 544 sici
437 507 601 557 poetae.
664 500 822 543 Dicunt
854 501 1107 552 ScAmGnR,
1144 501 1364 551 mems,
1399 499 1666 541 Huscnxms
1698 498 2025 555 intadolescqn-

329 587 384 626 tia
417 585 458 626 id
502 585 670 626 Albium
700 584 870 626 fecisse.
933 584 991 625 At
1034 585 1146 625 enim
1191 585 1400 638 scriptum
1442 590 1562 626 certe
1595 589 1662 626 est
1694 589 1791 640 post
1819 584 1969 626 innam
1995 593 2027 626 ι

328 670 514 712 Messala
562 669 830 711 consulatum
876 679 973 710 ann.
1006 670 1107 709 723.
1153 680 1238 722 quo
1270 680 1381 708 anno
1423 667 1552 709 etiam
1590 667 1728 723 prima
1759 667 1900 721 elegia
1930 647 2042 714 libri..

326 751 451 807 primi
494 750 680 805 scripta,
727 761 853 803 quam
898 753 1049 791 secuta
1091 753 1158 791 est
1201 762 1298 791 ann.
1340 752 1446 792 725.
1490 750 1618 791 tertia
1672 750 1875 792 eiusdem
1901 735 2026 792 ituri.

327 836 376 877 ln
413 833 476 877 his
520 841 664 877 autem
709 833 967 876 carminibus
1013 846 1110 876 cum
1154 847 1320 876 summa
1365 834 1426 876 vis
1469 837 1515 876 et
1554 834 1689 876 virtus
1729 814 1891 875 Tibulli
1923 824 2027 884 coll-

325 917 555 972 spiciatur‚
620 916 836 970 quomodo
890 916 1008 958 credi
1058 921 1201 972 potest
1242 916 1394 959 eodem
1443 916 1640 972 tempore
1693 921 1780 959 tam
1824 916 2030 959 dissimile

324 1014 432 1056 opus
478 1001 531 1041 ab
574 1013 627 1041 eo
674 987 995 1054 compositum?
1058 1001 1200 1053 Atque
1245 1000 1411 1041 etiamsi
1441 1000 1536 1042 fieri
1571 1003 1744 1055 posset,
1789 999 1905 1053 quod
1936 999 2042 1054 fieri,

323 1083 495 1136 nequit,
529 1087 575 1123 ut
606 1083 770 1135 aliquot
807 1083 927 1123 annis
959 1081 1077 1135 prius
1109 1085 1345 1135 poneretur
1375 1082 1608 1136 scriptum,
1650 1095 1721 1125 res
1753 1082 1904 1124 eadem
1934 1074 2028 1124 ma*-

329 1174 477 1211 neret:
525 1169 727 1222 egregius
763 1167 831 1208 hic
874 1170 1007 1221 poeta
1052 1166 1181 1207 etiam
1225 1166 1267 1206 iu
1305 1165 1598 1208 adolescentia
1629 1180 1712 1208 non
1744 1169 1886 1221 potuit
1923 1167 2027 1209 haec

328 1266 510 1306 canere,
556 1266 638 1294 uon
674 1251 838 1306 potuit,
881 1249 1082 1303 inquam,
1130 1249 1201 1302 qui
1235 1261 1448 1302 generosa
1489 1249 1618 1291 animi
1662 1233 2028 1305 indole‚‘vigore

326 1338 574 1389 affectuum,
607 1335 823 1390 elegantia
847 1334 1007 1387 iudicii,
1040 1338 1133 1375 arte
1166 1333 1507 1388 compositionis,
1536 1333 1792 1375 elocutionis
1818 1333 2030 1388 dignitate

325 1425 370 1462 et
398 1420 674 1475 simplicitate
708 1433 734 1461 a
765 1418 1059 1472 mythologico
1091 1418 1264 1472 alioque
1294 1417 1411 1459 inani
1446 1422 1599 1460 ornatu
1630 1417 1769 1460 aliena
1801 1408 2029 1474 tantopere

327 1503 485 1545 eminet
527 1503 639 1544 inter
683 1503 923 1555 elegiacos,
971 1500 1224 1543 adolescens
1269 1499 1555 1543 adulatorium
1601 1505 1645 1543 et
1685 1514 1824 1556 paene
1848 1502 2026 1555 servile,

324 1585 540 1636 ieiunum,
589 1586 782 1638 ineptum
825 1582 1047 1637 ingenium
1089 1580 1262 1625 habere.
1339 1585 1488 1628 Quare
1532 1584 1660 1626 etiam
1705 1585 1898 1627 Vossms
1927 1583 2047 1641 'non-

325 1668 562 1710 audiendus
612 1673 676 1709 est
732 1680 911 1709 censens
963 1667 1147 1708 fortasse
1200 1663 1397 1707 noluisse
1450 1671 1624 1722 poetam
1670 1668 1798 1710 aliter
1842 1661 2029 1710 scrib'ere

324 1765 452 1806 quam
486 1750 552 1792 hic
584 1750 769 1802 factum,
816 1763 902 1803 quo
934 1749 1037 1792 nihil
1069 1750 1158 1804 legi
1190 1750 1328 1804 magis
1362 1749 1470 1792 mire
1507 1749 1680 1793 dictum.
1752 1751 1816 1794 Ac
1847 1752 1902 1793 ne
1934 1761 2030 1794 esse

323 1833 496 1888 quidem
530 1834 687 1875 malum
719 1845 888 1874 carmen
922 1833 1099 1885 iudicat,
1131 1833 1206 1874 sed
1240 1833 1350 1875 bene
1378 1838 1662 1888 temperatum
1693 1834 1831 1876 laudis
1862 1835 2030 1888 magni-

326 1919 498 1962 ficentia
531 1922 575 1959 et
605 1916 842 1958 modestiae
876 1916 1167 1971 simplicitate,
1200 1917 1263 1958 sic
1301 1916 1471 1957 scilicet
1501 1917 1721 1971 appellans
1753 1930 1866 1971 quae
1897 1930 2025 1974 supra

326 2002 382 2044 ob
415 2002 563 2043 oculos
594 1999 813 2055 posuimus
846 1999 1014 2040 lectori.
1079 2000 1255 2043 Quanto
1287 1999 1443 2040 melius
1475 1998 1756 2052 Huscnxms,
1787 2000 1860 2054 qui
1891 1992 2028 2042 inter-

322 2084 470 2140 polata
501 2081 711 2137 quaedam
740 2081 886 2123 dicere
919 2072 1107 2122 malebat
1140 2080 1307 2132 inesse,
1342 2083 1390 2120 ut
1422 2092 1488 2122 vv.
1523 2083 1611 2122 197
1621 2083 1784 2134 -203.,
1818 2083 1871 2124 ne'
1902 2082 2026 2124 nimis

329 2167 505 2222 indigna
535 2167 826 2209 tribuerentur
855 2165 1048 2206 Tibullo.
1109 2164 1198 2207 Sed
1233 2168 1382 2206 contra
1419 2165 1621 2207 Vossnm
1651 2170 1922 2220 ceterosque,
1941 2169 2027 2222 *qui

321 2250 542 2293 Tibullum
587 2253 811 2291 auctorem
854 2245 1038 2297 habent,
1086 2245 1320 2300 disputavit
1367 2247 1497 2289 etiam
1543 2246 1749 2289 BAcmth
1790 2249 2027 2293 verissime.

324 2331 481 2386 Neque
525 2345 577 2373 ea
616 2344 686 2373 res
729 2329 875 2373 dubia.
940 2328 1253 2371 Abiudicarunt
1285 2328 1447 2372 dudum
1481 2328 1658 2372 Tibullo
1688 2342 1860 2375 carmen
1892 2331 2027 2375 Hur-

320 2429 451 2468 Nms,
496 2415 930 2457 Mrrscfflmmcnms
965 2413 1017 2455 ad
1052 2413 1206 2456 Horat.
1239 2413 1319 2466 111,
1350 2416 1424 2468 25,
1453 2428 1497 2470 p.
1532 2416 1666 2468 245„
1712 2409 2026 2457 Emissa-amus

320 2499 364 2540 in
394 2499 722 2552 Programmate
754 2497 925 2539 lenensi
967 2511 1065 2539 ann.
1099 2501 1257 2551 1806.,
1306 2498 1394 2540 iam
1435 2511 1565 2554 supra
1605 2496 1805 2552 laudato,
1839 2480 2024 2553 aliique.

323 2583 386 2624 Ac
423 2581 639 2623 Hermus
682 2581 895 2635 originem
926 2582 1017 2623 eius
1058 2581 1122 2624 his
1165 2582 1306 2624 verbis
1351 2581 1572 2638 explicat!
1613 2582 1778 2636 „Plura
1809 2579 2026 2636 habemus*

322 2663 563 2706 huiusmodi
607 2663 822 2717 carmina,
868 2663 1042 2705 serioris
1085 2664 1238 2704 aetatis
1285 2663 1424 2715 fetus,
1470 2664 1624 2718 quibus
1661 2663 1834 2726 poetica
1857 2675 1935 2717 prs
1967 2662 2023 2704 ad

323 2746 560 2789 rhetoricas
603 2747 1007 2802 praeceptiunculus
1050 2735 1245 2788 rerocari
1289 2747 1450 2802 coepit.
1523 2727 1913 2793 Quod'autemtn
1945 2746 2024 2790 de-

321 2829 646 2872 clamationibus
678 2829 821 2871 facere
865 2828 1068 2870 solebant
1107 2832 1155 2870 ut
1194 2827 1340 2870 nobile
1386 2842 1442 2871 ex
1481 2833 1631 2871 vetere
1662 2827 1839 2871 historia
1868 2814 2024 2872 nomen

321 2916 365 2953 et
395 2911 554 2954 factum
587 2915 901 2968 proponerent,
942 2911 985 2953 in
1028 2924 1115 2966 quo
1146 2913 1332 2955 iuvenile
1363 2914 1588 2967 ingenium
1618 2913 1924 2956 controversiis
1940 2900 2027 2956 *fo-⁴

318 2996 515 3037 rensibus
557 2995 859 3051 praeluderet,
902 2995 1016 3038 idem
1060 2997 1298 3039 instituisse
1344 2998 1545 3039 videntur
1586 2996 1782 3051 magistri
1814 2996 2022 3051 poetices,

330 3082 380 3117 ut
415 3090 470 3118 ex
503 3081 677 3129 vetere,
723 3079 954 3130 Augusteo
985 3077 1202 3133 inprimis,
1248 3081 1422 3121 saeculo
1455 3080 1675 3122 materiem
1707 3079 2026 3121 exercitationis

324 3165 521 3215 peterent
560 3173 748 3214 suaeque
788 3163 1109 3218 praeceptionis
1153 3164 1351 3219 exempla
1388 3166 1691 3219 proponerent.
1750 3161 1800 3203 In
1833 3151 2024 3203 AN'rno-

318 3256 460 3285 Louu
491 3244 675 3286 Ls'riNA
709 3245 830 3299 plura
863 3246 1053 3287 carmina
1083 3251 1340 3298 occurrunt,
1374 3258 1488 3300 quae
1521 3246 1564 3287 in
1599 3243 1709 3286 hunc
1742 3254 1917 3285 censum
1949 3254 2022 3284 re-

317 3324 494 3367 ferenda
526 3329 624 3367 sunt
655 3330 702 3367 ut
732 3325 815 3367 iam
848 3325 901 3367 ad
935 3325 1161 3369 Catalecta
1193 3328 1407 3372 Vmfflmr
1450 3328 1707 3371 monuimus.
1767 3326 1880 3367 Sunt
1910 3337 2021 3367 non-

323 3408 439 3451 nulla
468 3420 522 3450 ex
554 3408 605 3451 iis
636 3409 678 3452 in
712 3409 866 3464 quibus
898 3410 1057 3466 ingenii
1091 3425 1197 3455 vena
1230 3417 1297 3455 est
1328 3425 1412 3455 non
1447 3412 1654 3464 obscura,
1699 3410 1781 3453 alia
1814 3410 2018 3453 orationis
