2086 3756
890 184 1195 252 TIBULLI.
1567 167 1569 169 ι
1762 218 1890 250 inx

183 340 379 392 formas
427 341 511 392 hic
561 343 792 411 explic0,
847 360 956 393 non
1008 344 1247 394 aliorum.
1330 342 1473 393 Haec
1510 343 1775 394 hactenus.
1810 370 1883 381 —

179 437 305 488 Post
353 438 628 490 exordium
661 439 718 488 in
768 441 926 489 media
973 441 1120 504 elegia
1165 439 1320 490 latius
1372 436 1688 489 diffunditur
1728 456 1881 503 argu-

179 545 415 585 mentum
450 545 503 585 et
533 533 700 584 fusius
747 535 1009 586 evolvitur
1056 537 1136 588 vis
1186 553 1365 587 rerum
1415 536 1646 587 animum
1693 535 1880 602 impel-

176 631 420 694 lentium3
457 648 580 681 nam
614 630 737 682 huic
772 631 914 697 parti
947 632 1225 682 illustratio
1262 633 1504 683 thematis
1513 669 1528 696 ,
1561 632 1616 682 in
1655 629 1878 682 exordio

176 723 320 791 quod
355 723 579 791 prodiit,
626 726 860 794 propria.
943 727 1043 778 Hic
1078 728 1236 792 igitur
1269 730 1445 779 locum
1481 729 1678 779 habent
1712 719 1880 796 expli-

172 820 415 884 cationes,
449 823 792 888 narrationes,
821 821 1194 890 descriptiones
1222 825 1526 876 uberiores:
1561 824 1699 875 redit
1721 835 1878 892 poeta

171 913 239 965 ad
269 932 447 966 causas
479 918 770 981 malorum,
807 936 941 987 quae
983 935 1104 969 eum
1141 929 1328 985 urgent
1369 930 1420 970 et
1457 931 1663 971 accusat
1698 931 1877 972 aucto-

169 1026 283 1075 res,
334 1022 426 1062 aut
473 1010 706 1082 depingit
748 1015 1049 1067 felicitatem
1065 1053 1079 1079 ,
1128 1015 1275 1067 cuius
1314 1032 1471 1066 sensu
1504 1017 1591 1067 vel
1625 1016 1876 1080 imagina-

166 1105 310 1156 tione
347 1106 601 1173 afficitur,
650 1118 742 1160 aut
774 1108 957 1161 laudes
978 1111 1254 1162 'factorum
1288 1110 1652 1178 persequitur,
1698 1126 1875 1177 perse-

168 1199 349 1267 quitur
394 1220 576 1269 preces
626 1202 852 1255 deorum
901 1215 951 1256 et
998 1215 1138 1257 vota·
1168 1196 1319 1256 initio
1370 1215 1552 1272 coepta
1599 1207 1686 1256 vel
1737 1223 1873 1255 nun·

165 1295 312 1363 tiata,
349 1298 474 1350 alias
508 1299 754 1351 hortatur
787 1303 1016 1368 puellam
1054 1312 1144 1352 aut
1181 1302 1443 1367 obiurgat,
1479 1300 1741 1364 irascitur,
1775 1300 1873 1350 mi-

164 1402 335 1456 natur,
367 1395 512 1444 lenas
550 1392 866 1446 detestatur:
900 1413 969 1445 ne
1007 1398 1188 1460 mul-ta,
1223 1397 1311 1447 hic
1346 1398 1614 1463 praeclara
1650 1397 1873 1448 varietas

165 1488 446 1539 affectuum
492 1498 544 1538 et
579 1490 793 1539 ubertas
842 1506 1020 1540 rerum
1068 1490 1392 1554 felicissima,
1441 1491 1526 1540 hic
1562 1499 1670 1540 tota
1706 1490 1871 1540 virtus

162 1591 346 1647 poetae
384 1599 439 1632 se
474 1591 647 1648 potest
683 1583 957 1635 ostendere
995 1595 1047 1635 et
1082 1583 1310 1637 ostendit
1340 1602 1414 1636 se.
1485 1583 1590 1635 Sed
1616 1582 1874 1635 desiderat

160 1678 294 1728 haec
333 1697 456 1746 pars
501 1680 794 1746 longiorem
847 1681 1280 1749 disputationem3
1334 1700 1497 1751 quare
1533 1682 1765 1748 primum
1803 1679 1871 1731 ad

163 1774 363 1826 exitum
395 1777 591 1827 horum
628 1777 918 1828 carminum
957 1775 1358 1829 describendum
1392 1795 1699 1846 pergamus,
1747 1795 1869 1844 per-

158 1872 430 1923 tractaturi
475 1870 663 1938 deinde
713 1872 1038 1925 commodius
1094 1891 1229 1941 quae
1285 1891 1427 1924 nunc
1473 1872 1743 1924 mittimus.
1798 1902 1870 1912 —-

158 1970 327 2020 Eunus
362 1971 591 2038 quietem
627 1972 780 2023 affert
816 1982 867 2023 et
899 1970 1212 2022 sedatiorem
1248 1972 1409 2023 animi
1443 1981 1651 2022 statum.
1723 1970 1869 2022 Exo-

158 2078 340 2120 nerata
375 2078 452 2119 est
485 2067 565 2120 vis
600 2085 807 2133 rerum,
849 2069 1041 2138 quibus
1076 2079 1256 2136 pectus
1293 2068 1612 2134 agitabatur,
1651 2069 1871 2120 cessavit

158 2164 307 2232 prior
340 2174 514 2215 motus
549 2182 828 2227 sensuum,
861 2166 1072 2233 iamque
1108 2164 1331 2217 levatior
1366 2164 1571 2215 animus
1618 2163 1684 2215 ad
1724 2173 1866 2214 tran-

161 2263 467 2329 quillitatem
500 2260 637 2312 redit
668 2264 1104 2329 qualemcunque.
1177 2259 1335 2323 Quod
1369 2260 1519 2313 vario
1555 2259 1715 2310 modo
1753 2261 1868 2310 fieri

158 2366 346 2423 potest.
414 2356 570 2407 Nunc
605 2366 764 2424 poeta
797 2356 855 2405 in
893 2374 984 2423 spe
1019 2354 1233 2420 redituS,
1269 2356 1328 2404 in
1363 2372 1457 2422 spe
1490 2354 1721 2405 melioris
1753 2356 1865 2405 for-

157 2463 316 2504 tunae
352 2453 660 2521 requiescit,
708 2471 849 2503 nune
892 2453 948 2503 in
988 2451 1406 2503 consideratione
1445 2452 1734 2503 communis
1772 2452 1866 2503 fati

156 2549 389 2612 humani,
424 2567 565 2601 nunc
596 2566 651 2599 se
686 2548 945 2599 submittit
976 2549 1143 2600 victus
1177 2548 1436 2599 voluntati
1470 2559 1687 2612 amatae,
1724 2566 1865 2600 nunc

157 2665 274 2698 cum
310 2648 553 2699 irrisione
598 2649 804 2714 puellae
849 2657 939 2704 aut
971 2644 1149 2697 rivalis
1196 2643 1415 2695 discedit
1454 2645 1687 2709 fortiter,
1738 2647 1864 2697 alias

155 2760 273 2794 cum
308 2742 459 2806 votis,
504 2741 748 2810 precibus
785 2739 852 2792 ad
888 2739 1029 2804 deOS,
1067 2738 1132 2791 ad
1170 2751 1392 2791 amatam
1427 2758 1709 2807 personam
1744 2740 1863 2792 fini-

154 2847 244 2888 tur
279 2854 487 2888 carmen
499 2838 528 2902 ,'
572 2846 663 2887 aut
697 2853 870 2904 poena
914 2835 1092 2888 divina
1129 2835 1372 2887 nuntiata
1406 2837 1586 2888 satisfit
1620 2837 1759 2901 irae,
1812 2848 1863 2887 et

154 2950 289 2999 quae
336 2941 460 2983 sunt
507 2932 607 2982 alia
655 2932 857 2983 similia.
945 2932 1018 2982 Ac
1063 2949 1324 2999 nusquam
1371 2930 1514 2984 deest
1556 2932 1862 2984 huiusmodi

154 3031 323 3082 exitus
376 3027 519 3097 apud
564 3030 862 3095 Tibullum3
932 3046 1053 3078 nam
1104 3046 1381 3095 perperam
1429 3030 1470 3079 I.
1518 3030 1588 3078 Η.
1639 3030 1858 3080 Vossius

154 3129 342 3193 elegiae
398 3125 655 3177 secundae
711 3126 836 3176 libri
875 3113 1045 3191 ‘primi
1097 3123 1291 3189 eripuit
1348 3124 1632 3188 legitimum
1683 3123 1858 3180 finem.

152 3222 348 3274 Notare
386 3242 524 3274 nunc
560 3225 776 3290 figuram
815 3232 1041 3273 mutatae
1076 3223 1358 3272 sententiae
1398 3221 1581 3286 debeo,
1620 3222 1774 3273 etiam
1803 3222 1855 3269 iu

157 3317 328 3379 exitu,
368 3328 423 3368 ut
466 3336 625 3386 supra
663 3317 787 3383 dixi,
823 3335 976 3385 saepe
1015 3328 1314 3385 usurpatam
1356 3336 1384 3367 a
1421 3318 1651 3367 Tibullo.
1723 3314 1857 3366 Vide
