2158 3750
318 306 412 350 112
702 299 1283 355 COMMENTAR.·1N
1322 288 1611 356 TIBULLI

315 451 563 487 commotus.
627 444 757 486 Ponit
800 449 941 486 autem
987 445 1169 500 primum
1213 449 1523 501 generaliorem
1556 450 1910 505 significationem
1941 453 2005 495 rei

311 528 512 583 (foedera
545 527 690 580 lecti),
730 530 820 568 tum
854 527 998 581 paullo
1029 528 1258 584 specialius
1291 535 1335 571 et
1368 530 1583 574 definitius
1614 534 1796 576 Veneris
1826 547 2005 590 compo-

310 615 465 666 sitique
497 611 648 666 capitis
680 609 838 664 gaudia
868 611 1018 655 innuit.
1081 611 1205 655 Haec
1236 617 1303 654 est
1333 612 1484 655 forma.
1517 637 1576 646 -—

395 705 397 708 ’
426 695 478 737 V.
527 697 676 736 9-46.
751 693 1000 737 Medium
1047 708 1288 739 carmen.
1359 698 1546 739 Prima
1597 711 1740 753 pars.
1804 699 2006 754 Depin-

306 781 390 835 git
431 792 672 822 amorem
714 791 867 821 suum
916 775 1225 834 insignem,
1276 782 1750 824 remuneratione
1793 781 2007 835 diguis-

305 864 524 905 simum:
567 860 702 915 quid
742 859 960 903 fecerit
1002 875 1122 905 cum
1165 869 1510 917 aegrotaret
1552 866 1742 918 Delia,
1787 867 2007 919 qualem

304 946 658 988 felicitatem
702 945 1048 1000 imaginatus
1090 947 1195 999 sit,
1243 948 1290 989 si
1339 949 1620 990 restituta
1668 947 2005 990 valetudine

305 1042 418 1070 eam
451 1041 641 1071 secum
676 1041 803 1071 rure
834 1028 1098 1083 haberet,
1131 1031 1377 1084 denique
1407 1038 1465 1073 ut
1497 1033 1670 1074 etiam
1702 1031 1880 1084 nunc,
1913 1030 2003 1072 ubi

305 1111 452 1152 alius
494 1115 714 1152 amator
754 1100 1088 1166 praelatus,
1134 1099 1425 1156 maximam
1467 1115 1518 1156 in
1562 1127 1620 1157 se
1653 1099 1757 1157 vim
1802 1113 2008 1156 habeat

302 1182 637 1254 recordati-o
670 1191 1100 1247 pulcherrimae
1131 1195 1410 1248 puellae.·
1446 1195 1559 1238 Nam
1591 1195 1634 1237 hi
1667 1200 1756 1239 tres
1785 1197 1871 1239 loci
1902 1205 2007 1239 con-

301 1278 420 1318 tinuo
454 1282 688 1331 progressu
720 1273 965 1320 cohaerent.
1902 1282 1904 1285 ’

420 1360 476 1402 V.
506 1362 534 1399 9
565 1371 626 1412 sq.
690 1357 904 1413 Incipit
937 1355 1111 1413 prima
1143 1344 1486 1415 descriptio.
1519 1382 1576 1391 ·—-
1624 1358 1868 1404 defessa.
1912 1352 2009 1405 *sio

294 1443 428 1500 sessa
468 1440 581 1483 infra
610 1439 686 1494 IV,
719 1441 760 1493 4,
806 1443 876 1484 10.
930 1443 1001 1494 11,
1043 1444 1086 1486 2.
1150 1442 1288 1485 Ovn).
1319 1442 1503 1486 Heroid.
1536 1442 1659 1497 XXI,
1691 1446 1782 1489 14.·
1824 1444 2007 1488 noum.

305 1529 446 1570 Carm.
491 1529 618 1570 SaeC.
660 1531 731 1569 63.
786 1527 1033 1582 Interprett.
1075 1527 1131 1569 ad
1174 1512 1323 1571 Au'rN.
1358 1530 1461 1571 624.
1488 1551 1548 1560 -
1595 1528 1782 1582 dicor,
1827 1533 2010 1582 constat,

302 1619 350 1656 ut
380 1617 500 1656 recte
531 1613 937 1655 WUNnuRmcmus
971 1615 1130 1654 monet.
1192 1613 1408 1654 Provocat
1445 1612 1556 1654 enim
1601 1611 1655 1654 ad
1699 1616 1882 1667 notam,
1910 1625 2008 1655 cer-

300 1701 402 1750 tam,
435 1688 716 1738 indubitatam
749 1706 854 1737 rem.
886 1715 944 1723 —-
976 1694 1141 1736 votiS.
1203 1694 1398 1737 Primum
1431 1707 1518 1736 uno
1552 1696 1724 1738 nomine
1753 1697 2008 1752 complecti-

302 1777 504 1832 tur-'quid
535 1777 710 1828 fecerit,
759 1772 861 1817 mo'x
900 1775 1216 1819 accuratiorem
1260 1776 1595 1833 descriptionem
1641 1777 1775 1820 dabit.
1807 1770 2010 1835 'Nempe

300 1864 559 1904 lustraverat
602 1861 767 1903 Deliam
812 1865 858 1902 et
899 1865 1207 1916 procuraverat
1251 1862 1414 1903 somnia
1460 1863 1578 1914 eius,
1625 1875 1720 1904 cum
1755 1863 2009 1906 lustratione

300 1960 403 1990 vero
437 1952 479 1989 et
509 1947 812 2002 procuratione
846 1937 971 1987 simul
1003 1949 1104 1986 vota
1137 1957 1235 1987 eum
1267 1950 1371 2000 puta
1402 1954 1686 2002 nuncupasse,
1727 1947 1819 1989 sine
1852 1941 2008 2002 quibus

299 2043 396 2073 cum
442 2030 526 2072 vim
572 2042 655 2071 non
701 2027 950 2070 habuissent
990 2028 1052 2070 illi
1093 2029 1227 2080 ritus,
1273 2029 1392 2071 vides
1439 2042 1517 2072 cur
1559 2018 1672 2072 votis
1715 2030 1889 2073 licuerit
1927 2030 2004 2073 de-

299 2113 470 2167 signare
502 2116 651 2154 totum.
729 2110 933 2152 Ceterum
965 2111 1009 2152 in
1040 2111 1168 2152 simili
1205 2118 1334 2153 causa
1366 2112 1606 2154 Pnomm.
1628 2112 1695 2166 Ἡ,
1724 2116 1768 2166 9,
1798 2118 1872 2156 25.
1903 2119 2006 2157 vota

299 2196 431 2236 iactat
459 2197 660 2248 suscepta
691 2205 769 2248 pro
802 2190 1017 2246 Cynthiae
1048 2192 1201 2244 salute,
1232 2205 1283 2235 ac
1311 2179 1481 2235 constat
1515 2195 1786 2238 multis¹aliis
1820 2196 2006 2252 scripto-

298 2282 391 2317 rum
425 2275 531 2316 locis
573 2278 617 2316 et
655 2273 1012 2328 inscriptionibus
1038 2273 1238 2326 antiquis·
1260 2274 1304 2316 in
1336 2275 1496 2316 morbis
1529 2288 1608 2331 pro
1643 2289 1840 2320 carorum
1882 2278 2005 2321 inco-

300 2358 494 2399 lumitate
538 2359 639 2398 vota
680 2355 842 2411 suscipi
884 2355 1035 2408 solita,
1077 2355 1132 2397 de
1172 2367 1257 2408 qua
1299 2368 1346 2398 re
1389 2356 1500 2399 dixit
1542 2357 1915 2403 Bnoncxmssurs.
1945 2377 2006 2393 -·

299 2443 351 2485 V.
370 2444 421 2483 11
443 2454 506 2495 sq.
538 2440 800 2495 Ipseque.
834 2440 923 2482 Per
951 2440 1151 2495 copulam
1183 2440 1351 2482 orditur
1380 2420 1713 2498 explicationem
1740 2444 2004 2499 singularum

299 2535 488 2578 rerum,
520 2524 573 2566 cf.
608 2523 662 2566 ad
693 2523 729 2577 I,
760 2527 802 2577 6,
836 2527 908 2566 69.
940 2527 983 2576 9,
1017 2527 1085 2567 13.
1130 2528 1175 2566 et
1219 2524 1329 2567 adde
1360 2538 1492 2582 supra
1532 2526 1569 2576 I,
1602 2529 1644 2580 4,
1674 2529 1776 2581 41.,
1819 2527 2003 2572 similem

300 2609 523 2650 transitum
566 2618 646 2662 per
685 2619 788 2648 neu.
831 2628 888 2637 -
951 2606 1061 2648 Mox
1109 2607 1340 2661 circum,
1387 2609 1642 2652 circumiens
1686 2623 1784 2654 cum
1817 2611 2001 2655 sulfure.

298 2692 544 2733 Pronomen
586 2694 640 2733 te
676 2689 897 2733 codicibus
936 2690 1281 2733 commendatum
1322 2692 1452 2734 etiam
1484 2698 1715 2748 propterea
1745 2707 1892 2737 verum
1924 2693 2003 2738 ha·-

298 2774 408 2828 beo,
453 2774 552 2829 quia
585 2781 655 2814 ter
684 2774 836 2816 melius
866 2774 1012 2829 paullo
1048 2778 1149 2829 post
1179 2767 1348 2817 dicitur.
1412 2775 1525 2818 Nam
1571 2774 1641 2819 hic
1674 2777 1846 2831 quidem
1879 2791 2002 2821 com-

298 2856 425 2899 mode
467 2838 609 2900 omitti
653 2858 820 2913 potuit,
861 2858 962 2911 quia
995 2869 1090 2913 per‘
1115 2871 1163 2901 se
1202 2859 1483 2914 intelligitur,
1532 2860 1743 2915 siquidem
1783 2872 1839 2904 ex
1875 2855 2001 2906 more

296 2942 381 2983 ritu
421 2954 508 2984 uno
551 2941 799 2983 continuato
843 2940 1224 3006 circumferebatur
1267 2947 1335 2985 ter
1379 2942 1516 2984 sulfur
1557 2944 1602 2985 iu
1641 2944 1910 2988 lustratione.
1941 2968 2000 2976 —

298 3036 468 3077 puro,
501 3022 747 3078 purgationi
776 3025 902 3077 apt0,
934 3028 1160 3078 purgante.
1223 3026 1384 3068 Graeci
1420 3029 1543 3067 θεῖον
1577 3023 1777 3084 καθαρόν
1805 3027 2001 3072 Similiter

299 3106 470 3159 dicunt,
516 3111 565 3147 ut
606 3105 868 3147 Tnssocmm.
899 3105 1065 3159 XXIV,
1111 3110 1185 3151 94.
1249 3107 1453 3151 Ceterum
1500 3108 1594 3151 vide
1640 3109 1695 3151 d'e
1736 3109 1998 3153 lustrationis

299 3190 466 3231 ratione
513 3188 567 3230 ad
610 3188 646 3242 1,
681 3191 724 3240 2,
767 3191 838 3230 63.
883 3196 927 3231 et
969 3190 1083 3234 adde
1125 3191 1293 3235 Hssms.
1338 3192 1392 3234 ad
1440 3192 1567 3235 ovid.
1612 3191 1731 3235 Fast.
1775 3192 1852 3245 lv,
1895 3194 1997 3235 740.

301 3271 482 3314 MEURS.
514 3271 725 3313 Exercitt.
764 3271 887 3313 Critt.
919 3273 972 3315 P.
1002 3272 1059 3317 II.
1093 3287 1131 3316 c.
1165 3277 1235 3316 17.
1267 3298 1325 3305 -
1376 3273 1826 3330 praecinuisset.
1886 3274 1998 3316 Pro-

300 3354 392 3409 pria
422 3365 507 3395 vox
539 3352 594 3395 de
621 3352 984 3396 incantationibus
1015 3356 1056 3397 in
1088 3356 1248 3400 morbis
1279 3356 1507 3410 adhibitis,
1539 3355 1651 3398 unde
1683 3352 1998 3411 praecantrices

302 3436 440 3477 dietae
483 3448 627 3490 sagae.
689 3435 801 3479 Vide
832 3436 1051 3481 laudatum
1083 3452 1108 3481 a
1140 3439 1317 3483 Vunmo
1356 3446 1399 3484 et
1431 3435 1621 3484 Hermo
1653 3440 1921 3485 Gronovium
1953 3441 2017 3483 in'
2051 3429 2053 3433 ’

2151 2311 2158 2328 ἱ

2149 2339 2158 2370 ⁴.

2143 2378 2158 2436 ‘l
