2158 3750
310 301 414 350 114
707 295 1172 349 COMMENTAR.
1209 295 1285 347 IN
1322 295 1610 350 TIBULLI

318 443 439 495 cula,
480 442 731 484 feminarum
774 440 990 482 intusium.
1066 438 1270 482 Ceterum
1312 438 1515 482 Tibullus
1561 437 1668 483 haec
1709 447 2008 488 memorat·ut

316 531 546 581 appareat,
577 536 704 578 quam
736 522 966 577 diligenter
995 521 1289 566 observaverit
1320 522 1487 574 omnia,
1531 535 1643 576 quae
1673 523 1829 579 religio
1857 531 2010 581 postu-

318 610 391 651 lat.
422 628 480 638 —
531 605 796 658 Triviae,
842 603 1063 658 Hecatae,
1105 617 1217 660 quae
1246 605 1444 648 morbum
1475 602 1587 648 hunc
1617 609 1663 648 et
1691 593 1859 650 somnia
1889 609 2012 652 vide-

312 689 438 730 batur
469 687 652 730 misisse.
682 709 739 718 -
790 690 959 729 nocte
1001 683 1245 740 silente,
1289 675 1402 730 nunc
1444 687 1631 732 mediam
1671 695 1843 733 noctem
1885 691 2014 734 intel-

311 771 414 825 lige.
446 793 506 802 -—
535 771 684 814 Vota
713 781 906 813 novem
937 769 1094 824 dedi,
1125 783 1278 813 novem
1308 783 1486 813 munera
1515 770 1698 814 reddidi.
1759 772 1870 816 Cum
1901 774 2015 818 enim

311 854 483 896 Hecate
514 852 720 896 triformis
751 857 868 896 esset
899 852 1070 908 (Luna,
1102 852 1264 907 Diana,
1295 853 1582 910 Proserpina)
1611 858 1679 897 ter
1704 854 1788 897 tria
1818 857 2016 911 promisit

313 941 359 979 et
400 936 542 990 dedit,
587 940 767 979 notante
808 937 936 978 etiam
978 935 1157 978 Vunmo
1201 939 1246 978 et
1284 935 1465 979 Vossro.
1525 935 1684 978 Oblata
1723 941 1867 980 autem
1909 935 2014 982 baec

310 1025 458 1064 censet
488 1020 706 1064 Hnnzms
737 1033 823 1063 non
852 1033 938 1063 una
970 1020 1111 1063 omnia
1145 1024 1296 1072 nocte,
1336 1018 1414 1062 sed
1445 1033 1600 1061 novem
1628 1017 1860 1068 noctibus,
1897 1019 2015 1075 quod

240 1140 248 1148 .
311 1119 475 1161 verum.
513 1128 572 1137 --
617 1105 672 1148 V.
705 1108 763 1147 17
794 1116 858 1158 sq.
906 1102 1129 1155 Omnia,
1170 1103 1257 1155 ait,
1288 1101 1394 1145 haec
1423 1115 1579 1146 novem
1609 1106 1710 1146 vota
1739 1105 2014 1160 persolvi,

315 1194 517 1245 repetens
549 1200 647 1230 cum
677 1186 839 1229 affectu
870 1183 1185 1228 antecedentia.
1246 1183 1380 1226 Parat
1410 1183 1492 1225 sibi
1520 1185 1581 1227 ita
1620 1186 1746 1228 simul
1787 1187 2015 1230 transitum

311 1272 366 1315 ad
398 1270 646 1326 sequentia,
675 1274 724 1311 ut
757 1268 932 1324 saepius
961 1267 1066 1311 facit
1095 1266 1440 1323 repetitionibus.
1471 1287 1530 1300 —
1578 1266 1797 1310 fruitur
1825 1280 2014 1313 amore

308 1354 350 1398 h.
383 1368 422 1399 e.
454 1354 643 1397 fructum
673 1352 831 1395 amoris
861 1351 947 1393 mei
979 1349 1178 1407 percipit,
1216 1361 1315 1392 mea
1344 1348 1574 1392 benefacta
1603 1348 1844 1392 redduntur
1871 1351 2014 1404 alteri,

306 1442 356 1480 ut
402 1437 603 1479 observat
645 1435 970 1478 meumws
1017 1437 1167 1475 noster
1209 1431 1267 1475 ad
1311 1433 1512 1488 Propert.
1543 1432 1602 1487 11,
1634 1435 1677 1487 1,
1717 1435 1791 1476 48.
1833 1447 1876 1489 p.
1911 1436 2012 1478 100.

308 1519 486 1562 laudans
516 1519 652 1561 Ovm.
687 1516 870 1560 Heroid.
906 1515 983 1570 VI,
1013 1520 1086 1559 75.
1115 1538 1176 1548 -
1207 1515 1419 1570 utitur,
1448 1516 1680 1559 utilitatem
1710 1515 1842 1572 capit.
1883 1516 2012 1563 *Per-

306 1604 504 1660 spicuum
528 1607 594 1645 est
618 1602 686 1644 bis
714 1601 853 1657 repeti
879 1600 1058 1644 eandem
1081 1601 1339 1644 sententiam
1362 1600 1405 1642 in
1435 1600 1586 1644 dolore
1617 1605 1663 1644 et
1692 1613 1790 1644 cum
1823 1601 1878 1645 vi.
1921 1601 2010 1646 Ce-

305 1694 447 1731 terum
475 1689 634 1731 multus
664 1688 706 1729 in
738 1700 792 1729 ea
822 1687 1045 1739 Onnum,
1079 1691 1130 1728 ut
1157 1685 1340 1729 Heroid.
1372 1686 1428 1740 V,
1452 1689 1526 1729 59.
1558 1686 1636 1740 VI,
1659 1688 1732 1730 75.
1763 1686 1868 1740 XII,
1893 1688 2008 1740 174„

305 1785 402 1816 cum
434 1772 564 1816 dicit:
617 1771 738 1814 Vota
768 1784 848 1828 ego
872 1766 1164 1826 persolvam?
1195 1770 1312 1812 votis
1342 1769 1507 1812 Medea
1526 1769 1760 1828 fruetur?
1802 1776 1902 1816 aute
1943 1773 2010 1815 Et

302 1855 447 1899 nostri
483 1854 677 1914 fructus
724 1852 808 1894 illa
854 1851 1019 1896 laboris
1061 1850 1213 1896 habet.
1246 1875 1306 1884 -
1351 1853 1477 1907 ille,
1523 1851 1580 1896 cf.
1610 1853 1732 1908 adl,
1762 1857 1806 1909 2,
1835 1859 1910 1898 60.
1946 1877 2008 1891 —

305 1940 360 1983 V.
393 1943 450 1982 19
481 1952 577 1993 sqq.
640 1938 768 1981 Alia
809 1936 1214 1994 descriptione
1255 1937 1499 1993 exponit
1527 1950 1698 1994 nunc,
1739 1951 1898 1994 quam
1932 1941 2008 1985 fe-

302 2025 591 2067 licitatem
643 2022 998 2076 imaginatus
1042 2020 1145 2074 sit,
1200 2022 1246 2063 si
1292 2022 1462 2064 Delia
1511 2024 1702 2067 secum
1745 2037 1876 2069 rure
1916 2026 2007 2071 de-

302 2110 410 2160 gat.
445 2129 502 2137 —-
547 2106 629 2148 At.
690 2105 874 2148 Praeter
902 2102 1220 2158 oppositionem
1251 2101 1462 2157 particula
1491 2101 1561 2146 hIc
1595 2105 1725 2149 etiam
1755 2118 1927 2151 sensum
1958 2114 2006 2152 et

299 2191 502 2233 affectum
535 2189 696 2232 doloris
727 2188 931 2244 exprimit
960 2186 1162 2230 suaviter.
1223 2187 1419 2230 Similem
1456 2187 1812 2242 significationem
1856 2190 2003 2234 videas

298 2287 428 2330 supra
462 2286 502 2315 v.
533 2276 606 2315 38.
667 2273 808 2315 Porro
834 2271 870 2324 I,
907 2273 950 2322 9,
981 2273 1054 2313 37.
1085 2272 1158 2313 48.
1186 2270 1268 2323 ΙΙΙ,
1297 2273 1341 2323 3,
1371 2273 1445 2313 27.
1476 2292 1538 2302 —-·
1580 2271 1825 2326 fuisses,
1865 2284 2004 2326 esses,

297 2364 346 2402 ut
384 2358 571 2414 saepius.
632 2357 708 2399 Sic
739 2356 878 2398 Ovm.
910 2343 1079 2398 Amorr.
1108 2355 1188 2408 111,
1219 2358 1262 2409 8,
1292 2357 1345 2397 3:
1388 2354 1612 2413 quondam
1641 2354 1827 2414 fuerat.
1879 2357 2005 2402 Pno-

299 2457 436 2486 Pssn'r.
462 2443 541 2495 ΙΙΙ,
568 2445 641 2495 13,
671 2443 755 2484 38:
786 2455 864 2481 nec
886 2438 1069 2498 suerat.
1114 2440 1277 2484 Crcssn.
1306 2440 1363 2483 de
1393 2439 1523 2484 offic.
1547 2441 1605 2496 11,
1638 2444 1680 2487 1.
1710 2450 1822 2488 extr.
1855 2461 2001 2506 quan-

299 2533 397 2567 ium
429 2522 748 2581 superfuerat,
789 2527 836 2566 et
864 2522 946 2576 1113
975 2525 1050 2575 21,
1079 2526 1168 2565 822
1213 2522 1334 2581 quod
1361 2522 1545 2582 fuerat.
1604 2525 1718 2571 Add.
1759 2528 1820 2571 ibi
1863 2530 1999 2576 ΕΜ».

296 2608 528 2650 Hensme.
572 2611 617 2648 et
656 2606 712 2649 cf.
747 2606 893 2650 Coun.
925 2606 1155 2651 Hausme.
1187 2608 1231 2650 in
1261 2607 1406 2651 Praef.
1436 2623 1481 2664 p.
1513 2608 1611 2653 LX.
1671 2610 1764 2655 Res
1791 2618 1906 2657 nota.
1939 2637 2000 2648 -—
2039 2631 2042 2634 ⁴

295 2691 634 2745 Fingebam,
666 2690 761 2733 sed
793 2694 1075 2734 renuente
1103 2690 1236 2744 deo,
1267 2690 1498 2744 fingebam,
1529 2691 1609 2734 sed
1638 2691 1809 2738 frustra.
1870 2697 1998 2740 Diffi-

294 2775 501 2817 cultatem
531 2785 635 2816 vero
666 2785 815 2816 creare
843 2772 1014 2816 videtur
1042 2785 1083 2816 v.
1114 2771 1370 2826 demens,
1413 2773 1482 2815 cui
1513 2773 1652 2829 primo
1682 2775 1891 2832 adspectu
1922 2792 1997 2823 re·-

294 2861 459 2912 pugnat
490 2854 605 2898 sed.
664 2856 730 2898 Ac
761 2856 1031 2898 SAR-ramus
1062 2853 1236 2909 quidem
1266 2854 1452 2898 coniecit
1481 2862 1528 2896 et
1557 2866 1770 2900 renuente
1801 2858 1904 2909 deo,
1949 2869 1998 2906 ut

292 2939 398 2983 haec
439 2952 537 2982 cum
580 2937 753 2979 clemens
791 2937 1096 2992 iungerentur,
1139 2937 1542 2980 thnmzmcnms
1575 2943 1721 2984 autem
1749 2947 1870 2986 recte
1897 2945 1996 2999 qui-

291 3023 387 3066 dem
429 3026 550 3065 tenet
589 3019 692 3067 sed,
734 3020 875 3063 minus
915 3032 1018 3062 vero
1060 3023 1163 3076 apto
1205 3020 1303 3062 loco
1343 3020 1601 3064 collocatum
1641 3026 1765 3079 putat
1805 3023 1993 3074 demens,

292 3106 408 3160 quod
450 3102 808 3160 interponendum
847 3101 981 3144 fuisse
1012 3101 1118 3144 dicit
1158 3101 1434 3146 antecedenti
1475 3105 1742 3159 sententiae,
1786 3108 1837 3150 ut
1875 3109 1994 3164 apud

290 3191 487 3231 Graecos
517 3184 678 3240 τάλας,
711 3187 923 3236 δείλαιος,
956 3187 1112 3231 Latine
1142 3186 1314 3235 malus,
1346 3187 1479 3231 miser
1505 3190 1847 3246 interponantur.
1907 3194 1993 3236 As-

287 3271 470 3314 sentitur
494 3270 716 3314 BAemus.
775 3269 866 3313 Sed
894 3282 979 3314 non
1003 3269 1346 3314 animadvertunt
1371 3274 1508 3315 totam
1539 3273 1826 3330 oppositionis
1854 3275 1992 3319 ratio-

286 3365 410 3406 nem,
456 3366 567 3407 quae
607 3351 674 3395 hic
707 3351 913 3406 babetur,
954 3366 1200 3410 repugnare
1230 3355 1303 3398 tali
1345 3355 1634 3402 collocationi.
1695 3357 1834 3402 Immo
1869 3365 1989 3404 recte

291 3435 431 3478 omnia
463 3433 634 3480 habent.
695 3434 988 3493 Imaginabar
1023 3435 1221 3496 quidem,
1251 3439 1338 3494 ait,
1379 3437 1554 3490 felicem
1584 3438 1750 3490 vitam,
1782 3449 1835 3484 ut
1865 3456 1989 3485 eram

2143 3042 2149 3061 '¹⁷
2142 3002 2149 3021 ·“
2147 2978 2153 2986 ’-
2148 2942 2150 2947 -
2138 2650 2158 2924 §kasseh-35...
2146 2615 2158 2631 ι,
2156 2591 2158 2594 .
2151 2539 2158 2546 Δ.
2151 2462 2154 2466 »
2148 2407 2158 2428 ο
