2158 3750
727 266 776 324 T
778 266 1035 325 IBULLI
1093 267 1232 326 LIB.
1268 266 1335 325 II.
1369 278 1418 326 3.
1816 269 1898 329 45

227 418 325 477 50
356 441 479 499 eg0‚
516 443 643 479 cum
668 421 977 503 aspicerem
1007 421 1315 495 dominam,
1353 445 1524 505 quam
1546 421 1770 483 fortiter
1789 423 1903 484 illic

354 530 650 587 Versarem
696 526 884 587 valido
927 529 1142 611 pingue
1186 529 1416 589 bidente
1459 528 1645 590 solum

264 633 676 715 Agricolaeque
717 634 891 693 modo
934 659 1167 696 curvum
1206 653 1450 698 sectarer
1488 652 1768 713 aratrum,

345 742 499 800 Dum
543 740 820 822 subigunt
857 742 1073 802 steriles
1115 767 1245 803 arva
1292 745 1534 806 serenda
1575 745 1780 808 boves!

268 851 385 908 Nec
431 871 728 931 quererer,
777 849 935 932 quod
978 849 1065 909 sol
1109 850 1348 930 graciles
1395 869 1648 913 exureret
1694 869 1879 929 artuS,

201 969 257 1012 10
353 955 629 1014 Laederet
673 971 724 1016 et
766 970 989 1016 teneras
1034 957 1264 1040 pustula
1309 974 1477 1040 rupta
1517 983 1736 1021 manus.

266 1061 426 1121 Pavit
470 1077 523 1122 et
564 1062 794 1124 Admeti
838 1078 1033 1124 tauros
1075 1064 1362 1126 formosus
1402 1065 1643 1149 Apollo,

348 1171 467 1231 Nec
506 1171 723 1233 cithara
769 1172 1029 1234 intonsae
1073 1173 1482 1257 profueruntve
1524 1199 1751 1254 comae,

266 1279 384 1339 Nec
427 1281 613 1362 potuit
660 1305 824 1342 curas
867 1305 1069 1342 sanare
1115 1281 1442 1342 salubribus
1488 1282 1714 1344 herbis:

358 1387 654 1472 Quicquid
699 1405 816 1450 erat
855 1390 1108 1450 medicae
1147 1390 1358 1450 vicerat
1397 1392 1532 1451 artis
1580 1416 1755 1453 amor.

262 1497 390 1577 Ipse
436 1495 576 1556 deus
622 1495 821 1557 solitus
867 1496 1105 1558 stabulis
1150 1497 1424 1580 expellere
1463 1523 1660 1560 vaccas

266 1678 338 1738 Et
381 1679 616 1740 miscere
662 1703 811 1740 novo
858 1680 1121 1741 docuisse
1169 1681 1408 1764 coagula
1448 1683 1624 1757 lacte,

326 1789 566 1848 Lacteus
608 1803 662 1848 et
703 1789 908 1848 mixtus
948 1789 1268 1871 obriguisse
1313 1790 1518 1875 liquor.

207 1897 423 1955 15Tum
464 1894 675 1956 fiscella
721 1896 825 1956 levi
872 1897 1092 1958 detexta
1137 1913 1221 1959 est
1257 1899 1465 1960 vimine
1509 1901 1694 1972 iunci,

352 2005 617 2087 Raraque
661 2027 767 2087 per
808 2027 986 2066 nexus
1024 2021 1107 2066 est
1154 2007 1243 2066 via
1280 2007 1430 2067 facta
1473 2031 1616 2068 sero.

270 2111 323 2170 Ο
371 2112 633 2194 quotiens
677 2112 775 2173 illo
819 2112 1054 2174 vitulum
1103 2129 1356 2195 gestante
1399 2139 1503 2199 per
1548 2139 1716 2197 agros

354 2220 582 2280 Dicitur
624 2245 928 2282 occurrens
975 2222 1271 2282 erubuisse
1312 2225 1505 2284 soror!

277 2326 330 2385 O
373 2328 634 2409 quotiens
681 2351 880 2401 ausae,
942 2344 1166 2388 caneret
1208 2330 1345 2389 dum
1391 2330 1531 2390 valle
1576 2330 1684 2390 sub
1730 2330 1870 2405 alta,

208 2453 266 2495 20
366 2437 652 2518 Rumpere
697 2436 918 2516 mugitu
965 2437 1217 2496 carmina
1264 2437 1428 2498 docta
1474 2439 1678 2499 boves!

280 2546 461 2627 Saepe
500 2543 673 2604 duces
718 2544 956 2627 trepidis
998 2545 1207 2627 petiere
1254 2546 1485 2606 oracula
1521 2547 1723 2621 rebus,

358 2652 525 2714 Venit
568 2667 619 2712 et
660 2676 691 2712 a
731 2652 953 2735 templis
998 2652 1156 2713 irrita
1197 2654 1366 2714 turba
1411 2654 1677 2714 domum:

325 2852 442 2894 v.5.
484 2851 604 2894 Male
651 2853 723 2895 atii
759 2851 878 2896 dum.
908 2875 966 2883 -
1029 2852 1349 2908 aspicerem
1394 2852 1690 2896 dominam.
1768 2851 1914 2907 Vulgo

207 2935 375 2975 incerto
409 2938 586 2975 auctore
617 2932 836 2974 dominam
865 2933 1151 2990 adspicerem.

325 3029 472 3071 V.10.
513 3033 582 3071 et.
644 3029 790 3083 Vulgo
822 3037 906 3070 aut
945 3029 1044 3072 inde
1078 3030 1132 3071 ab
1168 3031 1297 3071 Anno
1331 3033 1465 3074 1515.
1493 3053 1554 3062 —
1624 3030 1735 3074 Post
1778 3044 1817 3075 v.
1838 3034 1909 3076 14.

206 3111 339 3164 vulgo
371 3111 628 3152 omittuntur
663 3108 702 3152 hi
739 3115 853 3153 tres:
901 3111 1032 3167 Ipse
1073 3112 1211 3153 deus
1252 3116 1363 3164 cet.‚
1404 3112 1474 3154 Et
1514 3113 1762 3155 miscere
1801 3127 1911 3169 sqq„

206 3193 456 3235 Lacteus
485 3206 578 3246 sqq.
601 3215 661 3224 —
723 3192 775 3234 V.
798 3195 865 3235 19.
900 3192 1045 3247 dum,
1075 3198 1208 3236 recte.
1273 3193 1404 3239 Quod
1433 3193 1676 3248 HEYNms,
1705 3195 1912 3249 Vossms,

208 3274 412 3316 Bicmus
468 3274 764 3329 praetulerunt
823 3290 989 3332 quum,
1056 3280 1312 3332 spreverunt
1365 3281 1485 3320 recte
1526 3290 1637 3335 *cum
1690 3277 1763 3320 atii
1818 3282 1907 3320 tum

207 3357 485 3399 Huscmcms.
