2158 3750
338 281 440 325 320
724 270 1195 322 COMMENTAR.
1232 270 1306 319 IN
1344 270 1630 321 TlBULLI

336 416 468 462 credo
506 420 606 457 tunc
638 414 768 455 etiam
800 412 842 454 in
876 411 1033 455 ceteris
1064 411 1259 467 partibus
1290 409 1464 454 chartae
1495 413 1532 454 si
1568 412 1670 466 quid
1701 415 1848 470 asperi
1873 415 2034 472 depre-

336 501 626 550 hendebatur,
673 496 946 550 laevigabat,
991 499 1222 550 antequam
1261 496 1593 538 convolveretur
1631 497 1742 539 liber
1780 501 1826 540 et
1867 499 2036 554 reliqua

337 585 587 625 ornamenta
628 579 860 634 acciperet.
919 577 1052 620 Patet
1082 589 1186 618 vero
1219 575 1485 631 probandam
1525 578 1777 633 palmariam
1815 580 2038 622 coniectu-

335 679 428 708 ram
449 664 703 706 Huscmffl:
730 675 896 717 pumex
929 659 1016 703 cui.
1077 660 1282 702 Ceterum
1314 659 1429 701 conf.
1459 660 1664 703 Carum..
1695 661 1732 714 I,
1762 663 1805 704 2.
1834 683 1893 692 ——
1923 661 2036 704 Per-

336 747 426 801 git:
469 752 515 786 et
560 744 718 785 littera
751 742 894 802 facta
920 750 1167 798 praetexat
1199 756 1374 784 samma
1405 740 1614 801 fastigia
1643 742 1846 785 chartae.
1904 744 2039 787 HRY-

334 841 441 871 mus
473 828 516 870 in
547 832 743 870 extrema
786 839 864 869 ora
905 828 1183 870 membranae
1225 827 1434 883 scriptum
1477 827 1647 869 titulum
1690 832 1853 871 censet.
1914 828 2037 872 Malo

335 922 442 953 vero
472 923 571 952 cum
603 910 912 952 Scnwuvrzro
939 913 983 951 et
1014 909 1049 952 I.
1075 909 1133 951 H.
1165 909 1328 953 Vossm
1359 906 1609 951 schedulam
1637 910 1880 963 intelligere
1910 922 2041 965 prae-

335 992 468 1034 fixam
512 1004 616 1034 orae
659 990 835 1034 chartae
871 1003 1143 1047 papyraceae
1181 989 1433 1044 inscriptam
1471 991 1637 1034 literis:
1682 990 1900 1046 Lygdami
1932 989 2042 1033 Ele-

335 1075 461 1129 gine,
504 1079 553 1116 ut
584 1073 667 1116 hoc
700 1086 856 1129 ponam
888 1085 1071 1125 nomen,
1118 1084 1218 1113 nam
1251 1071 1368 1112 aliud
1399 1071 1480 1113 fuit
1510 1077 1681 1128 poetae.
1742 1072 1869 1116 Conf.
1900 1073 2041 1117 Ovm.

336 1156 479 1212 Epist.
513 1169 569 1198 ex
599 1157 743 1199 Ponto
773 1155 851 1207 lv,
884 1156 956 1206 13,
987 1156 1015 1195 7
1030 1167 1042 1195 e
1087 1153 1192 1207 Ipse
1222 1165 1398 1208 quoque
1438 1159 1492 1192 ut
1531 1152 1719 1194 chartae
1757 1152 1945 1195 titulum
1989 1151 2043 1193 de

326 1237 490 1296 fronte
532 1237 748 1285 revellas,
797 1235 931 1294 Quod
968 1235 1032 1277 sit
1075 1249 1186 1291 opus
1228 1233 1380 1276 videor
1422 1234 1565 1277 dicere
1596 1250 1728 1292 posse
1769 1243 1913 1280 tuum.
1975 1237 2042 1279 De

338 1321 493 1365 eodem
523 1320 832 1376 intelligendus
863 1324 931 1363 est
962 1321 1202 1363 Murmur..
1233 1318 1314 1372 111,
1341 1322 1387 1372 2,
1421 1321 1494 1362 11.
1524 1319 1664 1364 Ovm.
1694 1319 1829 1362 Trist.
1857 1319 1894 1372 Ι,
1927 1322 1966 1372 l,
1999 1323 2042 1362 7.

335 1404 423 1447 Hic
455 1405 608 1447 titulus
642 1406 775 1447 minio
805 1405 996 1460 scriptus
1039 1404 1260 1447 eminebat
1302 1403 1414 1446 libro
1457 1403 1502 1445 in
1543 1417 1674 1459 capsa
1713 1402 1903 1446 condito.
1961 1401 2044 1446 Est

338 1491 484 1530 autem
534 1491 852 1543 praetexat
894 1488 959 1530 sic
1002 1487 1216 1543 positum,
1265 1489 1315 1527 ut
1358 1485 1498 1528 Vmc..
1531 1486 1639 1529 Aen.
1669 1485 1746 1538 vl,
1776 1487 1829 1528 4=
1884 1483 2044 1526 littora

341 1580 506 1612 curvae
543 1577 824 1626 praetexunt
863 1583 1052 1625 puppes.
1114 1568 1258 1621 Atque
1289 1563 1396 1608 haec
1427 1565 1482 1608 de
1513 1565 1593 1611 his.
1653 1567 1794 1610 Porro
1823 1565 1936 1608 dixit
1963 1570 2044 1609 te-

342 1651 471 1694 nuis
502 1651 760 1706 chartae,
805 1666 903 1695 cum
937 1654 1029 1694 laus
1062 1658 1179 1694 esset
1208 1653 1252 1694 in
1283 1651 1493 1694 tenuitate
1522 1656 1568 1693 et
1597 1651 1826 1694 teneritate
1855 1648 2044 1693 chartae.

339 1734 450 1778 Mox
480 1736 694 1779 littera
724 1736 746 1778 f
753 1741 883 1779 acta
915 1741 982 1779 est
1013 1736 1191 1792 scripta,
1225 1741 1402 1778 notante
1427 1736 1757 1777 Bnoucrfflusm
1788 1738 1834 1777 et
1863 1734 2043 1777 Vum’lo

340 1818 622 1874 HnYNquue
665 1824 711 1863 et
753 1819 960 1872 Bmmo,
1002 1818 1079 1862 sed
1123 1819 1316 1861 innuitur
1346 1818 1473 1860 simul
1504 1830 1574 1860 ars
1606 1822 1653 1861 et
1680 1816 1904 1871 diligentia
1934 1814 2044 1857 scri-

341 1906 512 1955 pturae.
576 1901 646 1943 Cf.
679 1901 817 1944 Ovm.
850 1900 1036 1944 Heroid.
1067 1901 1122 1954 V,
1148 1903 1191 1943 2.
1239 1899 1423 1943 HonA'r.
1455 1900 1550 1942 Sat.
1579 1899 1616 1954 Ι,
1648 1903 1720 1953 10,
1753 1902 1829 1941 58.
1879 1896 2045 1939 Cxcssn.

343 1983 522 2026 Quaest.
564 1982 811 2036 Acad.1V‚
840 1986 884 2026 2.
946 1983 1145 2037 Denique
1191 1982 1247 2024 de
1290 1982 1576 2024 collocatione
1619 1981 1770 2025 horum
1811 1979 2043 2024 verborum
2119 1987 2153 2053 ⁸:

342 2071 443 2119 post
474 2070 531 2106 ut
562 2064 618 2108 cf.
650 2065 707 2107 ad
736 2065 774 2118 I,
806 2067 846 2116 1,
881 2067 952 2106 18.
985 2067 1030 2116 5,
1071 2067 1142 2106 13.
1203 2063 1435 2105 Postremo
1466 2069 1614 2106 tuum
1643 2076 1792 2107 verum
1822 2061 2044 2113 habemuS,

342 2153 392 2190 ut
439 2148 594 2191 vidisti.
676 2148 1002 2191 LAcnuimws
1051 2151 1202 2190 noster
1247 2146 1364 2201 quod
1413 2147 1599 2189 coniecit
1638 2161 1780 2203 puer,
1828 2145 2046 2202 displicet.
2122 2165 2153 2204 rs

341 2230 443 2273 Non
487 2231 598 2273 bene
643 2228 726 2272 hoc
774 2243 932 2272 nomen
974 2230 1086 2272 inter
1129 2228 1262 2270 baec:
1309 2229 1574 2272 involvat
1617 2229 1941 2273 membrana
1985 2250 2045 2261 —
2122 2236 2149 2261 ³

342 2327 371 2367 p
383 2313 398 2354 i
411 2325 436 2354 n
448 2326 477 2367 g
489 2327 515 2354 a
528 2326 555 2354 n
569 2318 624 2355 tu
638 2326 660 2355 r
704 2327 728 2356 c
740 2326 766 2356 o
779 2327 800 2355 r
812 2326 838 2354 n
852 2326 879 2355 u
894 2327 920 2354 a
965 2313 1255 2368 interponitur
1296 2325 1380 2355 nec
1422 2325 1501 2368 per
1546 2325 1594 2356 se
1634 2312 1703 2356 hic
1747 2318 2044 2371 exspectatur.

339 2395 558 2448 Poeticae]
573 2397 778 2438 orationis
800 2397 1018 2451 elegantia
1047 2399 1265 2453 postulat:
1289 2411 1459 2454 pumex
1490 2396 1692 2444 tondeat,
1721 2397 1880 2440 littera
1906 2412 2044 2454 prae·
2112 2391 2114 2394 ’
2149 2425 2153 2438 .

342 2483 498 2524 texat,
539 2492 650 2522 non:
697 2493 807 2535 puer
838 2483 1080 2535 praetexat.
1111 2502 1172 2510 —
1222 2479 1278 2523 V.
1315 2481 1372 2522 13
1402 2492 1468 2534 sq.
1529 2479 1711 2534 Atque
1750 2480 1908 2523 inter
1952 2492 2046 2534 ge·
2115 2501 2117 2506 ·

340 2563 519 2605 minas
562 2567 646 2606 etc.
709 2563 946 2607 Extremae
988 2577 1092 2607 orae
1132 2563 1362 2607 voluminis
1401 2563 1614 2619 impactus
1645 2566 1738 2606 erat
1766 2563 1947 2606 bacillus
1976 2566 2048 2604 te-

341 2656 438 2697 τες,
485 2646 556 2688 cui
601 2647 805 2690 volumen
852 2649 1295 2701 circumvolveretur,
1343 2647 1457 2689 unde
1501 2647 1730 2690 umbilicus
1777 2646 1918 2689 dictus
1963 2650 2045 2690 est.
2086 2638 2105 2718 δ’
2147 2628 2149 2638 ⁴

342 2726 487 2771 Huius
534 2734 679 2785 partes
723 2735 945 2773 extremae
991 2734 1213 2773 exstantes
1258 2730 1475 2784 utrimque
1518 2730 1633 2772 inter
1673 2742 1773 2772 oras
1818 2721 2047 2772 voluminie
2095 2733 2101 2741 “’
2147 2718 2153 2745 ³

344 2814 445 2851 sunt
475 2823 651 2864 cornua,
682 2825 802 2866 auro,
835 2817 1018 2867 argento
1050 2816 1127 2854 aut
1158 2811 1292 2854 ebore
1323 2812 1468 2853 ornari
1499 2812 1628 2854 solita
1658 2816 1734 2854 aut
1764 2811 1883 2867 pingi
1913 2812 2045 2855 varie.

343 2891 483 2935 Ovn).
522 2892 656 2936 Trist.
687 2895 724 2947 Ι,
759 2897 800 2947 1,
841 2898 895 2936 8:
955 2893 1150 2935 candida
1197 2909 1275 2935 nec
1315 2893 1449 2951 nigra
1492 2908 1660 2935 cornua
1695 2893 1857 2952 fronte
1897 2907 2047 2952 geras.
2108 2903 2109 2907 ’

343 2974 544 3030 Denique
572 2977 800 3020 frontes
844 2978 1100 3020 dicebantur
1131 2991 1236 3021 orae
1269 2978 1472 3032 chartae,
1518 2984 1567 3022 ut
1596 2981 1734 3023 Ovm.
1765 2980 1899 3023 Trist.
1936 2980 1970 3033 1,
2007 2982 2046 3032 1,

345 3061 419 3101 11.
452 3060 550 3102 loco
581 3073 711 3116 supra
743 3061 889 3115 allato,
921 3062 976 3105 cf.
1009 3064 1212 3106 Vossnm
1245 3063 1299 3105 ad
1330 3063 1488 3105 Catull.
1521 3077 1564 3119 p.
1588 3066 1663 3104 51.
1694 3068 1739 3106 et
1770 3064 2044 3106 Scvan'rz.
2100 3067 2106 3074 ’“
2146 3111 2149 3118 2

344 3139 387 3181 in
425 3141 607 3185 Dissert.
640 3143 716 3185 alt.
749 3145 791 3197 §-
824 3147 894 3186 17.
955 3145 1076 3187 Inter
1109 3144 1185 3188 has
1227 3146 1447 3200 utrimque
1490 3146 1737 3202 prominent
1779 3158 1955 3188 cornua.
1987 3166 2043 3176 —
2105 3125 2146 3189 ⁴3⁸³

345 3224 446 3266 Sic
489 3227 727 3279 etenim,
775 3227 1033 3272 observante
1075 3230 1396 3282 LichANNo,
1442 3234 1618 3284 praeter
1659 3228 1822 3271 Tibulli
1864 3240 2044 3280 morem,

346 3306 422 3360 qui
455 3305 662 3351 dixisset:
711 3308 823 3351 Nam
857 3311 932 3353 sic.
996 3312 1171 3354 Claudit
1202 3325 1306 3355 vero
1346 3316 1475 3367 poeta
1507 3310 1589 3354 hoc
1625 3309 1754 3353 modo
1785 3309 2044 3366 descriptio·

345 3405 444 3436 nem
476 3394 764 3450 propositam,
794 3394 837 3438 in
869 3409 955 3451 quo
988 3410 1074 3440 non
1106 3402 1172 3440 est
1203 3396 1319 3451 quod
1351 3395 1606 3451 reprehendi
1638 3396 1789 3451 possit.
