2086 3756
831 230 1092 284 TIBULL
1098 232 1137 282 Ι.
1727 248 1792 280 Χῖ.
1802 250 1830 280 v

128 368 255 424 Non
326 383 496 440 potest
559 374 618 423 in
677 374 903 424 maxima
967 373 1291 441 simplicitate
1353 370 1652 423 adumbrari
1715 374 1830 438 pul-

129 468 302 520 chrius
352 468 649 519 coniunctio
699 469 894 518 arctior
942 468 1257 532 amantium,
1306 468 1474 535 qualis
1510 465 1830 533 aliquamdiu

126 559 253 612 fuit!
328 560 557 616 Omnino
605 570 845 611 notatum
887 561 1041 612 etiam
1087 566 1150 614 ab
1189 562 1303 613 aliis
1340 573 1441 626 est,
1494 563 1722 611 carmina
1762 578 1831 610 ex

123 656 301 724 priore
346 665 583 720 tempore
626 655 785 705 huius
831 656 1020 708 amoris
1067 658 1255 708 miram
1291 657 1490 724 spirare
1525 650 1831 708 suavitatem

124 766 387 801 sensuum.
473 746 578 798 Sed
625 758 738 800 erat
785 748 842 797 in
877 749 1032 800 Delia
1068 761 1287 800 naturae
1322 752 1450 802 vitio
1493 748 1830 818 deplorabilis

119 847 302 900 levitas
351 846 539 908 animi,
591 844 731 896 unde
770 846 965 896 factum
1011 855 1069 896 ut
1102 846 1162 896 in
1196 847 1346 896 lenae
1383 864 1576 912 pravae
1610 848 1828 914 laqueos

120 940 370 994 incideret
405 951 457 992 et
493 939 650 991 fidem
685 941 966 1006 frangeret.
1041 937 1232 992 Ortum
1266 938 1413 1002 inde,
1448 950 1507 989 ut
1533 957 1695 1006 supra
1722 941 1828 989 iam

122 1036 312 1089 dictum
328 1073 344 1102 ,
391 1037 621 1104 primum
673 1046 752 1088 est
798 1034 1098 1101 discidium,
1141 1035 1453 1102 *gravissime
1492 1034 1698 1087 dolente
1734 1035 1828 1087 Ti-

120 1133 292 1195 bullo,
339 1132 433 1200 qui
471 1148 618 1199 spem
654 1130 1061 1199 pulcherrimam
1098 1131 1170 1181 sic
1217 1129 1283 1181 ad
1330 1130 1535 1181 irritum
1584 1128 1826 1181 cecidisse

118 1225 336 1279 videret.
407 1228 694 1295 Postquam
737 1235 912 1277 autem
949 1235 1114 1293 nupta
1149 1225 1264 1278 viro
1306 1227 1481 1292 puella
1517 1227 1574 1275 in
1607 1225 1826 1291 gratiam

120 1340 238 1373 cum
272 1331 427 1390 poeta
466 1320 716 1386 redierat,
757 1324 843 1374 cui
880 1322 1057 1375 favere
1093 1339 1203 1373 non
1246 1320 1495 1386 desierat,
1534 1323 1671 1374 vitae
1708 1323 1826 1391 qui-

121 1415 239 1467 dem
273 1418 498 1468 rusticae
532 1418 723 1482 felicis,
773 1436 932 1487 quam
966 1418 1274 1485 imaginatus
1312 1428 1449 1480 erat,
1504 1435 1612 1468 non
1653 1418 1826 1484 potuit

117 1514 338 1580 amplius
374 1511 507 1564 seria
545 1512 787 1577 cogitatio
829 1528 956 1575 esse,
991 1512 1100 1564 nati
1134 1528 1260 1564 vero
1300 1511 1386 1561 isti
1420 1510 1679 1576 ingeniosi
1717 1510 1825 1562 doli

116 1609 296 1661 furtivi
331 1619 480 1670 sunt,
532 1625 666 1676 quos
699 1609 755 1657 in
791 1606 1018 1660 secunda
1062 1619 1113 1658 et
1155 1617 1302 1658 sexta
1339 1608 1501 1672 elegia
1537 1604 1824 1672 descriptos

112 1705 380 1755 habemus.
448 1705 543 1755 Est
577 1704 862 1756 etiamnum
888 1704 1207 1757 desiderium
1241 1702 1521 1755 indelebile
1558 1704 1821 1754 formosae

112 1799 344 1864 puellae,
386 1798 538 1849 cuius
569 1816 667 1849 usu
705 1818 882 1850 carere
920 1800 1130 1868 nequit,
1173 1801 1459 1849 etiamnum
1497 1816 1615 1849 cum
1653 1809 1823 1848 amata

112 1896 198 1945 vel
218 1895 275 1944 in
308 1894 601 1958 solitudine,
638 1896 681 1947 si
715 1898 895 1964 possit,
930 1899 1106 1949 vivere
1137 1898 1263 1948 velit
1289 1897 1492 1959 lubenS,
1532 1894 1622 1946 sed
1652 1906 1821 1947 aestus

114 1991 304 2041 amoris
334 1989 660 2059 aliquantum
688 2002 868 2043 auctus
898 1990 1108 2044 videtur
1135 2003 1183 2042 et
1212 1991 1465 2058 cupiditas
1494 1990 1662 2042 maior
1687 1992 1823 2041 facta

47 2116 50 2119 >
110 2083 520 2151 impedimentiS,
570 2086 715 2137 unde
757 2086 972 2152 insignis
1008 2087 1338 2157 vehementia
1383 2087 1664 2136 affectuum
1706 2095 1821 2135 orta

65 2246 70 2249 .
110 2181 167 2230 in
214 2179 295 2230 his
341 2180 657 2231 carminibus
704 2181 986 2248 conspicua
1026 2192 1078 2233 et
1112 2182 1384 2249 persuasio
1428 2181 1560 2231 nihil
1595 2181 1821 2231 intenta-

108 2285 221 2324 tum
256 2276 584 2343 relinquens,
636 2295 772 2345 quae
807 2287 983 2328 tamen
1021 2279 1078 2327 in
1129 2278 1315 2328 ultimo
1368 2279 1596 2329 carmine
1646 2274 1705 2346 (I,
1747 2275 1819 2345 6.)

109 2371 166 2419 in
201 2371 583 2435 castigationem
620 2373 942 2424 acerbiorem
978 2374 1184 2435 transit,
1224 2385 1274 2424 et
1311 2373 1523 2424 adhibet
1558 2373 1817 2442 quidquid

108 2467 529 2532 gravissimorum
567 2470 852 2521 verborum
892 2469 1110 2521 amatori
1157 2470 1400 2520 restabat.
1493 2469 1631 2519 Tum
1680 2471 1819 2518 enim

110 2578 300 2612 novam
334 2561 607 2628 perfidiam
641 2562 798 2612 Delia
834 2561 1126 2625 admiserat,
1163 2581 1296 2631 quae
1335 2566 1438 2613 iam
1478 2564 1632 2613 etiam
1669 2563 1819 2612 lasci-

109 2657 224 2708 vior
269 2667 378 2707 erat
427 2657 564 2709 facta
610 2652 741 2729 (neve
776 2659 912 2710 cubet
947 2661 1061 2710 laxo
1093 2669 1256 2728 pectus
1293 2669 1466 2728 aperta
1500 2655 1622 2725 sinu)
1639 2668 1674 2722 ,’
1702 2677 1818 2709 suc-

109 2762 365 2804 cesserant
408 2750 520 2803 irae
557 2754 941 2823 frequentiores
992 2766 1044 2807 et
1090 2757 1413 2823 pulsationes
1451 2754 1580 2807 adeo
1620 2754 1818 2806 accide-

107 2857 243 2898 rant.
317 2849 517 2899 Tamen
553 2852 708 2902 etiam
743 2852 801 2902 in
829 2851 930 2903 hoc
968 2852 1195 2903 carmine
1232 2852 1397 2902 multa
1426 2852 1641 2916 vestigia
1674 2868 1818 2901 amo-

106 2944 177 2995 ris
213 2955 426 3011 patent,
474 2948 568 3015 qui
602 2965 744 3001 nova
784 2966 903 3002 cum
938 2950 993 3001 vi
1034 2949 1433 3013 resurrexisset,
1483 2948 1528 2998 si
1565 2948 1819 3015 potuisset

107 3039 262 3093 Delia
296 3041 469 3094 redire
507 3042 573 3093 ad
608 3045 878 3098 meliorem
914 3046 1133 3113 frugem.
1210 3044 1366 3108 Quod
1395 3064 1512 3096 cum
1544 3063 1653 3096 non
1686 3056 1818 3096 essct

111 3136 315 3201 sactum,
365 3149 547 3206 postea
582 3141 762 3193 relicta
803 3154 895 3206 est,
933 3141 1103 3206 credo,
1137 3160 1247 3194 non
1288 3143 1399 3192 sine
1439 3142 1621 3194 dolore
1657 3145 1817 3207 gravi.

110 3233 441 3286 Absolvimus
476 3237 748 3289 historiam
789 3237 946 3288 huius
984 3238 1202 3302 amoris3
1252 3249 1487 3305 superest
1525 3239 1816 3290 observatio

47 3390 59 3400 ‚
114 3324 178 3376 ad
240 3330 647 3394 cognoscendam
708 3332 981 3399 pulchram
1042 3331 1275 3384 indolem
1332 3333 1441 3383 eius
1500 3332 1817 3398 gravissima.
