2158 3750
329 279 431 325 238
724 265 1194 320 COMMENTAR.
1231 264 1302 312 m
1345 265 1630 315 'slssULLI

331 418 453 459 acino
479 418 614 462 PLIN-
633 412 775 466 XVII,
800 415 873 465 22,
907 425 941 453 s.
965 416 1037 465 35,
1063 415 1134 455 17.
1169 412 1345 454 Cenum.
1375 410 1449 463 lv,
1470 414 1543 452 27.
1571 412 1646 455 28.
1677 409 1758 465 XI,
1779 414 1825 466 2,
1852 414 1926 456 44.
1947 416 2036 467 55„

332 501 386 541 ab
434 499 528 540 aliis
570 497 699 538 etiam
741 495 930 551 pluries,
975 495 1030 537 cf.
1065 496 1191 549 Voss
1224 495 1278 538 ad
1310 496 1432 549 Virg.
1467 496 1632 548 Georg.
1663 492 1720 546 11,
1754 478 1911 549 &⁵406
1940 509 2035 552 sqq.

333 579 461 624 Quod
493 591 597 620 vero
633 577 745 620 idem
778 578 856 620 Vir
887 577 1040 618 doctus
1088 575 1156 619 hic
1200 577 1254 618 de
1287 578 1390 619 solis
1423 577 1748 619 Canicularibus
1777 566 1929 620 diebus
1958 591 2037 621 eo·-

331 662 454 712 gitat,
486 664 652 701 aestate
685 658 856 701 demum
892 658 1114 701 Nemesim
1147 671 1220 700 rus
1251 659 1500 701 discessisse
1533 672 1726 713 censens,
1765 659 1809 702 in
1841 672 1894 702 eo
1924 659 2038 703 falli-

329 749 427 794 tnr3
458 742 563 784 abiit
585 755 699 784 vere.
741 741 938 796 Denique
969 741 1181 796 pingue
1207 742 1383 783 solum
1410 742 1619 796 optimum
1645 742 1758 794 vino,
1783 739 1839 783 cf.
1858 740 2037 784 Coum.

330 826 408 879 llI,
436 830 476 867 1.
520 827 647 869 Voss
683 825 738 868 ad
773 827 895 879 Virg.
930 827 1093 879 Georg.
1127 826 1183 878 Π,
1221 842 1262 882 p.
1290 829 1379 867 358
1406 840 1499 880 sqq.
1532 849 1592 857 —
1622 825 1676 868 V.
1708 827 1750 866 7.
1782 828 1826 868 8.
1856 828 2041 867 secta-

331 922 421 951 rer
456 914 722 951 aratrum.
782 909 942 950 Iterum
976 909 1089 950 male
1125 910 1313 952 Vossms
1351 909 1518 950 nonnisi
1548 908 1602 949 de
1634 907 1895 949 auctumuali
1925 907 2041 948 circa

331 991 648 1044 aequinoctium
680 992 874 1033 aratione
906 992 1096 1044 cogitat,
1127 995 1175 1032 tu
1207 992 1339 1032 etiam
1369 1003 1520 1032 vernas
1552 991 1770 1033 arationes
1806 990 2039 1042 intelliges,

332 1082 380 1117 ut
413 1088 509 1118 cum
544 1079 641 1131 post
684 1075 874 1130 Aprilem
917 1087 1024 1127 ager
1065 1074 1260 1114 iteratur.
1333 1074 1469 1127 Sequi
1512 1074 1602 1115 vult
1645 1079 1776 1129 poeta
1815 1072 2038 1115 Nemesim

331 1159 428 1213 ipso
471 1171 588 1202 vere.
630 1181 689 1188 —
749 1169 978 1198 curvum
1031 1160 1210 1210 propter
1253 1154 1420 1207 burim,
1466 1160 1514 1197 ut
1555 1159 1753 1207 constat,
1801 1154 1858 1198 cf.
1898 1155 2042 1198 Vnus·
2112 1149 2158 1217 »ἧς

334 1243 498 1295 Georg.
531 1241 566 1292 Ι,
600 1243 697 1282 170.
772 1240 829 1280 At
874 1251 1059 1290 uncum,
1103 1237 1315 1280 aduncum
1350 1242 1538 1279 aratrum
1568 1236 1726 1281 dicitur
1755 1240 2042 1292 propter-vo-
2132 1183 2155 1271 ξ

332 1336 510 1366 merem.
540 1345 600 1353 —-
655 1321 896 1363 steriles
942 1320 1145 1374 boves,
1189 1321 1400 1363 testiculis
1442 1320 1675 1389 demessis,
1717 1319 1828 1375 etsi
1858 1312 2043 1362 feminiae
2146 1293 2158 1317 ι

335 1413 481 1459 erant,
526 1406 652 1448 vulva
694 1408 916 1456 extracta,
962 1409 1009 1446 ut
1050 1408 1172 1446 notat
1203 1404 1424 1447 Vum’ms.
1500 1405 1558 1447 At
1587 1403 1701 1449 enim
1733 1381 1874 1446 nonne
1905 1403 2046 1444 otiosa

333 1497 434 1534 sunt
465 1490 571 1532 haec
604 1487 795 1544 epitheta
827 1502 1018 1532 curvas,
1050 1486 1240 1533 sterilis,
1273 1491 1318 1529 et
1348 1487 1482 1529 sollus
1515 1491 1692 1529 ornatus
1723 1486 1884 1542 poetici
1913 1496 2043 1528 causa

335 1575 515 1631 posita?
579 1573 677 1616 Non
711 1572 857 1615 credo.
920 1572 1079 1614 Addita
1110 1577 1236 1625 sunt,
1279 1576 1328 1614 ut
1358 1571 1451 1628 ipsa
1486 1571 1673 1626 vulgaris
1711 1570 1861 1614 harum
1900 1581 2045 1613 rerum

333 1660 445 1702 ratio
470 1658 801 1701 describeretur.
861 1656 998 1697 Plane
1029 1659 1074 1697 ut
1106 1655 1297 1709 agricola
1329 1655 1460 1709 vulgo
1490 1667 1668 1697 curvum
1699 1659 1888 1697 aratrum
1918 1663 2045 1695 suum
2086 1661 2095 1667 ·

336 1742 557 1797 sequitur,
591 1739 708 1795 quod
738 1739 909 1782 steriles
941 1738 1076 1780 boves
1108 1737 1306 1790 trahunt,
1337 1738 1400 1779 sic
1431 1751 1540 1791 ego,
1573 1737 1647 1790 ait,
1678 1737 1715 1780 si
1748 1736 1876 1779 modo
1907 1736 2045 1780 domi·
2108 1734 2110 1736 ’

335 1837 434 1866 nam
477 1822 692 1866 interdum
730 1821 934 1865 viderem.
1000 1835 1192 1867 curvus,
1236 1819 1354 1874 quod
1386 1820 1572 1863 Vossms
1605 1820 1771 1876 recepit
1814 1826 1859 1862 et
1889 1821 2046 1863 Bum-

335 1922 449 1962 nus,
494 1921 666 1963 sperne.
741 1905 859 1951 Quid
905 1906 1055 1948 enim?
1129 1905 1326 1948 Crassius
1373 1905 1434 1947 ita
1483 1909 1614 1961 poeta
1656 1906 1920 1962 exprimeret
1963 1904 2047 1948 hoc

335 1992 504 2045 ipsum,
551 1989 669 2044 quod
718 1990 934 2044 explicata
967 1989 1097 2032 modo
1130 1989 1320 2045 epitheta
1351 1990 1591 2043 elegantius
1621 1990 1804 2033 innuunt
1834 1994 1881 2032 et
1910 2003 2046 2044 quan-

337 2080 428 2115 tum
469 2073 587 2114 satis.
619 2095 679 2102 —-
737 2071 871 2113 Dum
925 2071 1228 2126 subigunt,
1281 2073 1473 2115 suaviter
1518 2085 1583 2129 pr.
1623 2072 1726 2117 dum
1769 2067 2044 2129 subigerent.

337 2157 718 2199 Constructionem
758 2156 997 2211 particulae
1040 2155 1144 2197 dam
1187 2169 1283 2199 cum
1317 2158 1533 2213 praesenti
1563 2161 1786 2213 tempore,
1827 2135 1901 2200 ubi
1932 2157 2045 2200 alte-

336 2253 431 2283 rum
475 2239 652 2282 verbum
699 2239 1011 2294 praeteritum,
1054 2239 1268 2294 exemplis
1309 2238 1539 2281 illustravit
1580 2239 1772 2282 Vossms
1802 2238 1860 2282 ad
1889 2238 2046 2294 vingit.
2120 2270 2133 2290 2

338 2326 503 2377 Georg.
535 2322 613 2375 lv,
658 2336 700 2377 p.
733 2324 838 2363 620.
895 2321 1167 2364 Hssmnonr.
1199 2321 1254 2364 ad
1286 2321 1443 2366 Horat.
1476 2322 1569 2365 Sat.
1603 2322 1638 2376 1,
1670 2325 1714 2376 5,
1744 2325 1818 2366 72.
1863 2328 1908 2366 et
1938 2328 2048 2378 quos

338 2405 406 2448 hic
439 2403 600 2447 laudat.
664 2402 788 2445 Adde
818 2404 1005 2445 maxime
1037 2403 1293 2462 Hammon.
1327 2403 1382 2447 ad
1416 2403 1613 2449 Ciceron.
1647 2405 1907 2449 orationum
1934 2406 2048 2450 Par-

338 2495 405 2532 tes
435 2488 620 2531 ineditas
664 2502 704 2543 p.
735 2490 794 2529 75
826 2501 919 2543 sqq.
983 2488 1298 2532 Suavissimum
1338 2486 1420 2531 hoc
1462 2470 1595 2533 etiam
1636 2487 1730 2544 hic,
1774 2485 1970 2534 ubi‘rem
2001 2495 2051 2534 ut

338 2574 389 2615 fit
419 2573 542 2626 quasi
574 2571 631 2613 ob
675 2571 824 2613 oculos
853 2575 984 2624 atque
1015 2570 1059 2613 in
1092 2576 1330 2627 conspectu
1365 2577 1514 2614 nostro
1547 2584 1708 2628 ponere
1739 2574 1844 2616 vult.
1905 2574 2051 2628 Atque
2099 2599 2101 2603 -

339 2654 438 2698 hinc
470 2668 583 2698 nunc
613 2656 742 2698 etiam
778 2655 1033 2698 indicativus
1065 2663 1132 2698 est
1164 2665 1190 2698 a
1222 2661 1352 2712 poeta
1387 2657 1553 2712 positus
1585 2662 1632 2699 ut
1659 2658 1702 2699 in
1733 2658 1829 2700 viva
1859 2658 2048 2712 imagine

339 2738 428 2790 rei,
469 2739 570 2780 licet
600 2737 877 2794 hypothetica
909 2738 966 2780 sit
996 2742 1144 2780 cetera
1176 2739 1469 2792 constructio,
1513 2739 1586 2781 ubi
1619 2740 1935 2783 coniunctivum
1968 2754 2051 2783 ex-
2065 2760 2123 2812 ᾧ

340 2824 628 2878 spectaveris‚
678 2822 1038 2878 quemadmodum
1083 2823 1121 2864 is
1164 2822 1208 2865 in
1251 2823 1424 2878 obliqua
1467 2825 1664 2867 oratione
1706 2826 1837 2880 vulgo
1878 2810 2106 2883 ponitur*-v

341 2909 441 2959 post
472 2904 594 2947 dum.
656 2905 747 2947 Sed
788 2906 917 2947 etiam
948 2906 991 2946 in
1031 2903 1112 2947 hac
1151 2904 1354 2947 'I'Acr'rus
1390 2901 1565 2960 quidem
1594 2907 1872 2953 indicativum
1904 2909 2049 2964 habet,

341 2988 395 3031 cf.
437 2989 646 3032 ERNEs'r.
693 2988 749 3030 ad
789 2988 907 3030 Hist.
942 2986 1020 3040 111,
1051 2991 1125 3030 38.
1203 2988 1385 3031 Frustra
1427 2989 1560 3044 igitur
1601 2991 1792 3034 Vossius
1833 2991 2051 3052 subigant
2124 2983 2125 2986 ¹

341 3073 514 3128 scripsit
543 3071 739 3114 omnibus
771 3071 890 3114 libris
929 3071 1086 3115 invitis.
1160 3072 1256 3116 Nec
1290 3074 1533 3116 Huscuxm
1563 3075 1774 3117 assentior
1803 3075 1877 3128 qui
1909 3076 2052 3131 expli·
2137 3076 2158 3131 ᾖ

344 3161 434 3197 cat:
476 3156 698 3209 agricolae
731 3154 885 3207 modo,
916 3169 951 3198 s.
984 3156 1096 3198 sicut
1128 3157 1322 3211 agricola
1353 3162 1542 3199 aratrum
1574 3161 1767 3199 sectatur
1797 3156 1897 3199 dum
1930 3157 2051 3200 subi·
2130 3141 2154 3181 '¹⁴

343 3243 451 3291 gunt
491 3238 648 3291 boves,
691 3238 846 3280 callide
888 3240 951 3282 sic
994 3239 1312 3296 hypotheticam
1357 3242 1718 3284 constructionem
1762 3254 2048 3284 summovens.
2100 3255 2150 3297 ,35

344 3318 576 3362 Pulclirius
606 3333 711 3362 vero
743 3320 857 3362 haud
893 3321 1023 3364 dubie
1055 3323 1108 3364 ad
1146 3323 1281 3379 ipsius
1315 3323 1478 3365 Tibulli
1510 3324 1669 3365 arantis
1700 3325 1889 3378 speciem
1921 3336 2049 3379 quam

345 3402 401 3446 ad
434 3404 669 3460 angcolam
705 3416 872 3449 comma
903 3413 1146 3453 revocatur.
1210 3410 1416 3453 Ceterum
1448 3421 1544 3452 cum
1573 3409 1843 3452 Gnouovms
1870 3409 1924 3452 ad
1953 3407 2048 3451 Liv.
