2086 3756
206 206 261 237 VI

200 351 317 386 rum
342 333 621 401 elegiarum
647 349 768 385 vere
792 329 994 400 poetica
1022 327 1267 383 dubitari.
1342 331 1755 402 Explicationem
1774 316 1904 388 ⁴vero

201 451 345 521 quod
382 452 588 515 attinet,
626 453 779 502 talem
819 448 944 501 dare
974 448 1147 513 volui,
1182 450 1276 501 ubi
1308 448 1507 502 adesset
1543 448 1685 520 quod
1725 449 1791 502 ad
1826 451 1909 502 in-

199 570 538 639 telligendum
574 580 781 640 poetam
817 586 914 639 per
951 587 1004 622 se
1037 571 1383 623 necessarium
1410 567 1707 635 videretur3
1745 586 1907 639 quare

197 690 268 742 ita
316 688 570 742 adornavi
620 685 1048 752 commentarios,
1097 697 1158 740 ut
1207 698 1258 740 et
1298 688 1527 757 partium
1576 697 1636 740 ac
1667 687 1908 739 locorum

198 805 458 858 maiorum
496 781 926 873 compositionem
965 819 1268 874 nexumque
1319 804 1662 873 explicarem,
1705 814 1758 856 et
1802 803 1912 856 sin·

199 925 444 989 gulorum
485 925 795 989 verborum,
840 922 1194 989 locutionum,
1229 923 1603 976 sententiarum
1638 922 1921 989 rationem,

200 1061 325 1096 usus
381 1055 610 1098 ceterum
645 1045 1102 1098 observationibus
1147 1044 1389 1114 priorum
1426 1046 1773 1114 interpretum
1820 1024 1914 1096 ubi

197 1171 464 1228 poteram,
504 1173 556 1216 et
589 1164 780 1215 horum
822 1164 1037 1216 nomina
1075 1162 1264 1228 citans,
1300 1163 1396 1215 ubi
1432 1163 1687 1216 offerrent
1719 1161 1912 1234 quibus
1984 1172 1991 1175 ’

200 1298 350 1350 opus.
420 1283 553 1336 Dixi
589 1301 715 1336 vero
751 1285 950 1355 ubique
1004 1293 1094 1337 aut
1141 1282 1312 1337 dicere
1358 1284 1507 1337 volui
1559 1301 1694 1354 quae
1737 1295 1927 1337 neces·'

203 1403 373 1472 saria3
410 1422 854 1474 supervacaneam
894 1404 1186 1460 doctrinam
1223 1403 1392 1457 omisi.
1475 1405 1649 1475 Atque
1684 1405 1814 1457 haec
1853 1401 1919 1456 de

199 1498 578 1594 Eriplicatione.
649 1524 755 1578 Sed
785 1544 904 1579 cum
933 1527 1018 1579 vel
1053 1526 1126 1580 sic
1154 1525 1310 1578 etiam
1337 1522 1570 1594 diligenti
1597 1521 1771 1577 studio
1793 1539 1917 1593 per·

200 1642 365 1695 multa
412 1661 522 1696 non
570 1645 726 1698 liceat
776 1645 1021 1716 assequi,
1061 1643 1164 1697 nisi
1210 1645 1366 1697 simul
1418 1644 1718 1698 universam
1750 1653 1917 1696 artem

203 1762 469 1832 scriptoris
504 1763 734 1831 penitius
785 1768 1053 1835 exploreS,
1106 1764 1550 1837 quemadmodum
1602 1765 1657 1817 in
1703 1763 1920 1817 Pindari

205 1876 431 1930 editione
481 1896 596 1930 mea
646 1877 1052 1949 disputationem
1107 1882 1170 1934 de
1223 1885 1426 1936 ratione
1460 1885 1665 1952 poetica
1697 1884 1919 1937 istorum

206 1999 495 2051 carminum
532 1999 714 2067 posui,
749 1998 988 2053 similiter
1023 2019 1162 2055 nunc
1187 2001 1519 2055 Tibullianae
1552 2016 1775 2072 poeseos
1811 2000 1920 2055 vim

206 2130 256 2171 et
297 2131 459 2173 artem
496 2121 786 2175 accuratius
825 2121 1122 2178 examinavi
1164 2133 1216 2176 et
1251 2120 1514 2192 explicare
1548 2119 1744 2174 studui.
1811 2120 1919 2172 Ha·

204 2239 294 2288 bet
327 2248 431 2288 tres
467 2248 641 2306 partes
676 2240 804 2293 haec
830 2237 1150 2310 disquisitio:
1186 2237 1297 2292 dixi
1336 2240 1476 2293 enim
1512 2238 1578 2293 de
1615 2250 1920 2307 argumento

204 2374 421 2427 poeseos
469 2359 829 2426 Tibullianae,
880 2359 945 2413 de
991 2359 1162 2414 forma
1214 2372 1266 2414 et
1304 2361 1680 2431 compositione
1730 2361 1920 2414 harum

207 2482 514 2548 elegiarum,
565 2493 615 2534 et
666 2481 749 2535 de
781 2484 1074 2537 elocutione
1109 2483 1328 2535 Tibulli.
1413 2482 1764 2535 Proficiscitur
1803 2483 1953 2552 qui-.

206 2600 323 2651 dem
377 2601 606 2653 studium
650 2604 962 2672 scriptorum
1005 2624 1034 2656 a
1071 2605 1290 2671 singulis
1339 2606 1467 2656 locis
1505 2613 1557 2656 et
1589 2606 1776 2670 rebus,
1830 2602 1921 2656 sed

205 2736 313 2771 non
351 2721 628 2773 subsistere
684 2722 836 2779 debet
880 2727 935 2778 in
973 2727 1060 2792 iis,
1107 2723 1431 2795 pergendum
1480 2734 1557 2776 est
1597 2723 1752 2776 etiam
1803 2726 1919 2775 lon-

205 2841 317 2904 gius
355 2840 419 2892 ad
458 2859 785 2894 communem
819 2843 1015 2894 fontem
1044 2842 1367 2909 singulorum
1401 2840 1659 2895 dictorum
1686 2840 1921 2892 omnium

207 2960 615 3027 explorandum,
673 2962 765 3030 qui
820 2972 896 3012 est
940 2963 994 3013 in
1037 2960 1215 3013 indole
1255 2972 1304 3012 et
1341 2971 1448 3012 arte
1488 2960 1751 3030 scriptoris
1787 2976 1914 3028 pro-

201 3077 346 3143 pria,
383 3081 426 3130 si
463 3082 669 3146 penitus
709 3099 1015 3148 cognoscere
1069 3101 1187 3134 eum
1240 3071 1432 3135 studes.
1518 3081 1654 3134 Sunt
1704 3080 1915 3151 quidem

204 3196 435 3252 difficiles
473 3204 570 3253 hae
614 3205 969 3272 quaestiones,
1006 3217 1065 3256 ut
1098 3205 1320 3285 gaudeas
1360 3205 1402 3255 si
1436 3221 1601 3272 prope
1653 3213 1740 3253 aut
1787 3218 1912 3268 pro-

201 3318 340 3368 xime
378 3320 602 3385 attigeris
643 3324 942 3388 veritatem,
993 3325 1081 3376 sed
1122 3327 1211 3394 qui
1265 3327 1417 3394 plane
1466 3323 1738 3389 defugiunt
1775 3323 1913 3372 hunc
