2086 3756
266 215 413 247 mxx
956 192 1050 242 DE
1087 189 1288 246 POESI

270 341 474 409 dapem.
545 341 652 390 Iam
698 335 1058 404 complectitur
1102 337 1230 386 haec
1277 335 1506 401 generali
1551 337 1834 390 sententia:
1886 336 1972 386 illa

266 448 411 504 regat
447 447 687 496 cunctos,
735 434 811 484 illi
857 433 959 483 sint
1008 431 1183 483 omnia
1219 450 1401 496 curae,
1453 443 1505 484 et
1550 433 1816 497 subiungit
1850 441 1974 482 tunc

266 535 504 584 ultimam
552 540 756 597 partem
812 544 1020 579 rerum:
1072 525 1236 578 >etiam
1282 528 1497 594 hospitii
1543 526 1715 578 officia
1753 526 1975 592 pulchra

260 603 478 695 *peraget
503 626 674 688 Delia,
713 624 757 675 si
790 624 1016 674 Messala
1050 623 1268 687 venerit,
1306 634 1357 674 et
1383 624 1587 674 curabit
1619 624 1760 674 hunc
1793 621 1975 673 sedulo

267 733 319 772 et
358 722 537 788 epulas
587 728 817 786 apponet
854 728 903 768 et
939 736 1098 785 poma
1134 717 1197 768 de
1237 719 1513 780 arboribus
1551 716 1808 768 detrahet.
1879 717 1976 767 Vi-

269 816 359 868 des
397 818 590 867 iterum
625 816 726 866 tria
761 825 1025 866 momenta
1058 831 1156 881 per
1190 814 1547 880 gradationem
1585 814 1780 881 posita,
1817 829 1975 878 nego-

262 914 336 964 tia
378 911 600 975 rustica,
653 927 823 972 sacra,
876 920 926 960 et
975 909 1230 960 amicitiae
1280 911 1461 961 suavia
1505 927 1742 960 munera.
1819 907 1974 960 Addo

262 1006 477 1056 tertium
507 1005 835 1069 magnificum
866 1005 1040 1053 locum
1067 1003 1133 1067 ΙΙ,
1165 1007 1212 1067 1,
1247 1009 1436 1054 37-78.
1476 1002 1540 1055 de
1570 1003 1814 1055 laudibus
1851 1002 1977 1054 deo-

265 1120 384 1153 rum
423 1102 729 1167 agrestium,
783 1100 876 1166 qui
923 1100 1196 1149 cultiorem
1230 1101 1391 1151 vitam
1426 1100 1702 1151 hominum
1739 1099 1977 1148 institue-

263 1208 405 1262 runt,
445 1197 540 1247 ubi
574 1206 680 1246 tres
714 1195 910 1259 amplas
939 1191 1313 1259 descriptiones
1345 1211 1375 1242 a
1404 1204 1563 1260 poeta
1595 1192 1798 1245 videbis
1836 1210 1977 1244 com-

264 1293 481 1360 positas.
551 1291 697 1341 Rure
736 1288 903 1341 victus
941 1288 1129 1338 melior
1166 1287 1441 1353 inventus,
1476 1305 1602 1339 rure
1641 1299 1778 1341 artes
1815 1299 1978 1353 ortae,

263 1405 389 1439 rure
433 1386 587 1438 etiam
629 1387 881 1438 Amorem
917 1367 1109 1436 natum*
1141 1385 1360 1450 scimu8,
1402 1385 1501 1452 ait,
1543 1386 1614 1436 sic
1649 1385 1842 1436 iterum
1875 1385 1978 1436 tria

263 1494 531 1536 momenta
575 1480 640 1533 ad
690 1499 850 1532 unam
905 1483 1198 1533 absolutam
1244 1481 1416 1532 ideam
1456 1483 1593 1534 vitae
1643 1497 1978 1548 componens.

262 1577 400 1630 Sunt
445 1594 574 1631 vero
627 1577 749 1628 satis
804 1577 1005 1643 amplae
1043 1587 1219 1643 partes
1254 1576 1385 1639 loci,
1434 1586 1486 1627 et
1530 1574 1977 1627 considerabimus

266 1674 422 1725 etiam
460 1674 782 1739 singularum
825 1674 1271 1740 compositionem.
1339 1673 1518 1724 Prima
1551 1692 1604 1726 v.
1633 1677 1826 1722 37—50.
1858 1681 1980 1739 post

262 1769 438 1819 thema
475 1766 762 1818 indicatum
805 1768 1010 1819 orditur
1055 1787 1087 1818 a
1134 1767 1316 1835 primis
1358 1768 1520 1819 initiis
1556 1766 1788 1818 cultioris
1824 1766 1977 1830 vitae,

265 1860 600 1915 emendatum
644 1863 839 1916 victum
886 1864 1199 1930 praegressis
1212 1900 1226 1926 ,
1281 1862 1695 1916 aedificationem
1741 1880 1979 1914 casarum

269 1959 386 2012 dico
429 1970 482 2012 et
533 1959 888 2011 domationem
937 1961 1268 2025 animalium,
1324 1972 1439 2012 tum
1489 1961 1554 2012 ad
1601 1961 1770 2028 ipsam
1816 1961 1981 2013 victus

269 2055 503 2108 melioris
550 2054 919 2122 inventionem,
945 2057 1139 2122 pergit,
1191 2074 1348 2124 quam
1396 2075 1496 2124 per
1539 2055 1727 2123 gradus
1770 2057 1982 2108 exhibet

266 2153 474 2202 factam.
543 2150 780 2201 Primum
831 2151 970 2201 enim
1018 2168 1118 2218 pro
1163 2151 1349 2217 glande
1398 2170 1562 2206 verna
1611 2163 1790 2203 narrat
1825 2170 1982 2220 poma

264 2245 545 2295 substituta
592 2255 643 2295 et
691 2246 837 2294 olera
886 2246 1055 2310 horti,
1115 2245 1364 2315 additque
1417 2248 1543 2298 cibis
1591 2249 1745 2299 etiam
1794 2258 1980 2315 potum

262 2340 537 2390 meliorem
590 2339 883 2391 inventum.
974 2340 1114 2390 Tum
1169 2341 1511 2408 exquisitiora
1564 2360 1756 2408 genera
1809 2343 1977 2395 victus

262 2433 560 2501 subiungit,
611 2452 804 2486 messes
847 2453 1097 2488 arvorum
1144 2448 1195 2488 et
1236 2437 1386 2488 dulce
1435 2441 1538 2490 mel
1575 2456 1750 2505 apum.
1831 2439 1976 2489 Haec

264 2531 436 2598 prima
482 2547 606 2598 pars
657 2514 758 2582 est..
839 2530 1081 2584 Secunda
1127 2551 1179 2584 v.
1215 2539 1406 2585 51-66.
1458 2535 1706 2601 bipartita
1744 2532 1850 2585 duo
1889 2552 1976 2600 ge-

263 2642 395 2675 nera
429 2624 620 2674 artium
658 2625 952 2692 componit,
990 2628 1212 2688 musicas
1245 2638 1296 2678 et
1335 2647 1542 2693 earum,
1581 2647 1717 2697 quae
1755 2627 1819 2679 ad
1864 2631 1970 2680 cul-

263 2728 377 2771 tum
414 2729 467 2770 et
509 2730 756 2771 ornatum
791 2722 1027 2789 corporis
1061 2724 1354 2791 pertinent,
1402 2725 1762 2792 simpliciores.
1845 2726 1978 2777 Ter-

266 2813 340 2865 tia
379 2815 587 2866 Amoris
629 2816 735 2868 vim
789 2834 907 2868 cum
947 2816 1251 2883 gradatione
1293 2818 1568 2884 describit,
1621 2830 1775 2888 atque
1825 2819 1976 2872 initio

267 2912 407 2963 facto
438 2930 468 2962 a
491 2913 734 2978 gregibus
769 2914 1025 2966 transitur
1059 2915 1126 2966 ad
1151 2917 1420 2970 homines:
1457 2916 1694 2970 videmus
1729 2928 1788 2968 ut
1811 2918 1978 2968 Amor

266 3008 512 3062 iuvenem
549 3008 617 3060 ad
661 3027 787 3077 opes
834 3010 1120 3077 erogandas
1156 3012 1415 3079 impellat,
1461 3029 1638 3064 senem
1677 3015 1838 3066 verba
1878 3032 1978 3080 pu-

270 3101 442 3154 denda
479 3103 648 3155 dicere
694 3106 876 3156 iubeat
919 3105 984 3156 ad
1028 3107 1190 3158 limen
1236 3107 1428 3171 iratae,
1480 3107 1978 3176 puellamdenique

266 3199 503 3252 timidam
550 3211 711 3252 noctu
754 3203 1088 3271 tenebrisque
1139 3202 1293 3255 ducat
1342 3204 1408 3255 ad
1443 3205 1716 3257 iuvenem:
1772 3206 1830 3255 in
1868 3223 1974 3273 quo

266 3299 545 3366 perspicua
581 3297 831 3363 gradatio.
917 3302 1090 3368 Atque
1133 3303 1259 3351 haec
1308 3312 1383 3352 est
1430 3312 1538 3353 tota
1577 3302 1666 3353 illa
1707 3302 1975 3369 magnifica
