2086 3756
902 166 1209 220 TIBULLI.
1786 185 1912 217 Lxxt

201 322 321 381 post
355 314 483 364 haec
519 310 745 381 denique
783 312 937 364 etiam
976 314 1204 382 penitius
1239 313 1614 381 perspiciamus
1638 313 1907 367 lribullia-

199 425 297 459 nos
337 409 508 460 exitus
543 409 861 470 carminum,
913 419 963 458 et
1004 427 1096 460 cur
1131 409 1577 460 tales-necessarii
1611 411 1808 460 fuerint
1850 414 1903 461 in

198 504 295 555 hac
330 505 506 572 poesi,
547 504 727 572 quales
760 501 1001 554 videmus
1040 503 1326 568 adhibitos,
1363 521 1694 572 opponamus
1730 507 1904 557 brevi-

198 611 279 651 ter
312 600 664 667 Propertium.
747 600 848 650 Hic
884 601 1076 651 multos
1118 602 1289 652 exitus
1325 602 1485 653 habet
1520 619 1551 651 a
1587 601 1785 652 Tibulli
1819 620 1906 652 ra-

196 697 339 747 tione
377 695 626 761 diverSOS,
663 696 719 746 h.
754 713 801 747 e.
837 697 932 754 ubi
965 714 1074 748 non
1112 699 1334 751 solvitur
1371 697 1691 750 dissonantia
1728 697 1905 765 queri-

193 792 429 857 moniae3
479 791 768 844 mutatione
816 792 1102 843 sententiae
1149 810 1322 860 neque
1358 794 1412 843 in
1454 795 1600 844 exitu
1636 811 1769 860 opus
1809 795 1905 844 ha-

193 888 336 952 buit,
383 905 479 938 nec
516 887 630 938 aliis
663 887 720 937 in
756 887 885 938 locis
919 886 1240 952 carminum,
1289 887 1334 938 si
1367 890 1504 939 bene
1537 890 1783 952 memini,
1830 899 1907 939 est

192 1003 336 1036 usus·
410 984 521 1036 Cur
557 982 726 1036 haec?
794 984 1060 1036 Nimirum
1107 985 1386 1051 Propertio
1433 985 1711 1051 proprium
1759 983 1905 1036 vide-

192 1085 348 1141 batur
399 1082 623 1148 amoris,
675 1065 917 1149 plurimis
955 1082 1158 1134 casibus
1198 1082 1492 1133 obnoxium
1541 1099 1652 1133 esse
1690 1092 1742 1132 et
1778 1082 1903 1133 alias

191 1179 296 1229 alio
333 1196 491 1230 sensu
526 1178 757 1241 moveri,
809 1187 861 1229 et
893 1179 1030 1229 hanc
1060 1177 1223 1230 vitam
1261 1178 1508 1242 amantis,
1557 1180 1794 1246 plenam,
1845 1189 1905 1229 ut

189 1273 332 1355 dhgi,
366 1274 658 1326 innumeris
697 1273 932 1337 casibus,
967 1275 1178 1340 plenam
1214 1274 1605 1336 affectionibUS,
1648 1274 1901 1338 sensibus,

191 1369 590 1435 cogitationibus
619 1369 791 1431 variis,
825 1368 959 1420 varii
989 1369 1210 1434 generis,
1247 1367 1536 1435 depingunt
1562 1371 1764 1434 egregia
1792 1387 1903 1421 car-

188 1467 334 1517 mina
369 1467 511 1529 eius,
559 1481 790 1534 quorum
827 1464 1179 1516 diversissima
1213 1474 1337 1514 sunt
1371 1476 1701 1530 argumenta,
1739 1466 1905 1517 unde-

190 1580 401 1632 quaque
431 1573 588 1630 poeta
616 1578 796 1614 causas
835 1559 1328 1613 canendiducente.
1401 1560 1558 1611 Canit
1579 1562 1737 1627 igitur
1764 1579 1903 1613 nunc

191 1658 428 1724 doloreS,
464 1676 608 1709 nunc
641 1657 832 1724 gaudia
844 1693 859 1721 ,
909 1656 1169 1710 mixtosve
1207 1674 1418 1722 sensus,
1455 1669 1513 1709 ut
1554 1669 1792 1726 tempora
1827 1660 1904 1709 fe-

189 1769 330 1822 runt,
368 1763 550 1826 neque*
569 1757 768 1824 ubique
797 1756 882 1806 hic
919 1756 1200 1806 necessarii
1233 1757 1363 1806 tales
1403 1755 1588 1820 exitUS,
1625 1755 1719 1823 qui
1755 1773 1903 1822 spem

187 1852 420 1904 melioris
455 1853 698 1903 fortunae
728 1849 1018 1914 ostendant,
1055 1849 1145 1901 sed
1178 1850 1331 1903 etiam
1359 1851 1417 1900 in
1447 1851 1672 1918 suspiria
1699 1862 1750 1901 et
1776 1869 1904 1920 que-

122 1988 135 1996 .
187 1950 354 1999 relam
392 1958 590 1998 exeunt
624 1947 858 1999 carmina
894 1962 1007 1996 non
1054 1945 1227 1996 soluta
1272 1944 1611 1997 dissonantia.
1694 1946 1905 1999 Nihilo-

187 2048 370 2099 minus‘
401 2064 511 2099 non
545 2048 681 2097 male
719 2062 818 2097 nos
853 2046 1016 2096 habet
1049 2062 1161 2096 res:
1199 2045 1452 2097 sentimus
1484 2062 1595 2096 non
1623 2044 1902 2112 desperare

188 2155 425 2213 poetam,
475 2145 570 2195 etsi
604 2143 661 2194 in
699 2143 971 2211 querelam
1011 2139 1214 2191 desinat
1250 2141 1440 2206 elegia,
1492 2140 1586 2192 sed
1623 2141 1695 2191 sic
1729 2141 1903 2193 reddit

192 2238 442 2307 cuiusque
481 2237 734 2304 temporis
773 2237 882 2286 fata
916 2246 967 2287 et
1001 2252 1212 2298 sensus,
1261 2246 1323 2287 ut
1372 2253 1491 2286 cum
1531 2239 1732 2287 natanti
1775 2238 1900 2289 alias

190 2333 293 2386 alii·
323 2334 511 2384 fluctus
559 2334 696 2383 circa
739 2343 924 2399 pectus
972 2330 1190 2396 ludunt,
1238 2348 1471 2399 quorum
1507 2342 1685 2382 tamen
1722 2335 1900 2383 nullus

185 2431 395 2497 gravius
426 2428 714 2498 quidquam
737 2430 983 2480 minetur.
1054 2430 1222 2480 Aliter
1257 2408 1520 2479 Tibullus.
1590 2428 1728 2479 Huic
1755 2445 1899 2478 sum-

187 2543 333 2575 mum
364 2528 567 2576 bonum
597 2525 654 2574 in
682 2540 859 2575 amore
889 2528 1071 2593 requies
1104 2541 1335 2574 curarum
1370 2523 1664 2588 videbatur,
1701 2523 1765 2575 de
1797 2543 1901 2592 qua

185 2623 243 2672 in
281 2619 619 2672 antecedente
662 2620 828 2688 capite
877 2619 1014 2686 dixi3
1071 2638 1134 2673 eo
1183 2621 1345 2686 igitur
1393 2622 1548 2670 etiam
1583 2621 1758 2687 poesis
1807 2638 1901 2670 sua

185 2716 354 2768 tendit
388 2727 526 2782 tota,
563 2727 719 2784 atque
755 2715 973 2782 insignis
1019 2715 1261 2778 affectus,
1315 2715 1410 2783 qui
1445 2733 1543 2782 per
1577 2716 1672 2764 has
1713 2715 1899 2779 elegias

189 2811 509 2876 devolvitur,
563 2814 791 2881 quietem
838 2813 1133 2864 necessario
1181 2810 1456 2862 desiderat.
1535 2811 1678 2861 Haec
1727 2812 1899 2861 hacte-

186 2925 304 2960 nus.
382 2909 683 2960 Generatim
727 2907 1095 2977 dgscripsimus
1144 2926 1355 2960 cursum
1390 2907 1676 2974 legitimum
1718 2923 1899 2955 rerum

182 3003 540 3075 (Heroortreten
597 3007 685 3056 det·
731 3005 857 3056 Idea
902 3034 975 3044 —-
1024 3005 1367 3067 Entwiclcelung
1427 3034 1500 3045 --
1564 3002 1898 3066 berulu'gender

185 3100 415 3167 Schluss).
449 3131 521 3140 —-
574 3101 903 3167 Disputatio,
961 3117 1119 3168 quam
1156 3099 1315 3150 modo
1361 3098 1560 3163 legisti,
1609 3096 1674 3147 ad
1722 3097 1897 3148 omnia

185 3198 415 3247 carmina
453 3196 651 3246 Tibulli
685 3197 938 3262 pertinet3
992 3205 1165 3245 tamen
1217 3192 1280 3243 de
1322 3182 1896 3262 παρακλαυσιθύροις,

190 3310 321 3359 quac
353 3291 621 3354 dicuntur,
665 3293 921 3343 nonnulla
959 3293 1249 3357 specialiter
1288 3290 1502 3353 addam,
1546 3307 1661 3338 cum
1700 3289 1898 3337 formae
