2086 3756
827 216 1132 270 TlBULLI.
1719 239 1844 275 xcm

146 372 237 413 aut
271 372 377 412 tres
411 370 585 428 partes
619 360 808 411 habeat
841 360 1075 412 medium
1113 376 1349 423 carmen,
1388 359 1473 413 hic
1507 370 1684 414 tamen
1719 366 1842 419 sim..

145 461 269 526 plex
305 470 380 510 est
407 472 714 525 progressus*
741 451 943 522 rerum,
982 475 1094 508 non
1125 457 1310 510 divisio
1338 457 1570 524 plurium
1597 463 1843 528 partium,

145 555 237 606 sed
295 555 452 606 unius
509 555 672 602 laetae
730 549 1092 619 descriptionis
1151 554 1230 606 vis
1289 554 1539 604 continuo
1593 573 1845 610 crescens-

142 652 278 701 Nam
314 651 561 700 bellicoso
597 644 817 698 exordio
854 659 1157 714 pacatarum
1191 649 1467 714 regionum
1503 659 1555 700 et
1586 653 1845 703 ruralium

141 759 420 794 munerum
467 759 682 795 suavem
727 742 1008 807 imaginem
1053 741 1329 792 succedere
1370 745 1565 810 voluit,
1623 756 1685 797 ut
1727 749 1842 799 laus

139 839 393 888 Messalae
430 856 498 888 ex
529 839 770 906 utroque
789 855 978 904 genere
1009 854 1189 888 rerum
1221 841 1507 904 composita
1541 843 1842 910 haberetur,

140 933 204 983 de
254 952 358 1001 qua
405 932 684 984 harmonia
730 932 1096 998 oppositorum
1148 948 1309 998 supra
1359 929 1570 983 dictum.
1654 935 1842 987 Exitus

139 1027 364 1095 denique
421 1045 540 1079 cum
592 1025 800 1079 Osiride
855 1027 1082 1079 Genium
1132 1038 1288 1080 vocat
1347 1026 1414 1077 ad
1468 1029 1842 1084 honorandum

137 1125 270 1173 laete
311 1123 454 1174 hunc
496 1121 658 1187 diem,
707 1138 808 1189 pro
851 1123 997 1173 cuius
1044 1121 1220 1173 reditu
1265 1120 1487 1174 candido
1527 1134 1650 1178 vota
1688 1126 1842 1179 fiunt.

136 1219 302 1270 Vides
345 1220 595 1270 unitatem
632 1219 870 1286 partibus
911 1218 1020 1269 suis
1067 1220 1374 1269 absolutam.
1406 1247 1480 1258 -—
1549 1220 1841 1272 Veniamus

137 1311 205 1365 ad
242 1316 342 1366 alia
376 1315 520 1366 festis
560 1315 767 1382 scripta.
839 1314 1066 1366 Carmen
1099 1316 1193 1379 IV,
1221 1321 1274 1365 2.
1311 1316 1469 1364 habet
1504 1314 1683 1367 laudes
1719 1317 1842 1368 Sul-

135 1411 330 1477 piciae,
383 1428 501 1462 cum
546 1409 802 1461 Kalendis
850 1411 1056 1461 Martiis
1109 1409 1248 1461 dona
1298 1409 1347 1459 ei
1393 1409 1725 1460 mitterentur
1772 1412 1839 1462 ab

136 1515 357 1556 amante.
423 1505 598 1572 Atque
635 1516 698 1554 ut
729 1506 887 1570 vulgo
906 1508 1138 1571 ‘vocatur
1171 1505 1226 1553 in
1259 1503 1404 1554 festis
1437 1501 1564 1554 deus
1597 1515 1656 1555 ut
1690 1502 1840 1569 adsit,

134 1600 208 1649 sic
254 1578 503 1648 nunc'in
550 1595 771 1649 exordio
817 1598 964 1648 Mars
1007 1606 1242 1650 vocatur.
1325 1598 1665 1649 Tractaturus
1710 1616 1839 1652 vero

133 1702 289 1759 poeta
322 1691 502 1743 laudes
537 1693 776 1759 puellae,
815 1691 888 1742 ita
923 1701 1079 1744 vocat
1114 1690 1271 1743 deum
1306 1703 1367 1743 ut
1404 1693 1471 1744 ad
1507 1692 1840 1761 spectandam

136 1789 515 1839 ornatissimam
549 1787 803 1840 Kalendis
841 1790 947 1840 suis
987 1791 1224 1856 puellam
1262 1790 1455 1842 veniat.
1527 1788 1676 1852 Quae
1718 1810 1840 1858 per-

133 1886 352 1951 pulchra
397 1886 651 1938 inventio.
752 1887 865 1937 Iam
916 1887 976 1937 in
1023 1885 1198 1937 medio
1250 1887 1476 1937 carmine
1528 1886 1841 1939 describitur

133 1992 379 2034 venustas
421 1982 629 2049 puellae
669 1980 787 2049 ipsa
826 1983 1220 2048 elegantissime.
1304 1983 1552 2050 Denique
1596 1985 1652 2033 in
1694 1987 1841 2037 exitu

46 2131 49 2133 ,
134 2087 257 2129 vota
303 2078 462 2143 fiunt,
509 2089 570 2128 ut
614 2079 809 2131 multos
852 2078 911 2130 in
958 2096 1126 2131 annos
1170 2078 1462 2131 celebretur
1495 2080 1694 2145 pariter
1738 2082 1840 2133 hoc

133 2173 324 2224 festum
355 2172 512 2225 laude
538 2175 831 2227 Musarum.
898 2175 1094 2228 Notavi
1126 2175 1232 2226 iam
1265 2191 1427 2242 supra
1460 2174 1594 2224 nihil
1629 2176 1842 2226 concin-

66 2260 70 2263 ’
134 2267 255 2318 nius
288 2269 513 2334 reperiri
538 2285 693 2335 posse
729 2267 959 2334 elegidiis
991 2269 1118 2319 libri
1150 2270 1340 2336 quarti.
1413 2266 1518 2318 Sed
1545 2265 1665 2318 vide
1698 2286 1841 2319 nunc

135 2364 236 2413 alia
272 2363 487 2413 maiora.
558 2361 802 2412 Carmine
839 2361 907 2427 ΙΙ,
936 2365 986 2412 1.
1023 2363 1303 2412 exhibetur
1329 2343 1724 2412 Ambarvalium
1760 2378 1842 2411 sa-

136 2475 346 2511 crorum
369 2459 568 2523 imag03
603 2457 732 2507 haec
757 2456 916 2522 igitur
943 2455 1165 2507 estxidea
1191 2458 1399 2521 elegiae.
1466 2455 1574 2504 Iam
1604 2457 1840 2507 tractatio

133 2556 262 2605 haec
299 2564 402 2617 est,
446 2563 506 2604 ut
541 2553 810 2603 celebrans
848 2551 1133 2619 aliquando
1177 2552 1305 2600 haec
1348 2567 1494 2600 sacra
1529 2551 1586 2599 in
1620 2550 1839 2616 praedio

133 2668 229 2702 suo
275 2660 432 2717 poeta
476 2649 648 2716 ipsam
690 2665 806 2699 rem
842 2646 970 2699 dum
1009 2648 1180 2714 agitur
1225 2663 1323 2713 per
1371 2655 1515 2695 actus
1558 2662 1682 2695 suos
1719 2655 1839 2696 ante

133 2746 311 2796 oculos
354 2754 547 2811 ponat,
600 2753 756 2811 atque
809 2741 1100 2793 absolvitur
1134 2745 1315 2792 ‘totum
1365 2738 1652 2791 indictione
1695 2741 1841 2804 sacri,

131 2859 190 2891 re
227 2839 405 2892 divina
439 2839 582 2906 ipsa,
634 2840 782 2890 exitu
816 2839 953 2890 festi.
1037 2837 1202 2903 Igitur
1236 2838 1295 2887 in
1332 2835 1552 2887 exordio
1592 2833 1841 2886 indicitur

132 2953 365 2987 sacrum:
402 2943 661 2987 vocantur
693 2931 792 2996 dii,
832 2931 1159 3000 praecipitur
1195 2931 1410 2982 cessatio
1445 2931 1718 2993 laborum,
1758 2947 1841 2979 ar-

133 3044 315 3085 centur
353 3032 445 3100 qui
478 3047 591 3082 non
626 3031 767 3082 casti.
835 3030 901 3080 In
931 3026 1107 3079 medio
1141 3029 1388 3092 carmine,
1425 3026 1520 3077 ubi
1549 3043 1632 3076 res
1663 3022 1840 3075 divina

130 3129 247 3195 ipsa
279 3128 364 3193 fit,
403 3125 536 3178 duos
572 3135 718 3178 actus
751 3123 1067 3191 distinguas3
1107 3124 1338 3191 primum
1375 3122 1516 3173 enim
1550 3122 1609 3173 fit
1645 3120 1839 3172 sacrifi-

135 3224 298 3287 cium,
334 3240 456 3289 ergo
494 3220 892 3287 circumductio,
940 3219 1226 3271 immolatio
1263 3217 1465 3270 hostiae
1502 3226 1554 3267 et
1588 3214 1838 3283 precatio,

132 3318 321 3372 deinde
353 3320 537 3387 epulae
571 3329 866 3389 sequuntur
896 3335 1016 3370 cum
1047 3326 1220 3369 cantu.
1291 3316 1465 3383 Atque
1491 3313 1635 3364 hunc
1663 3311 1837 3361 locum
