2158 3750
668 251 854 303 LIBR.
889 254 957 304 11.
1026 251 1236 304 ELEG.
1266 252 1336 304 V.-
1731 256 1832 302 297

146 394 250 437 lium
294 394 466 439 laudem
498 395 701 440 omittere
730 396 906 454 possit?
977 396 1046 441 Ita
1074 410 1187 442 nuuc
1217 397 1351 442 etiam
1379 395 1605 449 Tibullus,
1643 395 1836 438 solennia

138 479 176 520 is
198 478 465 533 describens,
494 480 638 535 qualia
666 486 768 523 ante
797 484 843 523 et
865 484 965 537 post
994 488 1178 524 messem
1209 481 1399 536 agebant
1430 479 1583 523 rustici
1613 478 1658 521 in
1688 476 1838 530 herba,

137 559 193 603 cf.
225 561 281 603 ad
314 562 372 616 11,
404 566 445 616 l,
474 566 550 607 21.
578 585 636 595 —
684 570 931 620 operata
959 564 1094 619 deo,
1136 564 1194 609 cf.
1225 565 1282 618 Π,
1315 568 1359 618 1,
1386 567 1432 607 9.
1494 564 1701 606 Ceterum
1730 559 1839 604 haec

137 643 261 685 simul
305 645 504 700 opposita
534 650 635 688 suut
665 651 766 688 ante
800 645 1030 701 descriptis
1075 646 1207 689 rebus
1251 645 1460 690 humanis.
1494 669 1551 678 -—
1598 645 1842 688 dis-eum-

138 723 234 766 bet
275 726 329 768 in
373 724 566 769 herba.
626 726 848 773 Harmas
889 728 1133 782 comparari
1174 728 1296 770 iubet
1327 730 1477 772 Annae
1507 729 1735 772 Perennae
1765 739 1839 770 so-

138 804 280 849 lennia
317 806 535 864 descripta
573 808 714 852 Ovrn.
755 808 878 852 Fast.
918 807 1002 861 111,
1035 810 1126 849 523
1158 822 1253 864 sqq.
1285 833 1346 842 —
1410 811 1652 853 Arboris
1693 809 1840 852 anti-

139 901 311 942 quae,
355 892 506 944 quales
536 904 635 934 cum
665 892 781 934 altae
802 893 922 945 sint,
955 893 1216 948 patulosque
1246 906 1391 936 ramos
1426 892 1842 948 habeant„-longius

138 973 311 1014 umbras
338 974 500 1015 iaciunt
531 975 575 1017 in
604 986 754 1017 omues
784 981 948 1030 partes,
987 974 1171 1019 Hona'r.
1202 975 1344 1031 Epod.
1377 975 1436 1028 II,
1466 979 1550 1018 23:
1583 974 1725 1016 iacere
1757 973 1840 1016 sub

137 1054 332 1111 antiqua
360 1054 487 1103 ilice,
528 1054 570 1100 h.
602 1070 643 1100 e.
675 1059 826 1114 patula
857 1064 903 1102 et
931 1059 1151 1103 umbrosa.
1216 1061 1408 1102 Omnino
1439 1073 1572 1115 saepe
1602 1060 1764 1101 mentio
1791 1059 1842 1100 fit

135 1136 407 1190 antiquarum
435 1138 666 1194 arborum,
709 1141 784 1183 ubi
823 1143 967 1184 suavis
1009 1141 1160 1184 umbra
1202 1142 1482 1196 designanda.
1544 1143 1837 1184 Gannmnus

138 1218 306 1262 confert
347 1221 484 1264 PLIN.
518 1222 662 1279 Epist.
692 1224 815 1279 VIII,
844 1231 899 1269 7:
947 1225 1156 1268 Modicus
1198 1225 1324 1268 collis
1370 1224 1603 1283 assurgit,
1645 1223 1842 1282 antiqua

138 1313 351 1355 cupressu
391 1317 645 1347 nemorosus
685 1313 732 1348 et
769 1321 952 1362 opacus,
988 1330 1050 1340 --
1094 1308 1245 1350 levis
1286 1309 1508 1361 umbra,
1557 1306 1689 1350 credo
1732 1317 1845 1360 quae

136 1396 222 1425 non
268 1385 394 1428 nimis
434 1389 674 1442 propinqua
715 1396 895 1444 urgeat,
943 1396 1098 1447 utpote
1129 1392 1228 1434 altis
1265 1395 1394 1435 ramis
1427 1392 1646 1450 (luftiger
1676 1391 1846 1431 Schot-

138 1467 266 1521 ten)‚
306 1481 406 1510 cum
451 1474 601 1512 contra
642 1469 890 1514 humiliores
931 1472 1112 1516 arbores
1149 1475 1375 1516 molestam
1417 1474 1612 1516 umbram
1644 1471 1843 1515 habeant.

138 1549 217 1591 Sic
263 1550 635 1594 accommodatum
683 1558 754 1596 est
798 1551 1021 1608 epitheton
1062 1554 1243 1598 consilio
1289 1556 1388 1597 loci.
1470 1555 1696 1596 HEYMUS
1738 1566 1843 1596 vero

136 1632 275 1685 „levis
306 1633 484 1687 umbra,
517 1634 679 1689 inquit,
718 1640 933 1692 perpetuo
963 1635 1157 1693 epitheto
1188 1636 1370 1689 dIcitur,
1403 1640 1509 1691 puto
1544 1635 1644 1690 quia
1677 1634 1791 1677 foliis
1821 1647 1846 1676 e

142 1715 294 1758 fronde
325 1716 528 1760 arborum
560 1717 716 1761 leviter
740 1717 797 1762 ab
828 1731 935 1761 aura
967 1720 1097 1762 motis
1127 1720 1224 1775 ipsa
1252 1719 1404 1762 umbra
1433 1721 1564 1762 micat
1595 1723 1640 1761 et
1671 1723 1847 1761 contre-

139 1797 330 1841 miscit.“
390 1801 450 1841 At
493 1799 608 1842 enim
651 1804 699 1842 ut
739 1800 836 1844 aliis
880 1801 990 1844 loeis
1032 1802 1263 1844 conveniat
1306 1800 1416 1845 haec
1447 1802 1731 1856 significatio,
1779 1799 1848 1843 hic

141 1880 308 1923 inutilis
329 1887 398 1924 est
418 1886 464 1925 et
483 1883 639 1925 otiosa.
697 1880 847 1925 Etiam
878 1888 1092 1939 perpetua
1123 1881 1316 1939 epitheta
1347 1897 1427 1939 per
1457 1888 1595 1925 totum
1625 1883 1847 1925 Tibullum

143 1965 209 2006 sic
237 1967 340 2020 poni
370 1966 581 2020 vidimus,
622 1971 672 2008 ut
703 1978 877 2021 quoque
907 1966 1008 2008 loeo
1037 1967 1122 2009 vim
1155 1965 1366 2020 habeant,
1397 1980 1540 2022 neque
1569 1966 1685 2022 quod
1716 1967 1849 2020 vulgo

145 2055 406 2104 perpetuum
436 2049 595 2092 dicitur
623 2047 870 2104 epitheton,
910 2050 1071 2105 ubique
1102 2050 1284 2094 eandem
1314 2052 1674 2106 significationem
1707 2050 1850 2101 habet,

140 2129 197 2173 cf.
231 2130 287 2173 ad
317 2131 376 2185 ll,
403 2135 447 2184 6,
482 2134 527 2173 8.
589 2131 795 2174 Ceterum
826 2132 1015 2184 nemoris
1047 2132 1158 2178 Ievis
1190 2131 1349 2176 umbra
1383 2139 1450 2176 est
1481 2135 1618 2177 Ovu).
1651 2134 1760 2176 Met·
1792 2134 1849 2187 V,

69 2232 73 2235 ·
139 2217 243 2256 336.
277 2236 333 2245 —
378 2215 434 2259 V.
464 2218 523 2258 97
551 2229 650 2270 sqq.
711 2217 819 2258 Aut
851 2229 876 2258 e
907 2221 1070 2260 veste
1100 2230 1199 2260 sua
1231 2223 1316 2262 etc.
1362 2220 1500 2263 Ovm.
1531 2219 1651 2262 Fast.
1683 2220 1712 2261 l.
1745 2219 1846 2262 cit.:

140 2298 261 2338 Pars
293 2293 370 2336 ubi
394 2310 480 2353 pro
510 2296 669 2354 rigidis
699 2296 897 2338 calamos
926 2304 1131 2339 statuere
1157 2298 1384 2346 columnis,
1415 2303 1621 2356 Desuper
1641 2307 1851 2341 extentas

140 2379 385 2436 imposuere
414 2387 561 2438 togas.
623 2381 736 2423 Sunt
767 2379 876 2423 haec
911 2381 1162 2424 umbracula
1191 2384 1372 2426 sertis
1403 2386 1602 2428 vincta
1639 2387 1849 2439 suaviter,

142 2465 346 2508 viminum
378 2470 425 2508 et
454 2465 677 2508 iuncorum
709 2465 754 2507 in
798 2478 962 2508 morem
995 2466 1160 2511 circum
1197 2467 1469 2521 errantibus,
1515 2468 1636 2522 quasi
1668 2467 1849 2510 frondea

142 2548 200 2590 sit
240 2546 421 2590 trichila.
484 2549 620 2591 Plura
661 2547 716 2590 de
762 2546 829 2592 his
876 2550 1007 2592 rebus
1055 2549 1154 2593 vide
1200 2549 1316 2607 apud
1365 2551 1611 2594 HssYmuu.
1687 2550 1850 2594 Confer

143 2631 271 2673 etiam
312 2643 443 2687 supra
482 2631 541 2684 11,
575 2635 617 2684 1,
643 2634 718 2674 24.
750 2654 811 2663 -
863 2637 1207 2686 coronatus,
1252 2638 1301 2675 ut
1343 2635 1476 2676 moris
1526 2634 1711 2677 Graecis
1752 2639 1853 2690 post

144 2715 386 2758 Homerum
428 2720 473 2758 et
503 2715 739 2769 Romanis,
786 2715 841 2758 cf.
876 2717 1001 2759 Voss.
1035 2716 1090 2759 ad
1124 2717 1247 2771 Virg.
1280 2718 1449 2772 Georg.
1482 2718 1539 2772 ΙΙ,
1577 2733 1620 2774 p.
1653 2720 1757 2760 454.
1804 2722 1850 2760 et

143 2798 515 2841 Buouclffltrsmu
546 2798 601 2840 ad
632 2797 869 2840 Tibullum.
901 2820 959 2828 —
1002 2797 1120 2839 sibi
1153 2799 1426 2854 quisque,
1467 2813 1565 2842 nam
1599 2800 1850 2842 umbracula

147 2883 434 2924 communiter
465 2882 658 2924 fecerant
686 2894 958 2926 communem
990 2882 1033 2924 in
1063 2894 1204 2926 usum.
1229 2906 1290 2913 —
1324 2883 1431 2925 Ces
1443 2883 1683 2939 pitibus·
1735 2883 1850 2925 Sua-

144 2966 209 3008 vis
240 2966 358 3008 lusus
387 2966 429 3008 in
461 2965 721 3021 repetitione
762 2967 894 3010 vocis,
959 2967 1158 3010 Delectat
1200 2968 1388 3011 animum
1421 2969 1657 3022 cogitatio,
1703 2967 1849 3010 omnia

145 3046 215 3091 hic
245 3060 271 3090 e
302 3047 426 3090 viridi
455 3047 622 3103 cespite
653 3059 764 3092 esse.
827 3049 1057 3091 Postremo
1101 3062 1285 3104 quaeras
1331 3050 1552 3105 quomodo
1584 3051 1743 3094 factum
1780 3050 1850 3104 sit,

145 3135 195 3172 ut
234 3143 332 3172 cum
376 3130 418 3172 in
461 3128 544 3172 hoc
591 3130 763 3174 demum
806 3130 991 3176 disticho
1034 3133 1089 3176 de
1131 3135 1290 3176 mensis
1334 3140 1378 3177 et
1419 3134 1602 3190 dapibus
1634 3135 1850 3189 loquatur,

147 3214 325 3256 calicem
359 3215 443 3256 iam
474 3213 516 3255 in
544 3213 814 3256 antecedenti
844 3220 1163 3262 memoraverit.
1225 3218 1397 3275 Nempe
1421 3226 1649 3276 postquam
1674 3221 1848 3263 umbra—

149 3298 246 3340 cula
278 3296 389 3339 dixit
417 3297 547 3340 sertis
579 3298 746 3351 vincta,
777 3301 965 3342 suaviter
994 3302 1140 3345 statim
1171 3302 1417 3346 redimitum
1448 3305 1576 3346 sertis
1608 3305 1738 3346 etiam
1774 3316 1851 3344 ca-

150 3381 274 3423 licem
317 3386 526 3424 monstrat
567 3387 667 3425 ante
712 3387 936 3438 potantes,
985 3387 1154 3441 potiora
1202 3400 1287 3431 uno
1322 3387 1506 3431 disticho
1543 3389 1850 3443 complectens.
