2158 3750
360 274 464 320 266
753 267 1222 320 COMMENTAR.
1258 267 1335 320 IN
1372 267 1660 322 TIBULLI

360 412 704 463 affectibus,
750 424 868 454 cum
912 424 1014 454 non
1058 411 1328 455 videatur
1367 411 1471 457 hoc
1515 414 1675 457 modo
1715 428 2040 461 commorer

358 509 525 552 posse
556 487 843 548 Nemesis,
886 508 946 537 se
976 495 1267 539 submittit
1300 497 1552 552 imperio
1586 497 1870 552 dominae,
1911 501 2052 544 offe-

355 590 483 620 rens
513 576 660 632 quod
691 577 1072 630 carissimum,
1105 561 1159 619 et
1187 578 1446 620 tolerare
1477 583 1736 633 paratum
1765 592 1826 622 se
1854 579 2052 623 dicens

353 660 782 715 gravissimum,
822 660 969 715 quod
1013 661 1362 717 imposuerit
1403 662 1625 717 puella,
1665 663 1712 704 si
1743 661 1904 704 modo
1937 662 2055 718 pla-

355 741 485 784 cida
525 743 614 785 sit.

472 828 527 871 V.
548 831 608 870 52
639 842 732 883 sqq.
763 827 934 871 Illius
967 830 1119 883 lege,
1152 827 1470 871 conditionibus
1500 828 1554 871 ab
1586 828 1660 870 illa
1693 826 1972 884 praescriptis
2005 830 2053 869 ut

353 922 529 953 munera
558 911 749 953 afferam.
812 914 906 951 Lex
937 911 992 954 de
1022 911 1338 954 conditionibus
1369 912 1609 967 puellarum
1642 914 1708 953 est
1740 924 1778 953 v.
1805 924 1845 954 c.
1875 910 2054 952 Pmu'r.

352 992 472 1034 Asin.
502 992 537 1046 1,
569 996 612 1046 3,
644 997 714 1036 15.
759 998 803 1036 et
839 998 914 1037 81.
970 996 1207 1039 Pnorssrvr.
1238 996 1317 1048 IV,
1346 999 1391 1048 8,
1424 998 1497 1038 74.
1528 1018 1586 1026 —-
1643 994 1732 1037 Ite
1773 993 1871 1036 sub
1914 994 2052 1036 titu-

351 1076 475 1118 lum.
555 1077 643 1122 Qui
674 1077 804 1120 aedes
835 1091 935 1120 suas
969 1079 1155 1122 vendere
1184 1080 1381 1132 volebat,
1423 1078 1552 1120 affixa
1585 1078 1730 1120 tabula
1763 1090 1798 1121 s.
1831 1077 1954 1119 titulo
1985 1076 2055 1118 in-

349 1158 522 1201 dicabat
565 1160 940 1215 praetereuntibus
984 1161 1157 1203 venales
1198 1173 1271 1203 eas
1313 1172 1435 1212 esse,
1479 1159 1535 1201 cf.
1580 1161 1776 1202 Surus.
1819 1158 1874 1200 de
1918 1156 2053 1200 Modo

349 1241 529 1284 Usurar.
559 1255 597 1286 c.
633 1245 705 1284 15.
737 1246 783 1284 et
811 1242 958 1284 me.
990 1241 1043 1283 ad
1071 1240 1114 1283 h.
1138 1243 1166 1284 l.
1216 1241 1489 1283 Huscmcms
1522 1241 1652 1282 etiam
1684 1239 1844 1282 thssn.
1876 1238 1931 1280 de
1963 1238 2051 1280 Off.
2087 1223 2091 1227 ¹
2151 1240 2158 1253 ⁴

348 1321 430 1376 111,
473 1326 544 1365 13.
592 1323 701 1365 adiri
744 1323 876 1366 iubet.
953 1323 1123 1366 Dicitur
1164 1335 1235 1365 res
1276 1323 1562 1378 proscriptio,
1622 1327 1670 1364 ut
1717 1321 1824 1364 satis
1869 1324 2051 1362 constat.

351 1407 501 1451 Quare
527 1418 704 1449 sensus:
734 1405 877 1449 subite
908 1405 1279 1461 proscriptionem,
1313 1405 1615 1458 venditionem,
1646 1405 1796 1447 Lares,
1859 1404 1923 1446 Ac
1948 1414 2053 1445 con-

347 1486 493 1530 serunt
534 1501 632 1530 cum
673 1487 892 1531 lemmo
936 1485 1005 1529 hic
1047 1488 1185 1530 Ovm.
1228 1487 1358 1531 Rem.
1395 1488 1491 1531 Am.
1523 1490 1636 1530 301:
1685 1485 1814 1527 Illud
1851 1492 1895 1526 et
1939 1483 2057 1526 illud

348 1569 512 1617 habet,
559 1586 637 1612 nec
675 1585 729 1612 ea
772 1576 983 1612 contenta
1014 1569 1177 1626 rapina
1207 1566 1299 1609 Sub
1331 1567 1519 1611 titulum
1550 1575 1723 1610 nostros
1755 1566 1876 1609 misit
1908 1579 2054 1608 avara

347 1653 516 1698 zares,
558 1653 630 1695 ubi
662 1653 761 1696 vide
791 1653 1045 1696 Hnmsmm.
1106 1654 1279 1696 Dictum
1313 1665 1416 1695 vero
1450 1652 1604 1695 Latine
1635 1652 1725 1705 ire,
1769 1652 1937 1694 mittere
1972 1652 2052 1694 sub

347 1738 536 1790 titulum,
566 1742 615 1779 ut
645 1737 723 1790 ire,
759 1738 932 1779 mittere
964 1738 1044 1779 sub
1076 1738 1241 1792 iugum.
1304 1736 1452 1779 Etiam
1483 1736 1590 1779 illud
1617 1736 1713 1792 ipse
1743 1736 1892 1788 sentis,
1923 1749 2050 1791 quam

347 1823 456 1864 bene
498 1823 541 1864 in
584 1823 658 1864 tali
702 1823 914 1865 sententia
956 1823 1092 1864 Lares
1124 1836 1191 1878 pr.
1221 1821 1405 1864 aedibus
1436 1826 1512 1863 aut
1544 1820 1720 1877 praedio
1751 1820 1962 1863 dicantur.
1995 1842 2050 1851 -

343 1905 447 1948 sub
491 1905 801 1960 imperium.
865 1904 1116 1947 Creditores
1160 1904 1399 1957 debitoris,
1447 1904 1520 1958 qui
1562 1903 1733 1946 solvere
1772 1915 1858 1945 non
1890 1909 2050 1958 posset,

343 1991 588 2042 praetorem
631 1987 831 2039 adibant,
874 1991 922 2028 ut
953 1987 994 2027 in
1028 1986 1139 2027 bona
1181 1987 1480 2038 mitterentur,
1524 1997 1636 2038 quae
1668 1983 1827 2026 deinde
1859 1983 2052 2025 auctori-

344 2073 436 2110 tate
482 2066 694 2123 praetoris
737 2068 865 2109 etiam
911 2066 1098 2108 vendere
1144 2066 1328 2118 licebat,
1376 2065 1432 2108 cf.
1478 2066 1743 2108 Tnssopmn.
1793 2066 2049 2108 AN'rsscssss.

344 2151 445 2197 libr.
470 2151 550 2193 111.
582 2151 646 2194 tit.
670 2150 770 2194 Xll.
795 2166 837 2206 p.
856 2154 959 2193 610.
988 2151 1040 2193 Ρ.
1068 2156 1113 2193 et
1137 2151 1242 2193 Gn.
1274 2149 1414 2192 Instit.
1439 2149 1518 2203 III,
1543 2153 1615 2192 79.
1647 2165 1690 2205 p.
1713 2152 1817 2191 230.
1850 2147 2044 2191 Goesch.

344 2235 465 2277 Talis
496 2235 531 2276 si
564 2232 630 2275 hic
662 2239 777 2276 esset
807 2247 902 2288 res,
950 2235 1174 2290 imperium
1219 2234 1435 2289 praetoris
1478 2233 1662 2286 intelligi
1701 2231 1883 2274 deberet
1914 2232 2049 2273 notis-

341 2320 451 2362 simo
482 2332 563 2361 usu
597 2319 724 2360 vocis.
787 2318 876 2360 Sed
908 2317 1088 2360 inferres
1112 2317 1225 2372 quod
1254 2330 1338 2360 non
1372 2317 1484 2358 inest
1515 2316 1558 2358 in
1589 2314 1671 2359 hoc
1701 2316 1814 2359 loco,
1875 2316 1924 2359 Si
1956 2315 2050 2359 Ne-

341 2402 472 2444 mesis
504 2402 627 2456 plura
657 2405 700 2442 et
731 2400 894 2442 maiora
920 2412 1097 2442 munera
1127 2401 1333 2455 postulet,
1365 2401 1496 2443 etiam
1528 2398 1755 2455 praedium
1787 2411 1911 2442 suum
1942 2412 2050 2442 ven-

342 2484 446 2526 dere
482 2485 572 2526 vult
603 2483 829 2539 Tibullus,
860 2487 909 2525 ut
939 2480 1095 2524 habeat
1125 2482 1237 2525 unde
1269 2482 1505 2524 satisfaciat
1542 2481 1774 2524 avaritiae:
1815 2479 1898 2524 hoc
1929 2482 2049 2535 dicit,

342 2567 398 2611 de
443 2568 730 2611 creditoribus
773 2572 817 2609 et
858 2567 1032 2622 publica
1073 2568 1274 2610 auctione
1317 2567 1460 2609 nullus
1501 2565 1569 2608 hic
1613 2578 1771 2609 sermo.
1844 2566 2051 2622 Opponat

340 2651 476 2694 alius:
523 2650 669 2702 „Vere
699 2654 746 2690 tu
778 2647 909 2702 haec,
938 2648 1016 2690 sed
1048 2649 1134 2690 alio
1165 2648 1295 2690 modo
1324 2649 1538 2703 praetoris
1569 2647 1797 2703 imperium
1830 2648 2049 2702 intelliga-

340 2747 450 2777 mus.
511 2733 661 2775 Titulo
696 2732 827 2774 affixo
861 2731 1027 2773 invitati
1056 2731 1228 2772 veniant
1260 2736 1472 2784 emtoreS,
1504 2731 1663 2773 vendat
1691 2731 1916 2785 Tibullus;
1961 2733 2046 2775 iam

338 2818 395 2860 ad
420 2822 664 2874 praetorem
690 2816 826 2868 ibunt,
858 2820 907 2856 ut
932 2815 1061 2856 etiam
1091 2815 1132 2856 in
1164 2815 1257 2856 iure
1288 2815 1428 2856 cessio
1456 2816 1531 2857 fiat
1564 2819 1608 2857 et
1639 2820 1814 2871 praetor
1843 2817 2049 2858 solemni-

337 2907 407 2943 ter
449 2899 621 2942 addicat
663 2897 885 2954 praedium
930 2897 1132 2938 emtori.“
1206 2897 1363 2940 Audio,
1429 2899 1485 2938 At
1529 2897 1642 2939 enim
1686 2910 1799 2940 nunc
1840 2899 2047 2940 intolera-

338 2983 425 3024 bile
464 2981 873 3036 hysteronproteron
919 2977 1198 3030 habebimus,
1242 2991 1339 3020 cum
1383 2977 1552 3019 titulus
1584 2977 1652 3020 hic
1690 2983 1788 3034 post
1818 2977 2046 3034 imperium

338 3065 608 3116 nominetur,
649 3062 688 3106 h.
722 3076 759 3105 e.
806 3076 861 3105 ex
904 3063 976 3104 illa
1017 3063 1186 3104 ratione
1233 3067 1299 3104 est
1344 3062 1536 3104 venditio
1581 3067 1681 3117 post
1722 3062 1959 3104 cessionem
2002 3063 2045 3105 in

335 3147 458 3198 iure,
491 3159 617 3200 quam
649 3151 793 3187 tamen
824 3146 1084 3199 praecessit3
1129 3143 1373 3188 huiusmodi
1415 3144 1518 3198 quid
1552 3145 1683 3186 etiam
1713 3145 1756 3185 in
1788 3145 1911 3198 poesi
1943 3143 2044 3187 ferri

336 3228 510 3280 nequit,
554 3228 653 3280 quia
697 3230 844 3268 contra
889 3226 1100 3268 rationem
1143 3232 1210 3268 est
1242 3239 1327 3268 res.
1389 3226 1513 3268 Haec
1545 3239 1643 3268 cum
1675 3227 1735 3267 ita
1765 3226 1877 3278 sint,
1923 3231 2044 3281 patet

337 3322 482 3352 errare
516 3308 688 3350 omnino
730 3309 803 3360 qui
846 3307 900 3349 de
944 3309 1156 3362 praetoris
1200 3309 1382 3363 imperio
1425 3307 1491 3350 hic
1536 3308 1756 3362 cogitant3
1802 3313 1868 3350 est
1901 3310 2044 3364 potius

336 3392 461 3434 unice
503 3403 604 3434 vera
650 3391 797 3434 Vossn
840 3391 1076 3443 sententia,
1122 3392 1194 3444 qui
1229 3392 1398 3448 puellae
1431 3390 1629 3445 intelligit
1664 3391 1902 3445 imperium.
1967 3392 2042 3434 Sic
