2028 3796
980 768 1003 797 l

542 931 961 1017 FRIDERICO
1039 934 1415 999 JACOBSIO

900 1108 914 1122 ’
933 1114 961 1147 Ε
986 1115 1019 1147 Τ

237 1232 658 1295 FRIDERICO
725 1234 1176 1298 THEOPHILO
1251 1239 1710 1302 WELCKERO

340 1414 504 1460 VIRIS
553 1414 1090 1464 CONIUNCTISSIMIS
1137 1419 1599 1467 CELEBERRIMIS

501 1567 972 1633 LUDOLPHUS
1052 1572 1451 1635 DISSENIUS

947 1733 1032 1813 sj

8 2050 19 2061 ¹
117 2009 365 2100 Albium
407 2047 677 2099 Tibullum
716 2045 906 2111 edenS,
941 2044 1089 2117 quod
1112 2045 1279 2099 Vobis
1315 2057 1435 2098 ante
1473 2064 1654 2098 omnes
1677 2048 1826 2099 mitto

114 2192 247 2242 opus
284 2192 457 2227 meum
486 2184 537 2225 et
562 2173 732 2225 Vobis
760 2172 1017 2241 imprimis
1052 2171 1108 2224 id
1141 2183 1498 2224 consecratum
1524 2174 1677 2236 volo,
1711 2173 1830 2224 Viri

114 2294 328 2361 egregii,
369 2312 480 2347 non
516 2292 864 2357 mirabimini,
901 2293 994 2362 qui
1022 2302 1075 2343 et
1100 2292 1394 2358 cognitione
1425 2293 1677 2358 singulari
1700 2310 1829 2360 poe-

12 2440 15 2450 ·
115 2422 230 2464 scos
267 2410 512 2480 antiquae
554 2408 792 2479 polletis,
837 2419 887 2460 et
921 2408 1053 2460 mihi
1088 2408 1320 2461 faventes
1362 2411 1590 2460 maxime
1629 2409 1828 2462 dudum

25 3103 30 3107 .
0 2814 21 3023 'wetha-

0 3346 43 3637 ὶ

0 3664 43 3796 ᾗ

113 2537 228 2585 iure
266 2527 574 2600 ἁντίδωρον
609 2536 912 2596 exspectare
941 2526 1193 2596 poteratis
1226 2544 1325 2596 pro
1358 2526 1558 2579 Vestris
1594 2528 1830 2580 muneri-

114 2657 213 2706 bus
268 2651 550 2723 praeclaris
609 2648 1027 2706 retribuendum.
1122 2652 1199 2703 Ac
1253 2649 1591 2702 vehementer
1642 2647 1827 2711 laetor,

115 2770 258 2843 quod
305 2788 448 2823 nunc
499 2768 712 2823 tandem
762 2770 935 2823 officio
973 2769 1270 2822 satisfacere
1304 2785 1522 2837 possum
1559 2764 1830 2818 iucundis-

113 2889 263 2942 simo,
331 2888 470 2941 Nam
500 2887 654 2940 —inter
693 2897 773 2941 tot
812 2889 951 2940 mala
988 2886 1302 2940 valetudinis
1337 2887 1578 2957 iniquae,
1633 2884 1825 2955 quibus

116 3011 413 3075 conflictor,
461 3009 710 3062 amicitias
747 3020 798 3060 ct
845 3007 1220 3060 familiaritates
1255 3009 1492 3059 virorum
1530 3007 1826 3075 praeclaro-

112 3148 258 3194 rum,
297 3131 491 3201 quibus
521 3139 670 3194 utor,
721 3146 927 3198 semper
961 3146 1061 3198 pro
1095 3145 1285 3196 magno
1320 3139 1370 3180 et
1392 3127 1584 3194 insigni
1607 3142 1826 3178 munere

111 3254 277 3308 habui
314 3253 548 3322 propitio
588 3251 803 3305 numine
839 3252 972 3304 mihi
1006 3252 1239 3318 tribut03
1275 3268 1371 3303 nec
1411 3250 1704 3316 disiungere
1740 3265 1825 3299 so-

115 3378 197 3427 leo
249 3377 347 3428 hos
400 3391 581 3427 sensus
629 3392 659 3426 a
708 3373 889 3427 studiis
931 3373 1087 3436 meis,
1151 3371 1239 3425 sed
1282 3371 1496 3439 probari
1542 3369 1696 3436 cupio
1735 3368 1826 3417 ubi

1281 3487 1359 3530 a2
