2158 3750
350 327 414 372 32
425 327 451 371 2
742 314 1211 368 COMMENTAR.
1249 315 1323 366 IN
1361 316 1648 368 TIBULLI

353 476 503 505 mnnos
533 462 580 502 ΙΙ.
610 459 775 513 XXIII,
804 463 916 502 595:
950 454 978 517 ἢ
1009 463 1134 513 σοίγε,
1167 458 1411 518 Διοτρεφὲς,
1442 455 1592 517 ἤματα
1626 455 1771 502 πάντα
1800 456 1868 505 Ἐκ
1903 467 2050 514 θυμου

352 547 521 593 πεσέειν,
555 545 628 583 καὶ
658 543 860 591 δαίμοσιν
891 535 998 582 εἶναι
1031 537 1220 598 ἆλιτρός.
1284 543 1407 584 Iuvat
1437 545 1566 585 etiam
1592 544 1872 587 SOPHOGLEM
1897 547 2050 590 afferre

352 631 465 670 Aiac.
504 630 617 668 523:
661 619 762 666 ὅτου
797 621 838 666 δ’
869 622 1050 682 α’ποῤῥεῖ
1073 626 1255 682 μνῆστις
1290 614 1337 667 εὖ
1367 622 1663 677 πεπονθότος,
1697 623 1788 668 Onia
1819 622 1872 668 ἂν
1900 627 2053 681 γένοιτ’

347 709 417 753 ἔθ’
446 699 572 757 οὗτος
601 705 771 765 εὐγενής
803 705 925 766 α’νήρ.
987 710 1112 752 Haec
1144 709 1365 752 hactenus.
1426 709 1510 751 Est
1540 711 1654 752 enim
1691 722 1804 752 nunc
1835 710 1964 752 etiam
1995 711 2050 754 de

349 794 487 836 modis
523 792 772 835 notandum.
834 792 900 834 Ac
930 793 1114 847 primum
1157 793 1203 834 si
1250 806 1315 848 pr.
1356 807 1463 833 num
1494 805 1593 835 cum
1622 791 1856 835 indicativo
1886 793 2051 848 saepis-

347 879 455 919 sime
487 875 702 931 positum,
745 874 843 916 vide
875 875 1149 916 Summum
1181 874 1235 916 ad
1270 874 1426 917 Horat.
1458 874 1600 931 Epist.
1627 875 1664 929 I,
1694 879 1738 929 7,
1768 879 1842 919 39.
1874 890 1916 931 p.
1949 879 2050 919 182.

350 960 472 1002 Adde
502 973 599 1000 cum
631 958 901 1011 Huscnxro,
948 963 1170 1013 praestare
1202 957 1272 1000 hic
1303 958 1580 1002 indicativum
1613 958 1912 1011 coniunctim,
1953 970 2050 1001 cum

344 1043 399 1085 de
444 1055 496 1084 eo
538 1047 693 1095 agatur
734 1041 778 1083 in
824 1041 963 1095 primo
1008 1042 1228 1095 membro,
1273 1042 1391 1096 quod
1431 1043 1559 1085 unice
1589 1055 1740 1085 verum
1772 1042 1921 1098 cupiat
1951 1053 2048 1084 esse

2112 1045 2147 1154 lm*

344 1133 487 1184 poeta.
551 1126 715 1168 Contra
745 1124 788 1165 in
821 1125 1102 1178 sequentibus
1135 1125 1436 1167 coniunctivus
1481 1126 1649 1169 melior.
1711 1126 1780 1168 De
1811 1125 2047 1168 variatione

345 1211 570 1253 modorum
603 1195 657 1249 'in
701 1206 853 1249 eadem
897 1207 1080 1262 periodo
1124 1207 1239 1249 idem
1273 1206 1542 1248 Huscnxms
1572 1207 1850 1262 Propertium
1882 1209 2049 1251 confert

340 1296 421 1348 111,
453 1298 497 1347 5,
531 1295 590 1334 26
624 1304 720 1345 sqq.
782 1289 908 1332 Adde
952 1291 1289 1334 Laenium-{tm
1339 1289 1393 1331 ad
1440 1291 1644 1345 Propert.
1679 1290 1713 1343 Ι,
1750 1293 1795 1343 2,
1825 1293 1870 1334 9.
1901 1305 1945 1346 p.
1977 1294 2047 1332 10.

346 1377 457 1421 Nam
490 1390 514 1418 a
550 1373 728 1417 Tibullo
770 1372 910 1414 allena
949 1385 1047 1426 res,
1094 1377 1144 1414 ut
1190 1372 1337 1414 monui
1369 1372 1412 1414 in
1450 1371 1766 1414 Dissertatione
1799 1371 1854 1414 de
1883 1370 2049 1414 Elocu-
2124 1422 2126 1426 y

342 1462 461 1503 tione
494 1458 672 1501 Tibulli.
734 1455 818 1497 His
861 1454 1051 1510 peractis
1093 1458 1242 1496 cetera
1284 1452 1477 1495 notanda
1521 1466 1634 1508 quae
1674 1458 1855 1497 restant.
1914 1453 2048 1498 Vides

341 1549 487 1587 autem
523 1546 611 1583 tres
642 1537 803 1593 gradus
843 1538 887 1578 in
931 1548 1079 1578 amore
1123 1547 1291 1591 ponere
1333 1535 1635 1590 Lygdamum,
1679 1535 1796 1590 quod
1825 1535 2046 1579 Harmas
2115 1591 2118 1598 Δ
2154 1586 2155 1590 ¹

344 1630 465 1669 recte
497 1624 698 1666 observat
731 1620 942 1663 ludicrum
974 1632 1085 1662 esse.
1147 1620 1310 1662 Dicere
1343 1619 1531 1662 debebat
1561 1620 1842 1675 simpliciter=
1887 1618 1930 1661 si
1965 1634 2047 1663 no·
2110 1611 2114 1613 Δ

338 1707 427 1751 stri
457 1714 617 1748 mutua
649 1717 785 1754 cura,
816 1716 878 1744 an
909 1700 1142 1742 deciderim
1158 1708 1352 1757 pectore.
1412 1702 1502 1744 Ista
1537 1715 1642 1745 vero
1675 1701 1901 1756 diligentia
1931 1701 2044 1744 divl-
2105 1559 2158 1779 ἒ

341 1789 474 1832 sionis
505 1789 547 1829 in
581 1787 656 1828 tali
690 1798 739 1827 re
781 1797 867 1827 non
915 1784 1094 1837 elegans
1139 1787 1233 1837 est,
1280 1783 1359 1826 sed
1401 1783 1569 1839 putida.
1630 1785 1860 1828 Postremo
1899 1785 2045 1827 Emu-

340 1883 534 1916 s'mnms
565 1875 707 1912 totum
739 1865 955 1909 distichon
990 1865 1133 1907 alieno
1166 1865 1263 1906 loco
1305 1865 1493 1920 positum
1525 1866 1775 1920 contendit,
1816 1880 1912 1910 nam
1943 1870 2043 1910 ante

340 1955 541 2000 mandata
573 1953 626 1995 ad
669 1951 882 1994 Neaeram
914 1949 1174 2004 perferenda
1220 1949 1274 1990 de
1319 1962 1528 2004 responso
1574 1951 1748 2006 puellae
1789 1950 1888 1992 dici.
1951 1949 2043 1993 Sed

341 2042 385 2083 in
416 2039 498 2080 hoc
529 2035 715 2078 defendo
739 2033 1032 2087 Lygdamum,
1063 2032 1099 2072 si
1133 2031 1307 2084 quidem
1341 2031 1458 2085 quod
1491 2031 1559 2073 hic
1593 2033 1836 2087 postulatur
1862 2045 2045 2087 respon-
2118 2055 2122 2060 -

338 2136 462 2176 sum,
511 2116 721 2163 eiusmodi
765 2120 858 2169 est,
904 2119 954 2158 ut
998 2115 1129 2157 etiam
1165 2127 1244 2170 per
1273 2128 1322 2157 se
1356 2120 1400 2157 et
1431 2119 1535 2157 ante
1577 2115 1777 2158 mandata
1819 2117 2044 2170 sequentia

338 2207 516 2262 cognita
546 2203 729 2255 intelligi
761 2200 911 2256 possit.
974 2190 1164 2241 Omnino
1196 2211 1284 2240 non
1315 2211 1426 2254 opus
1458 2203 1526 2240 est
1558 2199 1600 2240 iu
1634 2199 1782 2254 poesi,
1816 2202 1866 2240 ut
1901 2199 2042 2241 omnia

338 2290 575 2336 secundum
616 2285 824 2341 temporis
865 2283 1062 2326 ordinem
1104 2284 1402 2336 collocentur,
1454 2282 1532 2325 sed
1574 2295 1707 2338 saepe
1735 2283 1773 2325 is
1803 2283 2044 2337 invertitur,
2115 2269 2142 2315 ἦ

336 2374 411 2416 ubi
443 2371 600 2413 idonea
630 2380 773 2410 causa.
835 2365 896 2407 Et
938 2363 1007 2407 hic
1047 2364 1221 2419 quidem
1261 2364 1367 2406 satis
1410 2369 1610 2420 apertum
1646 2370 1737 2418 est,
1784 2378 1897 2420 quae
1927 2380 2040 2410 nunc
2114 2403 2152 2426 ¹.

335 2458 541 2511 leguntur
572 2454 615 2495 in
643 2452 756 2503 fine,
789 2449 1000 2504 aptiorem
1034 2447 1198 2488 exitum
1230 2447 1454 2501 imponere
1489 2448 1697 2501 carmini,
1728 2447 1848 2502 quod
1877 2461 2041 2504 propo·-
2119 2450 2132 2498 *¹

335 2542 420 2584 sito
464 2535 646 2581 disticho
688 2533 830 2577 claudi
873 2533 1045 2588 poetice
1090 2543 1176 2572 non
1219 2534 1406 2586 poterat.
1437 2553 1496 2562 --
1548 2531 1603 2575 V.
1634 2534 1697 2574 21
1726 2545 1821 2586 sqq.
1864 2533 2039 2587 longa
2108 2571 2142 2595 Ἰ,

336 2625 547 2668 donate
594 2621 816 2670 salute,
872 2615 911 2659 h.
955 2630 994 2658 e.
1038 2617 1208 2658 salvere
1254 2616 1403 2658 iubete
1446 2617 1649 2671 longum,
1707 2618 1771 2660 uti
1805 2616 2042 2674 'perspexit

335 2711 574 2753 ScAmGssR
604 2704 783 2747 laudans
815 2702 954 2745 Vmc.
988 2700 1141 2754 Eclog.
1168 2700 1247 2752 III,
1270 2703 1356 2743 79:
1389 2701 1452 2739 Et
1484 2699 1667 2757 longum
1689 2698 1894 2757 formose
1924 2700 2040 2748 vale,

333 2789 459 2834 vale,
506 2787 653 2845 inquit
696 2785 811 2828 Iola.
885 2783 996 2824 Nam
1041 2781 1094 2822 de
1139 2782 1402 2823 salutatione
1448 2780 1532 2823 dici
1574 2783 1723 2836 liquet.
1796 2785 2046 2828 Assentitut

333 2888 430 2919 cum
462 2874 557 2916 aliis
587 2873 857 2915 Huscnxms
889 2879 1142 2922 comparans
1173 2868 1318 2910 STAT.
1349 2867 1455 2911 Silv.
1486 2868 1564 2921 IV,
1598 2871 1684 2910 10:
1734 2868 1817 2910 Cui
1841 2869 2039 2926 primum
2070 2847 2106 2922 ’γ
2133 2851 2143 2897 ’s

331 2956 463 2999 solito
497 2953 622 3012 vulgi
661 2951 713 2992 de
753 2965 869 2992 more
901 2948 1123 2995 salutem,
1168 2950 1279 2990 Mox
1324 2947 1504 2990 inclusa
1546 2949 1686 2993 modis
1716 2950 1827 2992 llaec
1856 2951 2037 2994 reddere
2095 2982 2100 2987 -
2135 2982 2138 2989 «

331 3037 465 3080 verba
497 3040 722 3078 memento.
751 3055 812 3064 -
857 3033 997 3074 Porro
1040 3032 1306 3073 meritam
1350 3031 1391 3075 h.
1426 3046 1463 3074 e.
1510 3033 1804 3088 dignissimam
1845 3036 1921 3078 tali
1964 3050 2034 3079 sa-
2099 3030 2114 3055 '²'

333 3122 437 3164 lute.
499 3118 657 3162 Iniuria
702 3115 924 3170 displicuit
967 3127 1052 3156 vox
1093 3114 1314 3166 Hanno,
1359 3118 1404 3156 et
1444 3116 1556 3158 male
1596 3115 1864 3160 Huscmuus
1906 3133 2035 3174 nym-
2071 3094 2134 3178 ᾗ

328 3202 466 3259 plzam
500 3201 706 3257 reposuit,
739 3198 854 3253 quod
887 3211 972 3240 non
1004 3198 1163 3239 dicitur
1195 3198 1328 3240 latine
1359 3197 1414 3239 de
1446 3203 1596 3254 nupta,
1628 3203 1678 3241 ut
1703 3201 1810 3244 vult.
1874 3201 2032 3246 Verum

331 3287 469 3329 tenuit
499 3287 631 3327 etiam
662 3285 869 3327 Vossms.
894 3306 953 3313 -
987 3283 1275 3325 submisso
1306 3294 1473 3335 sono,
1507 3281 1545 3324 h.
1580 3295 1620 3324 e.
1653 3283 1762 3336 leni,
1793 3296 1880 3325 non
1909 3284 2032 3326 nimis

329 3369 447 3410 clara
478 3380 612 3419 voce,
658 3366 736 3408 sed
767 3365 1040 3419 verecunda3
1091 3378 1188 3407 nam
1235 3364 1431 3406 modeste
1463 3369 1508 3406 et
1539 3365 1752 3407 submisse
1783 3374 1878 3408 orat
1904 3367 2031 3422 puel-

329 3453 413 3495 lam
439 3456 482 3495 et
512 3450 679 3506 expetit
704 3448 966 3503 coniugium.
1030 3449 1197 3492 Vellem
1230 3447 1447 3490 omisisset
1479 3446 1563 3489 hoc
1593 3447 1945 3491 additamentum.
1973 3469 2028 3480 —·
2072 3443 2122 3509 J<
