2158 3750
722 270 905 324 LlBR.
943 273 986 324 Ι.
1055 272 1257 324 ELEG.
1289 272 1360 324 V.
1789 277 1891 323 123

191 415 389 470 luporum
418 426 574 458 saevae
597 415 824 459 voracitati
855 415 1018 460 relicta.
1080 414 1288 459 Ceterum
1320 412 1503 458 similem
1538 411 1695 456 famem
1726 411 1892 456 descri-

191 496 254 539 bit
289 496 509 540 Lucmtss
539 497 617 551 VI,
651 500 888 541 loa-117.
917 520 979 530 -
1037 498 1090 543 V.
1124 501 1185 541 55
1213 511 1280 553 sq.
1344 496 1629 541 Continuatur
1657 495 1893 552 descriptio

190 581 344 623 summi
384 579 544 625 furoris
584 594 642 627 ex
681 581 812 625 fame.
871 580 1037 624 Mentis
1079 593 1165 624 non
1209 592 1414 637 compos,
1456 580 1546 633 ait,
1593 582 1739 622 currat
1778 578 1892 621 nuda

190 661 336 706 scissis
366 664 558 708 vestibus
597 676 678 722 per
718 663 852 707 urbes
891 664 1114 718 ululetque
1154 664 1317 708 furiosa
1359 665 1403 707 iu
1441 651 1620 708 modum
1658 663 1894 708 bestiarum

192 746 303 790 fame
334 746 591 802 furentium,
634 747 678 790 in
716 759 804 803 quo
834 746 1059 803 turpitudo
1094 747 1318 802 inguinum
1353 751 1399 791 et
1428 747 1725 804 pudendorum
1755 745 1894 791 nuda·

191 835 332 875 torum
362 831 418 875 ad
447 830 737 888 impuritatem
767 830 970 875 lenocinii
1000 831 1216 888 pertinet3
1260 830 1428 875 discant
1469 845 1620 876 omnes
1658 844 1787 886 quam
1827 831 1895 874 in·-

192 913 348 956 t'amem
377 917 603 968 quaestum
639 913 886 957 exercuerit
922 912 1101 966 mulier,
1140 925 1228 956 non
1258 914 1350 956 veri
1378 914 1538 957 amoris
1567 913 1644 957 sed
1673 913 1896 956 libidinum

190 994 393 1039 adiutrix.
423 1016 483 1027 -—-
534 996 677 1040 Post
715 1001 878 1052 agat,
919 1009 1035 1053 pone
1072 1009 1178 1040 vero
1209 1009 1397 1052 sequens
1428 1001 1532 1051 agat
1561 1009 1588 1039 e
1617 996 1822 1040 triviis
1853 999 1898 1039 et

189 1081 476 1132 persequatur
504 1078 675 1122 turba
714 1093 944 1135 canum,
985 1086 1036 1125 ut
1079 1081 1211 1125 etiam
1249 1081 1447 1124 Hecatae
1477 1093 1657 1123 coenam
1686 1081 1745 1123 ibi
1777 1082 1897 1136 posi-

192 1164 277 1202 tam
303 1161 524 1216 *attingere
563 1167 765 1218 nequeat.
829 1162 1013 1206 Constat
1043 1163 1158 1207 enim
1186 1157 1370 1220 Ἑκάτης
1403 1163 1577 1205 δεῖπνον
1605 1163 1787 1216 singulis
1816 1175 1898 1205 no-

194 1242 366 1286 viluniis
396 1257 422 1287 a
454 1244 683 1289 ditioribus
711 1246 758 1290 in
784 1258 911 1289 usum
954 1259 1192 1303 pauperum
1221 1246 1266 1289 in
1298 1246 1436 1289 triviis
1465 1245 1568 1302 poni
1597 1245 1799 1298 solitum,
1842 1243 1898 1288 cf.

191 1325 525 1373 Hauswssauus.
556 1327 614 1372 ad
644 1328 825 1374 Lucieu.
847 1330 1021 1386 Dialog.
1046 1331 1260 1374 Mortuor.
1283 1330 1320 1385 Ι,
1340 1332 1399 1383 1.,
1428 1341 1510 1373 nec
1539 1341 1625 1372 non
1654 1329 1900 1385 interprett.

190 1407 246 1450 ad
287 1410 541 1453 Ams'rom.
581 1411 698 1456 Plut.
738 1414 846 1456 596.
893 1425 993 1456 cum
1035 1410 1224 1456 Scholiis
1266 1417 1313 1456 et
1353 1411 1408 1456 ad
1450 1412 1666 1456 Parnon.
1712 1425 1752 1455 c.
1794 1414 1899 1455 135.

193 1494 398 1539 Ceterum
428 1503 537 1552 post
567 1500 659 1540 estz
689 1509 718 1540 a
745 1501 902 1552 tergo,
932 1501 982 1540 ut
1010 1495 1047 1549 Ι,
1077 1499 1149 1550 10,
1179 1499 1253 1540 24.
1314 1495 1439 1540 Adde
1469 1496 1903 1539 thnnamcmtm.

193 1581 336 1636 Atque
376 1580 438 1624 ita
478 1581 697 1638 explicitis
737 1581 920 1637 singulis
960 1581 1082 1624 vides
1124 1581 1362 1638 perfectam
1392 1581 1603 1624 unitatem
1634 1581 1721 1623 loci
1751 1581 1900 1630 totius,

193 1663 235 1704 in
265 1676 352 1718 quo
381 1665 416 1706 si
445 1663 633 1708 foeditas
661 1677 807 1708 rerum
849 1665 928 1708 tibi
958 1664 1252 1722 displicuerit,
1299 1664 1548 1708 memineris
1576 1663 1898 1720 imprecationis

194 1759 400 1790 nervosae
430 1761 560 1791 causa
590 1748 734 1792 omnia
764 1746 874 1801 dici,
915 1761 1028 1803 quae
1055 1747 1186 1791 etiam
1215 1748 1321 1790 alias
1353 1747 1496 1802 turpia
1527 1746 1716 1800 invexit,
1749 1745 1807 1790 cf.
1840 1746 1896 1789 ad

196 1832 231 1884 1,
263 1835 306 1886 9,
335 1835 395 1875 52
425 1846 520 1887 sqq.
579 1833 808 1876 Summum
839 1836 985 1876 autem
1023 1832 1251 1876 consilium
1291 1836 1450 1888 poetae
1491 1845 1576 1875 non
1617 1829 1699 1874 hoc
1732 1835 1900 1874 tantum

194 1916 287 1970 fnit,
326 1922 375 1958 ut
404 1917 509 1959 iram
540 1917 583 1960 in
614 1917 756 1960 lenam
788 1922 1022 1971 evomeret,
1055 1918 1133 1962 sed
1163 1916 1300 1960 voluit
1331 1915 1456 1958 simul
1489 1914 1699 1957 indirecte
1730 1913 1898 1957 Deliam

194 2010 377 2041 avocare
415 2002 461 2040 et
491 1996 714 2042 deterrere
743 2011 772 2041 a
801 1998 1049 2055 praeceptis
1084 1998 1296 2041 scelestae
1337 1996 1553 2051 mulieris,
1597 1996 1720 2039 cuius
1762 1996 1901 2052 turpi-

194 2078 383 2123 tudinem
425 2079 806 2137 imprecationibus
845 2080 1112 2136 gravissimis
1151 2079 1394 2123 luculenter
1435 2063 1683 2122 declaravit.
1755 2079 1901 2134 Atque

195 2162 277 2207 boc
306 2164 452 2208 statim
480 2178 508 2208 e
545 2165 827 2221 sequentibus
857 2165 1012 2209 discas.
1040 2186 1101 2199 —-
1145 2165 1199 2210 V.
1231 2168 1292 2209 57
1322 2178 1388 2220 sq.
1421 2165 1516 2207 dat
1547 2164 1719 2219 signa
1748 2163 1903 2208 deuS.
1975 2195 1979 2198 -

194 2245 404 2300 Intelligit
431 2258 588 2301 omen,
618 2246 736 2302 quod
765 2247 850 2290 sibi
874 2247 1046 2291 videtur
1071 2247 1310 2304 accepisse.
1372 2247 1488 2290 Dicit
1515 2251 1663 2290 autem
1695 2245 1778 2290 hoc
1809 2259 1902 2289 ma-

195 2328 353 2371 nifesto
394 2327 452 2371 ad
493 2328 740 2372 terrendam
784 2329 969 2374 Deliam.
1044 2328 1156 2372 Mox
1196 2329 1411 2372 relicta
1451 2329 1641 2372 Venus
1682 2328 1904 2372 iniusta

199 2413 330 2466 lege
371 2417 439 2455 est
482 2425 580 2455 cum
622 2413 832 2455 alteruter
875 2413 1110 2456 amantium
1153 2413 1337 2457 aiterum
1381 2412 1546 2469 perfide
1586 2413 1804 2467 deseruit,
1852 2419 1903 2456 ut

199 2507 312 2537 nunc
346 2494 470 2538 Delia
499 2494 747 2548 Tibullum,
789 2499 835 2537 et
874 2495 1064 2538 saevit
1105 2498 1172 2538 est
1202 2507 1267 2551 pr.
1301 2507 1464 2551 poenas
1494 2493 1638 2537 sumit.
1699 2494 1760 2538 Et
1790 2507 1902 2538 nuuc

199 2576 370 2631 quidem
403 2576 587 2632 primum
617 2590 722 2639 sane
754 2578 850 2621 lena
893 2577 1093 2634 punietur
1132 2576 1339 2634 perfidiae
1371 2582 1550 2631 auctor,
1597 2578 1753 2621 deinde
1783 2592 1904 2632 vero,

200 2659 282 2703 boc
311 2660 424 2703 enim
454 2660 580 2703 simul
610 2659 774 2716 innuit,
817 2662 949 2705 etiam
981 2661 1134 2715 Delia,
1178 2661 1260 2704 nisi
1290 2673 1416 2716 quam
1450 2662 1634 2717 primum
1665 2661 1720 2704 ad
1751 2662 1904 2706 melio-

200 2755 288 2787 rem
320 2742 491 2797 frugem
520 2741 709 2787 redierit.
780 2743 892 2789 Quis
935 2743 1048 2787 enim
1091 2743 1176 2787 iam
1218 2755 1304 2786 non
1343 2743 1477 2787 sentit
1518 2743 1620 2799 quid
1662 2743 1802 2786 subsit
1841 2742 1904 2787 his

200 2825 366 2878 verbis,
411 2837 499 2880 quo
529 2826 708 2870 tendant
739 2827 919 2872 omnia?
978 2827 1243 2871 observabis
1277 2833 1422 2872 autem
1455 2828 1652 2871 eximiam
1685 2827 1906 2872 lenitatem

202 2912 357 2964 poetae
383 2911 590 2961 amantia,
633 2911 706 2966 qui
738 2912 876 2969 parcit
906 2917 1114 2969 quantum
1150 2917 1295 2970 potest
1327 2926 1404 2969 per
1437 2917 1574 2955 totum
1605 2912 1747 2955 locum
1778 2912 1908 2968 puel-

204 2991 270 3033 lae
301 2993 559 3037 carissimae.
621 2994 784 3037 Gravia
814 2993 947 3048 dicit,
976 2994 1053 3039 sed
1085 3008 1170 3039 non
1202 2994 1380 3040 directis
1409 2994 1554 3037 verbis
1588 2994 1774 3049 castigat
1803 3005 1905 3051 pet-

204 3072 348 3118 iidiam
377 3074 486 3128 eius,
528 3074 790 3132 imprecatur
819 3075 958 3131 lenae,
998 3077 1164 3120 nuntiat
1198 3077 1305 3121 iram
1337 3077 1534 3127 Veneris,
1565 3077 1734 3121 Deliam
1766 3077 1904 3134 ipsam

204 3158 390 3203 noudum
435 3160 694 3214 nominavit,
740 3166 919 3217 propter
948 3166 1076 3217 quam
1120 3160 1224 3206 haec
1268 3163 1384 3206 dicta
1417 3167 1514 3206 sruit
1547 3161 1744 3204 maxime.
1807 3160 1905 3203 Hoc

203 3249 270 3285 est
314 3242 549 3297 indirecte,
598 3249 715 3287 tecte
755 3244 986 3290 admonere
1028 3251 1072 3290 et
1113 3252 1257 3291 tamen
1300 3247 1502 3302 graviter.
1534 3268 1593 3276 —-
1640 3246 1694 3288 V.
1725 3248 1798 3288 59.
1831 3247 1905 3286 60.

208 3332 522 3383 praecepta
549 3341 736 3383 sagae.
799 3328 924 3372 Talia
955 3330 1146 3375 iuvenies
1173 3331 1287 3388 apud
1310 3331 1547 3374 Pnorna‘r.
1573 3329 1649 3382 lv,
1674 3331 1716 3381 5,
1739 3330 1790 3369 21
1815 3340 1906 3380 sqq.

209 3407 307 3451 Noli
337 3410 494 3464 igitur,
527 3411 612 3465 ait,
651 3411 803 3455 divites
833 3418 1050 3458 amatores
1082 3413 1317 3470 praeferre.
1344 3438 1402 3447 -—
1446 3425 1562 3455 nam
1596 3410 1758 3453 donis
1793 3408 1905 3450 vin—
