2086 3756
691 204 786 255 DE
825 204 995 256 VITA
1033 204 1334 257 TIBULLI.
1478 183 1493 197 “
1779 224 1872 255 xm

167 347 303 400 Nam
338 349 548 399 tertium
583 347 776 399 librum
813 365 924 400 non
961 367 1070 401 esse
1106 349 1303 401 Tibulli
1351 367 1466 399 cum
1514 351 1625 401 aliis
1676 362 1871 402 certum

166 444 338 494 habeo
377 453 428 492 et
460 441 602 492 infra
634 443 810 502 multis
848 445 1161 509 argumentis
1199 442 1483 495 ostendam.
1567 443 1670 496 Sed
1719 448 1872 497 etiam

167 539 259 604 qui
294 537 504 588 Tibullo
541 534 866 602 adscriblmt,
903 549 1079 590 tamen
1113 540 1255 591 hunc
1296 542 1471 592 locum
1506 544 1743 608 spurium
1775 544 1871 594 ha-

163 636 315 698 bent,
352 651 470 684 cum
506 650 629 684 ann.
667 638 814 698 711.,
852 652 960 702 quo
996 637 1060 686 A.
1084 636 1286 687 Hirtius
1322 647 1374 688 et
1404 635 1462 689 C.
1487 633 1677 690 Vibius
1700 641 1872 691 Pansa

160 727 307 779 Coss.
341 729 398 778 in
433 740 610 794 pugna
643 728 933 780 Mutinensi
969 747 1086 780 cum
1121 731 1353 782 Antonio
1402 730 1702 786 dimicantes
1740 735 1870 786 ceci-

159 823 375 888 derunt,
412 826 558 875 nullo
594 823 753 876 modo
791 825 990 876 Tibulli
1018 826 1210 875 natalis
1248 842 1358 876 esse
1394 829 1641 892 potuerit.
1728 829 1871 880 Dicit

159 917 377 972 Ovidius
430 919 727 983 Τ1131.Ν,
768 923 861 984 10,
912 923 977 970 51
1027 937 1142 987 sqq.
1192 936 1247 970 se
1295 928 1348 969 et
1392 919 1725 987 Propertium
1776 924 1868 973 Ti-

154 1015 320 1067 bullo
336 1017 566 1068 minores
601 1025 760 1068 natu·

368 1112 649 1178 Yirgilium
679 1107 794 1165 vidi
827 1119 1031 1162 tantum
1044 1146 1059 1174 ,
1097 1127 1209 1181 nec·
1231 1128 1388 1164 avara
1423 1111 1634 1164 Tibullo

439 1209 673 1275 Tempus
709 1207 960 1258 amicitiae
994 1207 1102 1258 fata
1139 1205 1330 1258 dedere
1367 1225 1532 1259 meae.

369 1299 650 1356 Successor
682 1304 784 1355 fuit
816 1305 902 1355 hic
936 1304 1061 1366 tibi,
1099 1304 1274 1367 Galle,
1310 1304 1613 1372 Propertius
1647 1302 1753 1366 illi,

440 1396 672 1460 Quartus
709 1400 775 1450 ab
810 1398 894 1448 his
930 1399 1064 1450 serie
1098 1401 1348 1465 temporis
1382 1401 1494 1465 ipse
1531 1400 1629 1450 fui.

152 1489 360 1555 Quodsi
399 1509 522 1544 ann.
569 1498 695 1544 711.
744 1502 898 1544 natus
934 1495 1199 1559 Tibullus,
1251 1493 1478 1545 eundem
1514 1512 1635 1546 cum
1672 1491 1863 1547 ovidio

151 1592 375 1642 natalem
410 1607 608 1642 annum
642 1591 857 1655 habuit,
903 1591 1181 1658 Propertio
1218 1608 1347 1645 vero
1381 1593 1561 1642 iunior
1594 1592 1722 1655 fuit,
1771 1591 1865 1659 qui

149 1688 329 1738 saltem
365 1704 490 1737 ann.
529 1692 650 1739 706.
671 1698 763 1739 aut
789 1694 911 1740 707.
947 1699 1102 1739 natus
1129 1699 1223 1740 est.
1288 1687 1503 1754 ‘Deinde
1528 1704 1597 1738 ex
1619 1687 1722 1737 hoc
1759 1687 1862 1738 cal-

149 1782 266 1833 culo
303 1781 543 1833 Tibullus
580 1781 855 1835 duodecim
892 1794 945 1837 et
978 1782 1227 1835 tredecim
1264 1800 1525 1835 annorum
1551 1799 1687 1850 puer
1721 1782 1862 1832 bello

154 1877 459 1945 Aquitanico
505 1877 566 1927 in
600 1876 856 1929 Messalae
907 1881 1154 1930 comitatu
1199 1879 1546 1942 interfuisset,
1595 1876 1740 1946 quod
1774 1895 1861 1943 ge-

146 1981 283 2023 stum
332 1989 455 2023 ann.
506 1974 814 2037 723-724.,
857 1973 1155 2043 eodemque
1206 1967 1440 2040 tempore
1486 1974 1591 2024 iam
1643 1983 1862 2023 amasset

47 2111 52 2115 .
145 2069 383 2133 Deliam3
419 2085 543 2118 nam
581 2069 707 2134 eleg.
737 2069 788 2132 1,
830 2073 877 2118 1.
915 2070 1105 2136 scripta
1141 2086 1266 2119 ann.
1306 2074 1427 2119 723.
1465 2077 1517 2118 et
1553 2068 1681 2133 eleg.
1716 2067 1772 2131 I,
1811 2070 1862 2119 3.

145 2176 425 2217 auctumno
461 2183 586 2217 ann.
625 2167 747 2217 724.
817 2162 967 2228 Quae
997 2167 1192 2233 inepta.
1264 2166 1340 2216 Ac
1370 2164 1624 2230 Scaliger,
1659 2164 1860 2228 Dousa,

66 2241 71 2244 ἱ
144 2264 370 2330 Vulpius
384 2299 398 2326 ,
433 2263 857 2326 Brouckhusius,
893 2263 1132 2331 Heynius
1166 2261 1453 2314 secundum
1487 2279 1700 2315 versum
1735 2279 1859 2328 spu·
1908 2311 1910 2313 ,

142 2359 280 2408 rium
326 2355 541 2420 dixere,
599 2355 866 2424 Spohnius
917 2365 1088 2414 totum
1137 2355 1411 2410 distichon.
1492 2355 1598 2408 Sed
1645 2358 1859 2410 frustra.

142 2455 336 2506 Verius
384 2449 685 2506 iudicarunt
733 2454 828 2522 qui
875 2463 1043 2504 totum
1088 2455 1284 2506 librum
1327 2454 1539 2506 tertium
1585 2455 1857 2506 intellexe-

140 2560 268 2601 runt
294 2566 405 2601 non
436 2567 548 2601 esse
573 2550 787 2600 Tibulli.
859 2547 1049 2616 Spreto
1085 2550 1243 2616 igitur
1264 2550 1365 2602 hoc
1393 2550 1690 2600 testimonio
1714 2548 1857 2618 quod

139 2649 371 2711 nullum,
408 2663 527 2697 cum
563 2647 665 2698 alia
699 2646 787 2698 via
820 2638 1163 2712 ingredienda
1199 2657 1362 2711 esset,
1417 2647 1602 2698 Dousa
1639 2647 1860 2699 coniecit

138 2754 350 2813 poetam
397 2760 521 2794 ann.
569 2749 690 2795 690.
738 2753 946 2817 natum,
1004 2761 1164 2812 quam
1213 2745 1523 2796 sententiam
1564 2746 1858 2811 probarunt

137 2843 535 2896 Brouckhusius
548 2881 564 2909 ,
614 2842 913 2906 Fabricius,
961 2841 1216 2909 Vulpius,
1263 2837 1543 2893 Massonus
1557 2878 1571 2905 ,
1621 2839 1857 2892 Sanado-

138 2956 266 3003 nus,
301 2940 479 2991 verius
516 2946 691 2989 autem
725 2938 947 2991 Vossius
996 2938 1115 2990 circ.
1167 2955 1289 2987 ann.
1329 2941 1449 2988 695.
1486 2938 1683 2988 natales
1717 2936 1859 2987 Albii

138 3035 342 3101 posuit,
392 3034 478 3086 cui
525 3034 722 3085 assensi
771 3044 895 3084 sunt
929 3034 1181 3097 Bachius,
1237 3031 1530 3100 Spohnius,
1564 3032 1858 3095 Passovius,

51 3118 53 3126 Α
140 3131 261 3195 alii,
314 3147 636 3200 quamquam
688 3146 968 3199 perperam
1017 3129 1274 3180 Messalae
1322 3137 1488 3180 aetate
1542 3138 1859 3196 comparata,

142 3229 234 3297 qui
269 3245 380 3281 non
417 3247 540 3282 ann.
578 3234 733 3292 695„
783 3227 875 3281 sed
913 3246 1036 3280 ann.
1077 3231 1199 3280 685.
1248 3238 1400 3279 natus
1434 3226 1662 3282 videtur.
1752 3223 1856 3277 Sed

143 3327 335 3378 amicus
388 3343 584 3395 suppar
633 3337 825 3389 aetate,
878 3338 936 3378 ut
983 3325 1219 3391 videtur,
1266 3322 1515 3377 Horatius
1566 3333 1706 3384 erat,
1766 3321 1857 3388 qui
