2086 3756
875 197 1179 250 TIBULLI.
1682 223 1863 255 mcxxv

169 343 429 405 solutum,
479 351 529 393 et
562 359 662 410 pro
696 341 903 409 templis
942 342 1252 395 habitaverit
1287 343 1343 394 in
1380 345 1564 396 humili
1603 364 1732 398 casa.
1802 350 1864 398 In

169 457 276 507 quo
312 439 664 489 Tibullianam
700 435 1010 488 divisionem
1045 455 1224 488 rerum
1263 456 1500 505 agnosco,
1585 440 1685 491 Sed
1725 460 1863 493 nunc

169 533 441 586 considera
475 531 606 582 mihi
638 531 766 581 haec
802 529 1050 582 disticha:

306 625 354 679 Ο
392 627 632 693 quotiens
666 625 758 675 fflo
796 626 1021 677 vitulum
1057 637 1286 692 gestante
1322 646 1418 694 per
1458 647 1606 694 agros

370 719 580 768 Dicitur
615 735 893 769 occurrens
931 720 1200 770 erubuisse
1238 721 1421 773 soror!

307 811 353 865 Ο
393 815 634 880 quotiens
673 829 858 878 ausae,
906 800 1112 863 caneret
1149 811 1276 863 dum
1309 817 1443 865 valle
1480 819 1576 866 sub
1620 815 1748 880 alta,

373 908 637 974 Rumpere
677 907 877 974 mugitu
921 909 1151 958 carmina
1187 906 1338 958 docta
1373 908 1566 959 boves!

302 1002 468 1071 Saepe
505 1003 662 1055 duces
697 1003 912 1071 trepidis
950 1004 1149 1072 petiere
1187 992 1399 1054 oracula
1431 1007 1617 1064 rebus,

373 1099 538 1151 Venit
572 1109 624 1150 et
660 1118 691 1150 a
721 1101 930 1168 templis
966 1100 1117 1151 irrita
1156 1101 1313 1150 turba
1349 1099 1594 1151 domum:

301 1194 466 1261 Saepe
501 1196 720 1247 horrere
756 1211 931 1246 sacros
969 1194 1137 1246 doluit
1170 1194 1375 1245 Latona
1417 1194 1655 1260 capillos„

371 1289 520 1354 Quos
555 1290 809 1343 admirata
844 1301 918 1342 est
954 1291 1070 1359 ipsa
1104 1309 1331 1344 noverca
1365 1292 1529 1357 prius,

159 1387 292 1438 Dixi
326 1389 382 1439 in
420 1389 659 1457 sequenti
697 1390 862 1456 capite
904 1387 968 1438 de
1011 1389 1282 1454 anaphora
1327 1388 1610 1454 explicate,
1658 1384 1751 1434 ubi
1786 1385 1862 1434 vi-

160 1481 306 1534 debis
353 1501 465 1535 eam
512 1485 807 1534 conformes
851 1484 1132 1534 sententias
1177 1483 1449 1550 requirere
1495 1490 1546 1532 et
1583 1478 1862 1531 divisiones

158 1588 420 1628 accuratas
465 1577 663 1629 rerum.
732 1578 890 1630 Nunc
938 1589 1112 1630 autem
1158 1595 1293 1646 quae
1338 1587 1414 1627 est
1453 1576 1588 1626 ratio
1635 1575 1860 1624 horum:

159 1673 206 1726 Ο
244 1675 484 1742 quotiens
517 1676 743 1727 vitulum
779 1677 1022 1741 gestavit,
1064 1692 1096 1726 o
1125 1676 1368 1743 quotiens
1400 1673 1629 1723 carmina
1661 1669 1862 1735 mugitu

154 1781 414 1836 ruperunt
446 1767 636 1821 boves!
695 1769 1071 1838 Imprimisque
1106 1770 1264 1821 haec:
1304 1769 1467 1834 Saepe
1503 1766 1715 1817 oracula
1749 1765 1862 1814 fru-

154 1875 263 1914 stra
290 1867 555 1931 petierunt
580 1863 753 1927 duceS‚
789 1881 942 1930 saepe
973 1865 1185 1930 capillos
1210 1865 1427 1913 horrere
1455 1857 1618 1910 doluit
1642 1859 1861 1917 Latona,

140 1958 349 2024 >quibus
386 1960 519 2008 nihil
553 1957 839 2019 diversiu3‚
877 1975 982 2028 qua
1014 1959 1126 2022 lege
1166 1957 1449 2024 composita
1486 1953 1644 2005 sunt?
1716 1953 1861 2003 Nihil

152 2052 456 2106 huiusmodi
497 2057 623 2105 alias
667 2072 887 2123 usquam
929 2053 1068 2121 apud
1106 2054 1376 2104 Tibullum
1421 2050 1674 2102 invenias.
1757 2047 1855 2098 Sed

156 2147 480 2200 emendasset
519 2150 740 2216 opinor,
763 2171 767 2173 ’
792 2150 836 2200 si
874 2151 986 2216 ipse
1031 2149 1226 2200 librum
1269 2146 1554 2198 secundum
1604 2144 1860 2195 edidisset.

154 2242 296 2294 Haec
332 2246 599 2296 hactenus·
670 2243 899 2296 Omnino
938 2245 1000 2295 de
1039 2244 1415 2311 compositione
1453 2241 1858 2307 descriptionum.

156 2338 296 2405 apud
333 2341 603 2391 Tibullum
641 2341 764 2391 satis
801 2340 1012 2391 dictum.

259 2434 361 2486 Sed
419 2437 668 2502 expositis
724 2437 887 2502 copiis
946 2439 1132 2487 harum
1190 2436 1471 2502 elegiarum
1534 2433 1703 2484 statim
1761 2434 1859 2482 alia

154 2533 325 2584 oritur
365 2535 620 2600 quaestio,
703 2534 848 2585 Haec
884 2534 1108 2586 varietas
1145 2551 1323 2584 rerum
1363 2548 1540 2582 annon
1577 2529 1633 2579 fit
1669 2528 1858 2595 passim

153 2639 212 2679 ut
258 2639 455 2695 pugnet
492 2642 667 2680 secum
704 2629 759 2680 in
802 2628 983 2683 eadem
1021 2626 1225 2695 elegia?
1297 2629 1377 2679 Ita
1414 2628 1595 2678 saltem
1633 2627 1858 2692 vulgaris

153 2725 331 2789 opinio
381 2725 497 2774 fert.
581 2722 684 2774 Sed
733 2724 944 2775 minime
990 2724 1076 2788 fit,
1135 2725 1217 2775 aio
1269 2722 1541 2791 equidem3
1601 2734 1868 2789 nusquam·

152 2816 363 2870 dissidet
409 2819 544 2869 male
591 2829 640 2870 et
688 2829 888 2886 pugnat
936 2836 1110 2869 secum
1157 2819 1284 2868 haec
1320 2817 1541 2869 varietas
1580 2827 1631 2866 et
1667 2815 1858 2866 discre-

150 2923 335 2979 pantes
371 2930 554 2964 sensus
586 2913 750 2964 infert
782 2912 1095 2975 iniucunde‚
1132 2912 1222 2963 sed
1259 2909 1543 2962 concordat
1578 2910 1771 2976 optime
1810 2921 1857 2960 et

150 3011 395 3076 pulchras
430 3011 659 3061 rationes
694 3009 1051 3077 oppositarum
1090 3026 1267 3059 rerum
1312 3010 1486 3058 habet.
1572 3006 1646 3058 Ut
1682 3005 1860 3058 ordiar

152 3106 216 3154 ab
255 3105 345 3167 iis,
399 3121 533 3171 quae
575 3104 864 3171 apertiora,
915 3104 1009 3155 ubi
1047 3104 1164 3172 quis
1212 3103 1474 3154 molestias
1515 3114 1603 3153 aut
1638 3105 1858 3153 vulnera

152 3208 203 3247 et
242 3186 422 3249 caedes
458 3198 583 3248 belli
620 3200 965 3267 conqueritur
1000 3210 1050 3248 et
1084 3197 1332 3264 praedam
1369 3215 1426 3247 ac
1462 3197 1727 3248 luxuriam
1768 3197 1856 3245 ‹le-

152 3302 399 3354 testatur‚
464 3291 594 3359 quid
647 3294 855 3346 suavius
906 3292 1236 3360 oppositione
1291 3291 1628 3357 simplicitatis
1679 3289 1855 3355 paucis
