2158 3750
295 281 362 324 82
685 271 1154 327 COMMENTAR.
1198 276 1273 327 IN
1313 277 1380 326 TI
1388 276 1601 328 BULLI

304 421 406 478 poni
443 419 633 466 ostendit
673 419 1077 464 Wrmnnnmcmus
1123 435 1147 465 e
1196 422 1402 464 Sun'rON.
1443 422 1556 477 Aug.
1588 425 1658 466 42.
1702 424 1867 470 Ticr‘r.
1901 427 2010 471 Anu.

303 507 340 557 Ι,
376 510 444 550 10.
477 504 592 560 quod
623 509 769 547 tamen
802 503 1002 548 Tibullus
1033 518 1117 549 non
1150 505 1266 548 fecit.
1299 528 1357 534 —
1405 505 1431 546 d
1451 508 1635 549 eserit
1674 508 1826 551 sitim
1859 514 2010 551 ornate

311 602 376 643 pr.
409 587 572 630 deserit
601 587 818 630 sitientem
850 587 906 631 cf.
937 588 993 632 ad
1023 589 1058 643 Ι,
1088 592 1132 644 2,
1165 592 1238 634 11.
1289 590 1530 632 PROPERT.
1561 589 1642 643 ΙΙΙ,
1671 594 1714 643 5,
1747 593 1802 634 4:
1834 605 1913 632 nec
1945 590 2010 633 bi-

306 670 368 710 bit
401 683 423 710 e
451 682 626 726 gemma
661 667 799 710 divite
829 676 989 712 nostra
1019 668 1136 714 sitis.
1169 695 1224 702 —
1281 671 1334 714 V.
1367 674 1425 712 79
1458 684 1523 725 sq.
1584 672 1766 715 Danai
1796 673 2012 729 proles,

301 751 520 794 Danaides
565 765 652 795 non
699 765 874 807 omnes,
920 754 998 797 sed
1043 767 1121 798 eae
1166 767 1277 810 quae
1320 755 1499 798 maritos
1543 768 1645 798 suos
1688 756 2011 800 iuterfecerunt.

304 834 511 877 Ceterum
553 847 625 877 res
667 839 796 889 nota,
839 836 898 880 cf.
929 837 1166 880 APOLLOD.
1200 836 1258 888 ΙΙ,
1292 839 1334 880 1.
1366 840 1412 879 et
1450 837 1692 894 iuterprett.
1735 837 1788 882 ad
1829 839 2010 882 Hrem.

303 919 480 959 168.—
510 917 756 961 Veneris
788 918 1006 960 numina
1037 919 1238 972 laesit,
1270 923 1320 961 ut
1352 917 1582 962 laeduntur
1612 919 1670 963 dii
1702 920 1899 974 legitimo
1930 932 2013 962 usu

301 999 471 1041 dicendi
503 1000 559 1042 ab
589 1002 854 1055 amantibus,
897 1003 1178 1057 coniugibus,
1225 1004 1298 1057 qui
1328 1002 1458 1045 fidem
1490 1003 1635 1047 datam
1664 1004 1842 1058 fallunt,
1886 1004 1941 1047 cf.
1974 1005 2011 1057 Ι,

302 1086 346 1136 9,
379 1086 421 1124 6.
455 1083 591 1125 Ονιυ.
621 1083 805 1126 Heroid.
835 1083 893 1136 ΙΙ,
923 1085 996 1125 43.
1059 1083 1265 1125 Ceterum
1298 1085 1514 1128 Venerem
1544 1089 1714 1128 constat
1743 1086 1874 1129 etiam
1905 1099 2012 1129 con·

301 1167 431 1221 iugiis
459 1167 726 1220 praefuisse,
770 1166 825 1208 cf.
862 1165 1162 1209 Bnoncxmfs.
1192 1189 1251 1196 ——
1284 1167 1336 1209 in
1379 1181 1520 1211 cava
1551 1169 1728 1223 dolia,
1772 1173 1909 1213 πίθον
1938 1187 2015 1213 τε-

302 1252 513 1307 τρημένον
544 1249 691 1292 dicunt
714 1250 887 1302 Graeci,
918 1249 973 1292 cf.
991 1250 1137 1293 Pam
1170 1251 1308 1306 Gorg.
1331 1266 1372 1307 p.
1390 1254 1494 1295 493.
1513 1253 1565 1295 Β.
1598 1253 1935 1298 Heus'rmums.
1957 1255 2012 1298 ad

304 1334 484 1376 Lucian.
518 1333 630 1376 Dial.
664 1334 821 1376 Marin.
851 1334 927 1377 vl.
958 1334 1136 1390 Bipont.
1170 1335 1221 1377 T.
1245 1335 1301 1377 ΙΙ.
1336 1351 1378 1392 p.
1403 1339 1506 1380 367.
1539 1337 1724 1382 Homer.
1746 1339 1826 1394 ΙΙΙ,
1850 1342 1917 1393 11,
1938 1342 2013 1383 26.

303 1416 418 1461 Vide
449 1421 674 1472 praeterea
706 1416 760 1458 de
790 1415 870 1459 hac
900 1416 1044 1459 fabula
1076 1417 1426 1462 Bomrrcenmn
1458 1421 1502 1463 in
1530 1420 1814 1477 Archaeolog.
1845 1423 2012 1467 Pictur-

303 1517 346 1557 p.
367 1505 457 1544 362
483 1515 654 1556 sqq.—-
685 1503 812 1545 V.81
838 1515 903 1556 sq.
938 1502 1270 1558 quicunque
1300 1517 1452 1547 meos
1483 1505 1735 1549 violavit
1775 1518 2010 1559 amores,

304 1582 345 1628 h.
372 1597 412 1626 e.
443 1584 571 1627 fidem
604 1590 772 1627 amatae
804 1586 1066 1630 labefactare
1095 1588 1290 1638 tentavit⁷
1319 1593 1368 1630 ut
1399 1592 1520 1631 recte
1551 1589 1743 1646 explicat
1768 1590 2012 1633 anmn-

303 1682 516 1722 mcnrtrs3
570 1674 808 1723 sequuntur
846 1671 958 1713 enim
1000 1684 1103 1714 mox
1134 1672 1292 1715 verba:
1343 1679 1392 1712 at
1427 1679 1478 1713 tu
1509 1679 1641 1714 casta
1673 1686 1868 1716 maneas.
1930 1670 2014 1715 Est

302 1766 407 1796 vero
438 1751 632 1799 laedere,
662 1753 831 1795 violare
860 1769 1031 1798 amores
1061 1760 1136 1798 aut
1167 1756 1414 1808 amantium,
1446 1756 1518 1810 qui
1550 1755 1679 1800 fidem
1710 1768 1797 1799 non
1827 1763 2015 1811 servant,

304 1841 351 1879 ut
383 1836 418 1889 I,
447 1839 490 1890 9,
525 1839 566 1879 1.
601 1840 688 1890 19„
720 1841 795 1879 aut
825 1850 990 1890 eorum,
1023 1838 1095 1892 qui
1127 1838 1288 1880 amicas
1320 1842 1601 1893 corrumpunt
1629 1842 1707 1881 aut
1736 1850 2015 1895 corrumpere

303 1926 485 1976 tentant,
517 1924 587 1965 vel
618 1923 704 1965 alio
735 1923 865 1965 inodo
894 1924 1070 1978 violant,
1101 1928 1150 1966 ut
1184 1925 1324 1966 Ovm.
1355 1923 1468 1966 Met.
1494 1922 1570 1974 IV,
1600 1927 1703 1966 191.
1748 1921 1850 1968 vid.
1880 1922 2014 1966 Her-

303 2018 376 2049 Nn
407 2005 653 2048 Observatt.
684 2005 739 2047 ad
773 2006 805 2058 1,
837 2009 879 2058 2,
912 2008 985 2048 91.
1012 2027 1068 2036 -
1101 2006 1334 2061 optavit
1366 2006 1560 2047 lentas
1590 2004 1726 2048 mihi
1757 2005 2012 2048 militias.

306 2089 482 2143 Optime
512 2091 660 2130 monet
703 2086 920 2128 Hermus
962 2086 1018 2128 de
1049 2087 1160 2128 votis
1192 2087 1390 2140 malignis
1422 2091 1466 2128 et
1501 2076 1784 2130 fascinatione
1816 2087 2012 2130 rivalium

306 2171 583 2225 cogitandum
616 2184 726 2225 esse,
758 2171 935 2213 Tibullo
968 2185 1047 2227 pro
1079 2171 1386 2227 superstitione
1418 2172 1544 2215 istius
1574 2171 1784 2229 temporis
1815 2172 2012 2215 morbum

307 2268 433 2297 suum
455 2255 650 2297 rivalium
683 2253 951 2308 quorundam
983 2254 1241 2308 malignitati
1273 2254 1505 2307 tribuente,
1535 2255 1609 2309 qui
1641 2253 1723 2298 hoe
1751 2255 2014 2311 expetierint

305 2350 331 2379 a
376 2336 458 2378 diis
502 2335 704 2391 precibus
747 2340 824 2377 aut
867 2334 1128 2378 carminibus
1171 2336 1378 2389 magicis,
1426 2342 1474 2379 ut
1505 2341 1678 2393 tempus
1717 2334 1928 2380 habereut
1956 2335 2015 2380 ad

306 2418 662 2475 corrumpendam
694 2419 878 2461 Deliam.
940 2420 1147 2462 Ceterum
1181 2420 1369 2463 militias
1400 2420 1532 2474 dicit,
1565 2433 1651 2464 non
1682 2419 1905 2470 militiam,
1936 2432 2013 2465 va-

305 2502 392 2544 rias
423 2506 563 2543 terras
593 2505 638 2543 et
668 2502 871 2555 regiones
901 2502 1163 2557 respiciens,
1208 2503 1283 2545 ubi
1315 2503 1585 2547 militandum
1614 2508 1731 2547 esset
1759 2516 1859 2547 cum
1890 2503 2014 2548 Mes-

303 2587 409 2628 sala.
440 2609 498 2616 ——
548 2586 673 2629 Haec
713 2585 933 2630 hactenus.
995 2587 1088 2630 Iam
1123 2588 1234 2631 enim
1266 2589 1448 2644 singulis
1482 2589 1692 2632 enarratis
1731 2588 1788 2633 de
1815 2590 2015 2633 universa

303 2671 516 2714 sententia
557 2669 840 2712 distichorum
882 2671 1079 2726 proxime
1119 2671 1466 2714 antecedentium
1497 2675 1634 2714 restat
1663 2675 1713 2714 ut
1744 2682 2011 2715 moneamus.

305 2754 395 2795 Cur
423 2753 557 2807 igitur
583 2752 638 2795 de
665 2752 818 2808 poenis
849 2750 967 2795 hisce
996 2757 1042 2794 et
1070 2751 1282 2796 damnatis
1312 2753 1457 2797 dixit?
1517 2753 1690 2809 Legisti
1720 2753 1848 2797 modo
1880 2755 2012 2798 verba

305 2839 347 2881 in
380 2840 536 2882 rivales
567 2838 710 2892 dicta,
749 2852 800 2880 ac
832 2851 919 2881 non
951 2839 1036 2881 iam
1066 2838 1284 2882 dubitabis
1317 2837 1400 2883 liuc
1431 2839 1650 2896 pertinere
1681 2839 1838 2884 omnia.
1898 2838 2012 2883 Nam

302 2921 498 2963 Ixionem
540 2919 712 2975 quidem
753 2919 982 2962 manifesto
1023 2925 1204 2976 propter
1246 2921 1400 2964 rivales
1443 2924 1821 2976 commemoravit3
1861 2927 1912 2966 ut
1942 2921 2013 2966 hie

302 3002 511 3046 Iunonem
543 3006 712 3045 tentare
743 3015 873 3045 ausus
905 3007 996 3056 est,
1029 3004 1091 3046 sic
1122 3004 1193 3046 isti
1226 3004 1420 3058 Deliam,
1452 3010 1612 3061 poetae
1643 3004 1821 3048 foedere
1850 3005 2011 3049 amoris

301 3088 506 3129 iunctam.
565 3086 802 3128 Denuntiat
838 3087 973 3141 igitur
1016 3087 1097 3131 hoc
1139 3090 1340 3145 exemplo
1371 3089 1577 3133 rivalibus
1608 3088 1764 3132 similia
1792 3088 2010 3131 molienti-

300 3171 382 3212 bus
413 3182 596 3224 poenam
627 3169 829 3212 futuram.
893 3169 983 3212 Sed
1027 3184 1106 3213 cur
1145 3172 1324 3225 Tityum
1367 3177 1413 3215 et
1454 3172 1687 3215 Tantalum
1725 3169 1883 3213 addit?
1920 3168 2011 3240 ³lta

300 3267 484 3297 censeo:
533 3255 583 3297 Si
622 3252 729 3297 haec
771 3255 943 3298 nomina
974 3257 1102 3313 plane
1141 3259 1280 3301 aliena
1317 3262 1463 3301 essent
1493 3271 1519 3301 a
1548 3256 1767 3314 praesenti
1807 3268 1878 3310 re,
1922 3267 2008 3297 non

299 3339 411 3381 bona
441 3338 554 3380 foret
585 3338 814 3380 collocatio
848 3351 1019 3392 rerum3
1068 3345 1160 3382 erat
1203 3341 1316 3383 enim
1347 3354 1404 3384 ex
1439 3339 1518 3383 hac
1548 3339 1715 3382 ratione
1751 3338 1919 3380 initium
1952 3337 2007 3379 ab

294 3423 357 3465 his
391 3423 533 3479 potius
565 3423 805 3466 nominibus
837 3423 1094 3478 faciendum,
1125 3425 1254 3469 tertio
1286 3439 1389 3469 vero
1418 3426 1516 3468 loco
1544 3422 1667 3466 Ixion
1690 3421 2005 3475 memorandus,
