2028 3796
1785 206 1821 237 v

121 342 231 389 cam
283 333 752 388 demonstraverint
798 332 946 393 satis,
995 330 1213 385 Vossius
1266 340 1438 382 autem
1480 330 1654 383 denuo
1693 331 1820 384 duas

121 454 322 522 elegias-
344 453 640 506 distraxerit
670 453 727 503 in
765 463 1034 521 quattuor,
1095 451 1320 521 denique
1356 451 1571 520 plurimi
1602 451 1818 504 omnino

117 575 444 641 imperfectas
493 582 614 623 esse'
660 539 903 622 censeant
955 570 1356 638 compositiones
1398 568 1623 633 Tibulli,
1675 568 1820 638 quod

118 709 289 760 nuper
322 690 532 760 repetiit
564 687 879 756 Bernhardy
924 688 982 739 in
1018 689 1237 741 historia
1269 689 1500 742 literaria
1536 705 1647 741 sua.
1718 689 1819 739 Ac·

117 809 308 864 cedunt
338 809 686 863 dissensiones
721 807 787 860 de
821 808 963 861 tertii
997 819 1048 860 et
1083 811 1256 877 quarti
1288 809 1413 862 libri
1450 808 1650 874 origine
1685 823 1821 860 non-

117 927 242 980 dum
280 928 612 996 compositae.
684 923 832 990 Quae
868 943 963 994 ego
985 944 1104 979 cum
1132 925 1532 990 considerarem,
1564 927 1716 978 facile
1739 926 1821 978 in-

115 1049 408 1116 telligebam
442 1049 783 1118 interpretem
821 1049 1025 1120 requiri
1064 1050 1262 1119 optimo
1290 1060 1474 1117 poetae
1489 1087 1504 1113 ‚
1542 1028 1636 1118 qui
1669 1064 1822 1116 prae-

114 1182 194 1223 ter
232 1171 500 1238 vulgarem
539 1171 694 1223 etiam
729 1171 996 1236 altiorem,
1049 1189 1207 1242 quam
1243 1169 1425 1222 dicunt
1440 1207 1455 1235 ,
1510 1151 1823 1220 hermeneu-

21 1309 37 1320 “
115 1291 268 1343 ticam
301 1288 598 1355 adhiberet,
634 1291 1064 1361 compositionem
1121 1301 1172 1343 et
1202 1292 1455 1343 unitatem
1495 1290 1688 1356 elegiae
1733 1306 1822 1340 cu-

114 1411 300 1478 iusque
334 1407 454 1489 data
488 1426 650 1477 opera
685 1410 1032 1472 examinaret,
1079 1420 1242 1460 artem
1277 1409 1534 1476 poeticam
1562 1407 1704 1460 Albii
1738 1425 1823 1459 ac-

114 1527 341 1579 curatius
363 1528 698 1596 explanaret,
739 1539 791 1582 et
809 1528 1019 1583 tandem
1040 1529 1343 1597 profligaret
1366 1529 1641 1597 opiniones
1669 1544 1822 1595 prae-

111 1646 251 1697 claro
286 1658 443 1715 poeta
477 1646 735 1729 iondignas.
804 1647 964 1703 Absit
998 1668 1030 1701 a
1063 1668 1146 1703 me
1183 1659 1242 1701 ut
1277 1660 1607 1702 contemnam
1639 1645 1825 1698 merita

113 1764 315 1830 egregia
355 1775 436 1817 tot
482 1766 718 1820 virorum
770 1769 1184 1836 praeclarorum,
1242 1768 1337 1837 qui
1387 1767 1601 1818 Tibullo
1657 1764 1824 1831 expli-

112 1882 277 1936 cando
319 1902 536 1954 operam
571 1898 860 1951 navarunt,
911 1886 1004 1939 sed
1046 1889 1104 1937 in
1152 1886 1266 1936 aliis
1315 1885 1475 1937 rebus
1516 1884 1824 1934 versabatur

111 2001 260 2054 docta
300 2022 427 2055 cura
466 2021 650 2056 eorum
663 2040 679 2068 ‚
724 2004 780 2054 in
825 2005 923 2055 hac
959 2021 1087 2058 vero
1122 2013 1301 2070 parte,
1354 2017 1512 2070 quam
1547 1997 1691 2062 dice,
1743 2000 1821 2048 la-

108 2122 263 2173 borat
296 2139 407 2174 non
435 2124 607 2174 solum
644 2121 875 2185 Tibulli,
931 2118 1025 2171 sed
1076 2120 1230 2171 etiam
1278 2119 1503 2170 aliorum
1534 2119 1823 2168 multorum

110 2242 422 2309 scriptorum
456 2243 837 2310 interpretatiO.
903 2242 988 2295 Ne
1022 2244 1214 2308 multa3
1249 2243 1356 2293 iam
1381 2242 1506 2292 olim
1534 2239 1705 2291 editor
1730 2238 1820 2289 Ti-

109 2365 242 2415 bulli
279 2375 400 2431 post
433 2363 829 2418 Wunderlichii
864 2374 1117 2426 mortem,
1153 2363 1352 2415 tentavi
1377 2381 1519 2413 nunc
1546 2361 1700 2411 etiam
1717 2357 1817 2419 hic,

110 2501 216 2552 quo
267 2502 350 2536 me
397 2484 693 2538 studiorum
737 2503 980 2538 meorum
1026 2486 1161 2536 ratio
1207 2485 1434 2546 ferebat,
1501 2479 1822 2547 adhibuique

107 2601 247 2653 idem
292 2621 456 2670 genus
494 2603 937 2674 interpretationis
973 2605 1130 2657 Albio
1179 2604 1322 2674 quod
1370 2619 1542 2670 nuper
1575 2597 1822 2660 PindarO,

108 2724 390 2788 probatum
423 2704 602 2777 multis
638 2727 1048 2794 intelligentibus
1084 2727 1228 2780 viris·
1316 2726 1391 2777 Ac
1437 2724 1667 2791 primum
1705 2721 1822 2788 qui-

109 2841 228 2893 dem
264 2842 525 2898 illustravi
557 2863 994 2916 unamquamque
1025 2847 1240 2913 elegiam
1282 2841 1692 2904 Introductione‚
1731 2838 1825 2889 ubi

110 2960 175 3013 de
219 2964 388 3016 causis
438 2967 667 3019 externis
718 2978 770 3020 et
821 2966 886 3020 de
933 2967 1309 3035 compositione
1355 2965 1466 3015 eius
1506 2956 1825 3030 disputatum

110 3093 213 3151 est3
259 3101 328 3135 ex
363 3087 680 3154 argumentis
708 3090 867 3155 vulgo
904 3086 1202 3156 praemissis
1237 3082 1467 3136 laudabo
1505 3081 1550 3132 si
1587 3080 1704 3149 quis
1738 3080 1823 3131 vel

110 3204 267 3255 unius
318 3206 510 3273 elegiae
560 3227 743 3262 veram
800 3209 1230 3278 compositionem
1284 3202 1627 3263 intellexerit,
1687 3215 1825 3250 nunc

113 3334 284 3374 autem
322 3324 631 3381 crediderim
667 3347 775 3383 non
814 3345 969 3398 posse
1002 3328 1056 3379 in
1091 3338 1361 3396 posterum
1398 3320 1462 3373 de
1499 3318 1695 3370 unitate
1733 3316 1825 3365 ha-
