2158 3750
617 262 802 316 LIBR.
841 264 907 316 11.
981 264 1185 316 ELEG.
1223 266 1316 318 111.
1721 275 1822 320 255

125 415 170 452 ct
198 388 470 452 Huscuxrus
503 410 559 451 ad
590 407 632 451 Ιι.
665 410 691 450 Ι.
717 431 777 440 -
814 408 904 451 lam
936 408 1210 450 tristibus
1242 408 1361 452 vides
1391 420 1475 452 non
1507 420 1602 451 esse
1631 406 1827 465 ingratis

122 492 326 544 amatori,
372 499 421 534 ut
464 506 562 535 cum
604 493 783 535 Vum’ro
827 492 1046 534 Hermus
1091 498 1265 546 censet,
1307 492 1386 536 sed
1428 492 1483 536 ad
1513 493 1822 536 obscuritatem

120 576 307 618 rusticae
338 576 452 618 vitae
484 575 713 631 pertinere.
748 595 804 606 —
853 586 961 615 non
1007 575 1153 616 tanti
1197 579 1329 617 sunt
1359 579 1454 618 tua
1483 580 1691 629 musta,
1730 577 1822 619 scil.

123 662 171 699 ut
200 663 401 700 venustas
431 662 476 700 et
507 657 647 712 gloria
691 656 931 712 puellarum
962 660 1142 711 propter
1182 668 1235 698 ea
1265 656 1492 700 delitescat
1521 663 1566 700 et
1598 661 1748 714 pereat
1781 659 1822 700 in

121 744 251 797 agris.
282 767 338 774 —
390 747 583 799 pater,
627 741 853 783 notissimo
896 752 1002 792 usu,
1050 737 1122 782 hic
1162 753 1267 783 vero
1310 741 1504 784 additum
1550 747 1599 785 ut
1641 743 1826 785 leniatur

123 828 357 882 paullulum
387 827 543 869 duritia
573 824 803 867 verborum
833 823 1194 868 antecedentium.
1219 848 1276 856 —
1310 826 1364 869 V.
1396 830 1453 869 67
1485 841 1578 882 sqq.
1611 841 1676 872 ne
1706 829 1826 871 sint

119 909 302 959 modo,
350 907 388 950 h.
430 907 460 949 Ι.
502 907 614 949 malo
659 906 801 948 valere
846 905 1024 959 fruges,
1077 918 1204 959 quam
1255 920 1352 950 esse
1399 921 1499 952 rure
1541 911 1722 966 puellas.
1765 934 1822 944 -

118 991 309 1046 prisco
339 1001 515 1040 more,
557 999 687 1030 sensu
718 984 827 1029 haec
857 985 988 1029 verba
1018 987 1148 1029 etiam
1179 987 1233 1030 ad
1266 989 1385 1044 prius
1415 991 1654 1035 membrum
1685 993 1822 1049 perti-

115 1078 231 1125 nent,
262 1071 406 1127 posuit
434 1076 577 1113 tamen
614 1069 659 1112 in
687 1067 879 1112 secundo
910 1080 963 1111 ea
994 1066 1182 1123 demum,
1214 1071 1351 1113 veluti
1385 1071 1443 1126 11,
1475 1077 1520 1127 5,
1551 1077 1626 1118 54.
1656 1074 1819 1120 factum

114 1160 159 1197 et
200 1154 307 1196 alias
347 1152 625 1209 saepissime,
670 1151 726 1196 de
773 1165 860 1208 quo
902 1152 1062 1208 ubique
1110 1166 1283 1197 moneo.
1318 1178 1371 1187 -
1431 1159 1671 1213 passim,
1714 1173 1821 1217 pro-

113 1238 289 1281 miscue.
349 1236 545 1279 anms
587 1233 790 1278 laudante
832 1233 1165 1278 Bnoucxmssxo
1197 1237 1251 1291 V,
1281 1240 1337 1282 8:
1383 1240 1682 1283 Garamantes
1722 1254 1820 1283 ma-

111 1320 419 1363 trimoniorum
445 1325 645 1361 exsortes
666 1315 842 1374 passim
869 1331 969 1358 cum
990 1316 1180 1375 seminis
1205 1318 1389 1378 degunt·
1451 1322 1584 1366 Addit
1611 1323 1818 1367 VULPms

113 1403 241 1448 ovid.
273 1405 367 1448 Art.
400 1404 495 1447 Am.
525 1402 563 1455 I,
592 1403 676 1444 44:
722 1401 845 1442 Dum
885 1398 990 1440 licet
1020 1406 1067 1440 et
1106 1398 1216 1442 loris
1243 1402 1415 1457 passim
1437 1412 1569 1460 potes
1599 1404 1664 1447 ire
1693 1405 1818 1449 solu-

110 1491 198 1540 tis,
227 1486 359 1546 Elige
390 1485 465 1528 cui
494 1485 644 1531 dicas,
675 1491 729 1526 tu
760 1482 872 1526 mihi
901 1482 1001 1526 sola
1025 1482 1195 1541 places.
1218 1509 1278 1517 -
1308 1487 1363 1530 V.
1394 1492 1449 1530 71
1485 1501 1580 1542 sqq.
1629 1489 1819 1546 adspi-

114 1571 306 1624 rabat‚
351 1569 567 1626 propitius
608 1571 726 1621 erat,
769 1566 828 1610 cf.
858 1565 917 1610 ad
946 1566 1003 1620 ΙΙ,
1036 1569 1078 1620 1,
1108 1569 1183 1610 80.
1212 1591 1271 1599 —-
1319 1575 1544 1624 aperte,
1590 1570 1670 1614 sub
1702 1570 1818 1625 divo,

110 1669 207 1698 cum
248 1668 333 1698 non
373 1653 510 1710 turpis
551 1656 670 1695 esset
710 1663 783 1694 res
823 1651 868 1693 in
908 1651 992 1693 ista
1029 1649 1304 1705 simplicitate
1347 1653 1568 1708 temporis,
1644 1652 1818 1697 Adiecit

109 1745 252 1780 tamen
285 1737 508 1779 Tibullus:
556 1736 606 1777 in
645 1734 913 1778 umbrosa
957 1735 1136 1788 valle,
1167 1734 1284 1790 quod
1315 1736 1402 1778 noli
1437 1737 1686 1792 negligere,
1718 1751 1813 1781 mo-

108 1828 238 1866 nente
268 1823 399 1865 etiam
428 1820 688 1862 Huscmno.
717 1841 778 1849 —-
824 1819 1018 1872 Mitis,
1060 1832 1147 1862 non
1175 1832 1331 1875 aspera
1361 1824 1410 1862 ut
1440 1834 1550 1863 nunc
1579 1834 1726 1878 saepe.
1754 1846 1814 1853 —

107 1909 154 1949 si
184 1907 207 1949 s
211 1921 270 1950 as
301 1912 413 1959 est,
446 1906 558 1948 benc
588 1909 634 1947 et
660 1904 882 1960 sapienter
910 1904 1102 1948 additum
1126 1905 1172 1947 in
1202 1905 1278 1947 tali
1307 1910 1423 1948 voto.
1446 1930 1501 1938 —
1536 1908 1643 1950 Mox
1677 1908 1815 1952 Hor-

106 1989 229 2031 rida
260 1999 504 2043 corpora
533 1991 634 2029 snnt
662 1986 846 2037 inculta,
877 1984 1015 2039 hirta,
1046 1990 1095 2028 ut
1125 1986 1265 2029 Ovln.
1290 1987 1400 2030 Met.
1430 1989 1465 2042 Ι,
1496 1992 1603 2032 514.
1631 2004 1812 2048 compa-

42 2093 45 2097 ,
104 2077 226 2115 rante
250 2072 455 2115 melo:
488 2083 578 2110 non
607 2066 682 2108 hic
710 2074 917 2109 armenta
943 2080 1155 2125 greges-ve
1181 2066 1391 2110 horridas
1416 2067 1609 2116 observo,
1641 2069 1815 2129 αὐχμη-

106 2153 194 2214 ρός.
253 2155 366 2198 Tum
413 2154 627 2198 villosa
672 2156 834 2195 veste
873 2150 916 2196 h.
947 2165 987 2195 e.
1032 2153 1246 2209 pellibus,
1292 2159 1342 2196 ut
1373 2168 1468 2198 mos
1498 2158 1734 2212 agrestium
1767 2164 1812 2202 et

60 2223 64 2226 ⁵
102 2239 390 2282 silvicolarum
430 2235 644 2283 hominum
688 2239 770 2278 est.
835 2234 967 2278 Vides
1007 2235 1256 2289 squalorem
1295 2240 1480 2292 agrestis
1522 2241 1637 2283 vitae
1678 2254 1810 2297 prae—

102 2324 204 2366 ferri
233 2337 259 2365 a
290 2326 445 2378 poeta,
475 2320 549 2363 ubi
577 2332 726 2363 amore
755 2318 948 2372 fruatur,
984 2319 1154 2362 ornatui
1185 2319 1394 2365 hodierno
1425 2324 1608 2368 vestium
1642 2325 1808 2369 delica-

103 2414 259 2460 tarum,
283 2405 320 2447 si
343 2405 488 2447 clausa
513 2404 657 2460 puella
685 2404 757 2457 sit,
785 2409 836 2446 ut
858 2415 971 2446 nunc
1000 2403 1102 2446 villa
1131 2404 1255 2446 istius
1286 2408 1508 2451 amatoris.
1529 2431 1589 2440 —
1620 2409 1810 2455 laxam

102 2498 319 2545 togam,
349 2489 488 2544 qualis
516 2487 827 2543 delicatorum,
855 2487 1039 2531 vidimus
1068 2488 1104 2541 1,
1137 2492 1179 2541 6,
1209 2491 1282 2532 40.
1314 2512 1372 2520 —

222 2574 276 2618 V.
317 2575 392 2615 79.
432 2575 506 2614 80.
575 2570 794 2614 Exitus.
869 2570 1024 2614 Valeat
1068 2570 1203 2624 igitur
1248 2571 1491 2626 elegantior
1536 2573 1650 2628 vita3
1706 2574 1807 2619 fiam

100 2669 250 2700 servus
283 2661 329 2699 et
368 2656 411 2699 in
453 2654 652 2699 dominae
684 2655 803 2710 agris
833 2654 888 2697 ad
930 2655 1156 2710 imperium
1200 2655 1292 2697 eius
1337 2670 1446 2712 opus
1489 2658 1697 2719 rqsticum
1737 2658 1809 2703 fa-

101 2742 226 2794 ciam,
256 2745 306 2783 ut
333 2740 397 2784 sic
425 2738 638 2783 interdum
669 2739 820 2782 saltem
853 2737 936 2781 frui
971 2737 1184 2795 adspectu
1215 2739 1309 2782 eius
1340 2740 1485 2783 liceat.
1544 2740 1668 2795 Ergo
1698 2742 1808 2785 Du-

102 2827 216 2868 cite
258 2830 348 2867 est:
391 2823 594 2867 abducite
636 2824 677 2866 in
708 2824 956 2877 servitium,
1001 2836 1129 2878 quem
1161 2837 1286 2866 usum
1315 2824 1436 2867 verbi
1469 2825 1674 2869 Vom’ws
1703 2826 1806 2868 illu-

103 2915 225 2953 strat.
295 2906 336 2950 N
347 2920 413 2949 on
460 2919 543 2949 me
588 2919 732 2961 nego
771 2911 854 2949 etc.
900 2911 990 2949 est:
1044 2919 1129 2952 non
1181 2919 1350 2950 recuso.
1424 2908 1584 2951 Rarior
1626 2908 1806 2952 locutio.

102 2993 290 3035 vincla
327 3003 431 3034 vero
472 2989 705 3046 compedes
742 2995 868 3043 sunt,
907 2995 1110 3034 monente
1151 2992 1432 3035 solimanno.
1494 2992 1648 3036 Faciet
1692 3005 1805 3050 opus

104 3078 231 3119 etiam
264 3076 305 3117 in
338 3074 427 3127 inis,
473 3074 644 3128 quoties
684 3073 783 3116 talis
825 3074 865 3117 ei
911 3087 1052 3130 poena
1093 3074 1363 3120 decernetur.
1423 3078 1654 3121 Postremo
1684 3076 1805 3122 vides

102 3160 243 3202 redire
271 3163 443 3213 poetam
471 3155 525 3198 ad
568 3154 793 3199 exordium
823 3161 869 3199 et
899 3162 1099 3213 repetere
1129 3159 1246 3214 quod
1277 3159 1335 3202 ibi
1367 3160 1555 3204 dictum:
1609 3166 1804 3218 paratum

104 3254 152 3283 se
180 3254 275 3283 esse
306 3240 467 3283 servire
498 3237 612 3296 apud
643 3237 883 3293 dominam,
911 3243 1042 3294 atque
1073 3242 1202 3285 etiam
1235 3242 1342 3286 dura
1374 3245 1478 3299 pati.

666 3397 1210 3425 ⁷⁷*—
