2158 3750
323 283 422 328 130
712 272 1180 327 COMMENTAR.
1218 271 1292 322 lN
1329 273 1619 324 TIBULLI

318 420 536 479 pulchrius
565 423 730 462 amatae
760 419 944 475 puellae.
1015 418 1115 462 Non
1147 418 1245 462 dico
1275 419 1492 462 interiisse
1523 432 1741 473 amorem,
1771 421 1901 462 immo
1933 418 2013 462 hae

316 506 431 558 irae,
482 502 526 546 hi
569 506 749 544 conatus
795 501 1007 544 retinendi
1055 503 1206 557 quovis
1254 502 1383 545 modo
1435 503 1624 558 puellam
1673 503 1778 546 satis
1827 503 2016 559 produnt

318 590 477 641 quanta
515 587 745 628 etiamnum
788 586 882 627 eius
921 585 986 628 vis
1028 586 1108 639 sit,
1155 590 1200 628 at
1242 598 1379 640 genus
1411 586 1568 627 amoris
1598 586 1682 627 iam
1723 598 1808 628 non
1846 586 2017 630 videtur

321 670 445 726 plane
476 668 591 711 idem
622 667 737 722 quod
762 673 902 711 antea.
965 670 1090 714 Quae
1123 683 1219 712 cum
1251 671 1310 712 ita
1343 670 1442 722 sint,
1475 682 1560 723 ego
1591 668 1701 712 hanc
1732 670 1915 723 elegiam
1944 671 2014 712 ul-

319 753 467 795 timam
497 752 595 795 dico
625 752 778 795 Deliae
815 752 1044 807 scriptam,
1092 753 1136 795 in
1177 766 1260 807 qua
1291 758 1422 809 poeta
1452 755 1646 796 collectis
1676 753 1818 796 denuo
1858 753 2018 796 viribus

317 835 515 879 omnibus
558 836 778 889 congessit
817 835 1024 891 quidquid
1065 834 1433 879 hortamentorum
1475 837 1670 891 gravium
1709 836 1921 891 reliquum
1950 835 2017 878 vi-

317 918 502 961 debatur
529 917 708 960 redacto
739 917 795 960 ad
827 922 1062 961 extremam
1093 931 1215 974 spem
1245 918 1441 961 amatori.
1503 917 1659 972 Neque
1683 919 1797 960 enim
1827 917 2017 973 reperias

315 1001 420 1055 quid
470 1001 555 1044 alio
601 1005 797 1056 tempore
843 1000 1002 1044 addere
1045 1002 1234 1056 potuerit
1273 1004 1471 1057 gravius,
1519 1003 1597 1046 sed
1642 1003 1817 1058 reliquit
1846 1004 2017 1058 ‘postea

315 1084 502 1138 puellam
531 1084 639 1126 alios
668 1089 797 1138 atque
829 1084 936 1126 alios
966 1096 1135 1126 amores
1173 1091 1439 1139 sequentem.
1518 1087 1722 1129 Ceterum
1753 1087 1898 1142 placet
1927 1086 2017 1128 ele-

314 1169 401 1222 gia,
429 1172 478 1209 ut
509 1166 620 1209 aliae
649 1166 823 1218 Tibulli,
856 1166 1138 1222 dispositione
1169 1179 1313 1209 rerum
1346 1169 1468 1221 scita,
1510 1148 2013 1225 descriptionibus-vivi-

313 1250 404 1302 dis,
444 1249 655 1292 varietate
698 1248 891 1291 locorum
936 1249 1070 1292 suavi.
1133 1252 1197 1292 Ac
1228 1250 1365 1292 lenior
1405 1250 1588 1294 affectus
1627 1251 1671 1294 in
1714 1252 1859 1308 priore
1888 1257 2013 1307 parte

315 1338 396 1386 est,
427 1346 514 1387 quo
546 1333 732 1388 pertinet
763 1333 893 1375 etiam
922 1333 1124 1376 introitus
1155 1336 1278 1378 ratio.
1341 1336 1524 1379 Poterat
1554 1337 1700 1380 statim
1730 1337 1775 1379 in
1805 1336 2017 1392 principio

312 1418 482 1460 Deliam
511 1417 697 1470 alloqui,
739 1416 817 1459 sed
849 1418 987 1460 lenius
1019 1422 1086 1460 est
1115 1418 1230 1472 quod
1263 1420 1464 1464 Amorem
1497 1428 1701 1476 accusat3
1753 1399 1941 1478 puellam
1973 1421 2017 1464 in

312 1502 448 1544 altera
481 1501 653 1543 demum
685 1505 809 1556 parte
839 1501 1073 1556 alloquitur
1114 1508 1337 1545 crescente
1377 1504 1550 1548 affectu.
1623 1505 1748 1548 Haec
1777 1510 1922 1548 autem
1952 1507 2019 1548 al-

314 1589 409 1626 tera
454 1596 555 1639 pars
598 1583 741 1637 gravis
786 1587 855 1625 est
901 1587 946 1626 et
991 1589 1155 1626 tantam
1203 1586 1288 1627 vim
1339 1584 1468 1629 habet
1516 1593 1717 1640 quantam
1762 1589 2018 1631 suavitatem

314 1668 443 1722 prior.
526 1666 738 1708 Exitus
788 1667 973 1721 denique
1019 1667 1204 1722 simplex
1255 1673 1322 1709 cst
1381 1667 1601 1712 exhaustis
1652 1670 1747 1712 aliis
1805 1669 2020 1714 omnibus.

314 1750 474 1792 Paucis
504 1749 648 1791 verbis
680 1749 884 1804 exprimit
912 1753 1085 1802 votum,
1131 1753 1181 1790 ut
1219 1748 1345 1791 duret
1378 1748 1447 1792 hic
1491 1764 1612 1794 amor
1651 1751 1706 1794 ad
1737 1756 2018 1805 senectutem,

314 1834 421 1876 felix
451 1833 622 1876 futurus
665 1835 922 1888 etiamnum,
974 1835 1012 1877 si
1051 1834 1188 1890 possit
1229 1833 1284 1876 ad
1325 1835 1451 1878 fidem
1494 1837 1637 1880 redire
1674 1837 1811 1882 Delia.
1887 1835 2019 1884 Quod

313 1922 456 1959 tamen
486 1928 571 1959 non
602 1915 774 1959 sactum.

934 2267 1384 2323 EXPLICATIO.

432 2469 488 2512 V.
531 2472 675 2512 1-14.
750 2469 1079 2516 Exordium.
1153 2474 1276 2519 Heu
1323 2489 1500 2522 novus
1545 2479 1752 2524 rivalis
1799 2488 1992 2528 exstat

313 2548 420 2592 dicit
451 2556 607 2607 poeta;
652 2558 896 2607 negante
929 2555 1072 2597 licet
1110 2555 1304 2609 Delia,
1344 2564 1508 2604 certa
1547 2563 1812 2620 suspicio
1853 2572 1955 2611 est.

2004 2517 2017 2540 θ

430 2635 485 2678 V.
518 2638 539 2676 1
572 2649 665 2690 sqq.
728 2638 964 2693 Semper
994 2644 1106 2693 etc.,
1133 2653 1306 2696 semper
1335 2643 1397 2684 ita
1426 2643 1556 2698 facis,
1588 2651 1636 2688 nt
1666 2648 1852 2702 primum
1877 2650 2013 2693 bene-

311 2715 455 2758 volum
486 2720 531 2758 te
562 2716 664 2760 mihi
696 2719 925 2773 ostendas,
956 2720 1111 2763 deinde
1143 2734 1271 2777 asper
1300 2724 1391 2766 fias,
1453 2725 1520 2768 De
1551 2740 1638 2770 uno
1668 2729 1790 2773 rivali
1818 2731 1860 2773 in
1889 2736 2015 2777 ainte-

310 2797 494 2841 cedente
524 2800 664 2854 elegia
695 2802 894 2857 legimus,
927 2803 981 2846 de
1013 2805 1098 2847 alio
1129 2803 1198 2848 hic
1229 2805 1401 2862 dicitur,
1430 2815 1657 2865 praeterea
1686 2814 1851 2856 minora
1882 2815 2012 2858 dissi-

311 2880 382 2923 dia
416 2885 611 2927 evenisse
647 2887 753 2928 alias
784 2887 868 2929 alia
898 2901 982 2930 non
1013 2888 1203 2950 dubium.
1265 2890 1460 2947 Denique
1492 2895 1603 2938 adde
1634 2898 1750 2951 quod
1780 2899 1823 2941 in
1853 2900 2014 2946 affectu

310 2963 516 3018 loquitur.
546 2988 605 2998 -
649 2967 892 3011 blaanos
934 2971 1155 3024 vultuS,
1203 2972 1393 3016 savorem
1425 2981 1468 3018 et
1499 2977 1843 3023 benevolentiam
1873 2982 2013 3036 signi-

311 3047 516 3100 ficantes3
563 3061 662 3091 nam
693 3051 925 3105 opponitur
954 3053 1150 3096 tristis
1191 3060 1237 3097 et
1267 3070 1460 3112 asper,
1500 3061 1676 3105 immitis
1706 3068 1751 3108 et
1779 3064 1937 3118 durus,
1966 3071 2014 3109 ut

312 3129 421 3172 infra
451 3131 508 3185 ΙΙ,
536 3136 579 3185 3,
613 3136 685 3175 33.
734 3141 1010 3191 comparante
1050 3138 1164 3181 ΙΑΝο
1208 3141 1472 3186 ΘΕΒΗΑιωο
1515 3150 1562 3188 et
1606 3147 2012 3195 thnffltmcmo:

313 3209 440 3252 tristi
458 3212 622 3270 fronte
655 3216 838 3272 Cupido.
870 3243 927 3251 —
973 3225 1034 3264 ut
1064 3223 1327 3279 inducar,
1369 3228 1588 3282 pelliciat,
1633 3230 2012 3291 decipiar-,spem

312 3295 470 3338 laetam
501 3298 754 3354 concipiam.
819 3302 977 3348 Crosa.
1013 3306 1058 3347 in
1100 3307 1246 3351 Pison.
1290 3323 1328 3352 c.
1361 3313 1412 3352 1:
1461 3310 1554 3353 Hic
1580 3327 1679 3361 eos,
1723 3313 1884 3372 quibus
1911 3322 2012 3359 erat

309 3375 508 3434 ignotus,
540 3380 722 3439 decepit,
741 3383 936 3442 fefellit,
965 3385 1163 3432 induxit.
1226 3403 1305 3447 pro
1334 3391 1468 3438 Rosc.
1498 3393 1643 3440 Amet.
1678 3409 1718 3440 c.
1741 3398 1824 3441 40³
1863 3396 2011 3442 Socios
