2158 3750
739 271 919 324 LIBR.
959 274 997 323 Ι.
1073 271 1271 326 E-LEG,
1311 273 1427 324 Vll.
1824 280 1920 326 149

221 414 290 455 ita
320 428 387 456 ce
385 424 589 461 metunt.
649 417 788 462 Porro
821 431 931 473 quae
961 419 1128 462 adiecta
1160 423 1280 462 sunt.
1313 424 1470 460 nentes
1500 417 1725 485 stamma,
1745 419 1918 463 redde.

183 520 190 526 ·
219 509 316 540 cum
350 503 523 551 nerent,
561 498 773 542 canebant
804 500 917 542 enim
950 500 1051 542 dum
1084 499 1243 542 nebant
1274 500 1362 543 sata
1391 494 1757 550 infantium
1765 500 1917 544 ssTrist.

218 582 271 634 V,
305 584 347 635 3,
378 585 463 625 25.
521 581 702 624 Scilicet
743 582 860 625 hanc
900 582 1040 641 legem
1081 591 1235 625 nentes
1283 582 1456 632 fatalia
1498 586 1676 625 Parcae
1718 582 1917 626 stamina

217 661 282 704 his
310 665 463 722 genito
505 663 571 706 bis
612 663 803 706 cecinere
846 661 931 704 tihi
965 663 1208 720 (Baccho).
1271 665 1396 708 Adde
1426 666 1538 709 Met.
1572 665 1692 719 VIII,
1723 668 1826 710 451.
1869 672 1915 709 et

214 749 299 791 alia
328 754 474 791 notata
504 749 547 790 in
578 746 687 790 lianc
717 759 808 790 rem
838 760 864 789 a
897 748 1246 791 Bnoucxiwsro.
1308 749 1408 792 Non
1439 751 1573 804 igitur
1601 748 1726 793 reddi
1757 748 1914 792 debet:

215 832 376 874 Parcae
404 843 516 884 quae
545 843 648 873 nere
679 831 820 873 solent
850 831 1036 874 stamina
1068 831 1241 884 fatalia,
1273 844 1352 875 nec
1383 833 1601 886 generalis
1632 831 1700 875 hic
1733 829 1915 875 habetur

210 911 457 967 descriptio,
485 911 624 966 qualis
653 912 780 968 epico
810 917 968 969 poetae
1005 913 1256 968 placuisset,
1285 913 1364 957 sed
1394 915 1450 957 ad
1482 928 1612 958 unum
1644 916 1913 971 propositum

210 999 378 1050 tempus
401 1007 472 1037 res
494 994 750 1048 revocanda,
780 998 831 1038 ut
858 995 902 1038 iu
934 996 1071 1050 lyrico
1102 1000 1150 1039 et
1178 997 1376 1051 elegiaco
1407 994 1608 1045 carmine.
1670 999 1912 1042 Plurimum

206 1077 341 1120 refert
365 1077 407 1119 in
432 1077 789 1132 interpretatione
813 1083 1036 1134 poetarum
1060 1079 1225 1134 ubique
1252 1085 1460 1134 generum
1487 1093 1672 1136 poeseos
1694 1081 1911 1124 recordari

203 1157 477 1204 discrimina.>
521 1158 612 1202 Sed
640 1159 907 1215 pergendum
933 1165 1012 1205 est.
1073 1160 1214 1216 Igitur
1240 1173 1340 1205 cnm
1367 1161 1456 1205 fata
1482 1163 1666 1205 illustria
1693 1164 1910 1207 Messalae

204 1243 517 1285 constituerent
561 1246 607 1284 et
649 1247 872 1287 necterent
913 1244 957 1286 in
1006 1249 1262 1300 perpetuum
1305 1244 1646 1301 indissolubilia,
1694 1246 1796 1302 quid
1843 1254 1911 1290 est

202 1324 316 1379 quod
348 1325 599 1368 cecinerunt
626 1325 830 1369 Pareae?
889 1325 1050 1370 Hunc
1089 1327 1355 1371 cecinere
1395 1328 1568 1383 diem,
1599 1330 1662 1372 ait
1691 1329 1907 1383 Tibullus,

202 1407 343 1451 hunc
369 1408 520 1462 fore,
550 1409 866 1464 Aquitanas
897 1414 1099 1465 posset
1128 1411 1223 1464 qui
1253 1409 1490 1454 fundere
1521 1417 1739 1466 gentes.
1783 1412 1907 1455 Haec

201 1494 316 1535 enim
345 1491 460 1535 hand
491 1492 623 1536 dubie
662 1506 766 1536 vera
797 1494 930 1536 lectio
959 1499 1007 1536 et
1044 1495 1308 1537 constructio
1340 1499 1409 1538 est
1439 1495 1550 1547 loci,
1594 1494 1649 1536 de
1672 1507 1768 1549 -quo
1798 1495 1905 1537 mira

199 1575 579 1621 comminiscuntur
608 1574 883 1631 interpretes.
942 1576 1110 1618 Parcae
1141 1581 1285 1619 autem
1327 1578 1444 1620 clare
1476 1577 1649 1620 dicunt:
1696 1578 1781 1621 Hic
1812 1576 1905 1620 dies

198 1658 379 1711 natalis,
413 1656 484 1703 hic
513 1658 621 1712 erit,
644 1658 723 1713 qui
750 1657 903 1703 fundet
934 1659 1201 1713 Aquitanos,
1231 1673 1264 1701 s.
1299 1658 1382 1701 lzoe
1413 1659 1483 1700 die
1515 1659 1721 1702 Messala
1751 1674 1905 1717 repor-

197 1739 318 1782 tabit
360 1741 611 1801 aliquando
656 1740 892 1786 victoriam
942 1742 994 1784 (Ie
1042 1742 1310 1802 Aquitanis.
1396 1743 1528 1790 Quod
1573 1745 1707 1800 igitur
1751 1744 1903 1787 Timo-

197 1827 331 1869 leonti
361 1827 545 1882 eontigit
573 1828 751 1871 secund.
785 1828 996 1871 Cenum..
1028 1828 1145 1872 Nun.
1178 1842 1217 1871 c.
1247 1831 1294 1870 5.
1331 1833 1380 1871 nt
1409 1829 1576 1884 proelia
1605 1829 1794 1871 maxima
1823 1841 1900 1871 ua—

196 1895 377 1953 talidie
406 1923 487 1953 suo
518 1910 685 1954 faceret
724 1914 893 1964 omnia,
937 1914 1072 1955 semel
1119 1913 1250 1955 etiam
1292 1912 1511 1955 Messalae
1553 1912 1702 1954 datum
1744 1911 1900 1954 eximia

193 1991 389 2045 fortuna,
438 1998 485 2037 et
528 1993 766 2050 perspicies
809 2007 923 2038 nunc
966 1995 1330 2050 magnificentiam
1372 1995 1559 2038 exordii.
1631 1994 1747 2037 Hinc
1788 1994 1901 2037 enim

190 2078 358 2120 Parcae
388 2083 652 2121 memoratae
679 2085 730 2122 ut
758 2079 803 2122 in
834 2079 1020 2147 miralJili
1057 2093 1128 2134 re,
1175 2079 1274 2123 hinc
1305 2080 1387 2137 ipsi
1430 2079 1517 2123 diei
1561 2079 1722 2122 tributa
1753 2081 1900 2136 splen-

191 2161 345 2216 didius,
374 2177 488 2218 quae
519 2165 713 2208 Messala
744 2168 837 2208 tum
868 2163 988 2219 fecit,
1020 2177 1103 2208 usu
1133 2170 1329 2208 ceterum
1360 2165 1504 2222 poetis
1532 2166 1638 2208 satis
1669 2164 1898 2220 frequenti.

189 2247 265 2290 Sic
305 2248 509 2292 PINDAR.
549 2246 680 2303 Pyth.
713 2248 793 2303 IX,
824 2252 910 2293 682
964 2259 1075 2291 κεῖνο
1120 2246 1221 2292 κεῖν’
1260 2237 1381 2306 ’ἆμαρ
1425 2249 1665 2292 διαίτασεν.
1715 2248 1896 2291 ΗΟΒΑΤ.

189 2329 270 2384 Ill,
298 2332 343 2383 8,
385 2333 441 2373 9:
493 2328 585 2371 Hic
612 2319 724 2373 'dies
764 2345 885 2374 anno
926 2330 1140 2374 redeunte
1171 2331 1334 2389 festus
1375 2331 1582 2374 corticem
1625 2331 1897 2374 adstrictum

184 2410 283 2467 pice
313 2408 550 2453 dimovebit
582 2411 841 2469 amphorae.
901 2413 992 2458 Sed
1021 2412 1227 2467 Vossms,
1259 2415 1333 2469 qui
1365 2419 1486 2457 recte
1516 2414 1638 2468 vidit,
1669 2415 1765 2469 quis
1796 2427 1899 2458 sen·

188 2506 263 2536 sus
294 2494 472 2538 lectioni
503 2494 703 2538 codicum
732 2495 861 2549 insit,
903 2501 1047 2538 tamen
1082 2509 1309 2553 perperam
1343 2501 1483 2540 mutat
1516 2497 1684 2550 locum,
1730 2509 1896 2552 negans

188 2575 356 2620 duabus
385 2575 442 2619 de
471 2576 614 2620 causis
643 2577 687 2620 in
724 2577 839 2621 diem
880 2579 1069 2622 natalem
1102 2579 1307 2622 incidisse
1340 2579 1457 2622 illam
1489 2581 1732 2624 victoriam.
1795 2582 1894 2624 Pri·-

185 2670 303 2701 mum
346 2658 460 2701 enim
507 2671 752 2714 repugnare
796 2659 927 2703 verba
950 2659 1070 2718 .fore
1112 2667 1158 2704 et
1201 2661 1280 2719 qui
1317 2670 1486 2718 posset.
1549 2664 1783 2710 Quomodo
1823 2678 1895 2708 re-

184 2739 414 2797 pugnant?
476 2739 575 2783 Non
615 2742 757 2798 capio.
819 2755 989 2798 posse
1033 2755 1099 2799 pr.
1142 2744 1287 2787 valere
1318 2758 1451 2802 saepe
1481 2747 1545 2790 sic
1578 2747 1662 2791 diei
1694 2761 1780 2791 non
1811 2748 1894 2791 du-

183 2824 299 2869 bium
341 2830 387 2868 et
416 2827 582 2868 notavit
613 2826 668 2869 ad
700 2825 742 2871 lu.
776 2827 803 2871 l.
843 2828 1278 2880 Wmsnnnmcmus,
1326 2831 1461 2873 veluti
1492 2831 1601 2874 infra
1636 2833 1712 2886 111,
1741 2837 1787 2886 3,
1817 2835 1892 2879 25.

182 2911 259 2950 aut
293 2920 391 2951 cum
435 2907 680 2952 HOBA'rms
709 2909 816 2953 dicit
843 2909 924 2963 ΙΙΙ,
954 2913 997 2964 3,
1029 2903 1132 2973 433.
1159 2911 1543 2971 triumphatisque
1572 2914 1716 2970 possit
1747 2916 1892 2956 Roma

170 2988 310 3048 ferox
355 2989 463 3033 dare
503 2989 610 3033 iura
651 2991 812 3036 Medis.
874 2994 1021 3048 Vulgo
1053 2995 1166 3037 male
1199 2993 1467 3051 periphrasin
1499 2973 1662 3039 dicunt.
1726 2995 1914 3041 Exem··

181 3073 254 3129 pla
283 3078 429 3116 autem
462 3073 560 3117 vide
590 3074 721 3118 etiam
752 3088 823 3132 ap.
854 3074 1102 3121 Tonnuuw.
1133 3077 1189 3120 ad
1218 3077 1376 3123 Horat.
1405 3079 1433 3121 l.
1455 3079 1527 3122 cit.
1562 3084 1606 3122 et
1637 3080 1884 3124 ΒυιιΜΑΝΝ.

178 3157 235 3201 ad
264 3156 428 3202 Lucan.
462 3157 541 3211 ΙΙΙ,
572 3159 674 3202 449.
717 3165 764 3202 et
794 3158 851 3203 ad
881 3160 1082 3218 Propert.
1115 3161 1150 3215 1,
1185 3165 1226 3215 1,
1261 3165 1337 3207 15.
1395 3163 1515 3209 Quid
1558 3165 1691 3220 igitur
1724 3177 1887 3220 quaeso

179 3241 412 3298 vituperari
444 3243 538 3286 inre
572 3249 717 3299 potest
748 3244 789 3287 in
825 3245 996 3300 verbis,
1038 3247 1075 3290 si
1107 3246 1228 3290 dicoz
1272 3247 1340 3291 hic
1372 3249 1465 3292 dies
1498 3250 1605 3303 erit,
1645 3251 1718 3304 qui
1751 3251 1887 3305 Aqui-

182 3327 324 3372 taniae
366 3329 596 3372 bellicosas
637 3335 792 3384 gentes
827 3329 1003 3383 fundet,
1050 3330 1231 3374 fundere
1274 3332 1471 3376 valebit?
1534 3335 1751 3378 Immone
1785 3350 1887 3390 pos-

179 3418 280 3456 sunt
311 3413 486 3468 quidem
517 3414 680 3458 Tibulli
714 3414 844 3459 verba
878 3415 1008 3460 alium
1041 3415 1199 3460 habere
1232 3429 1405 3461 sensum
1438 3431 1564 3475 quam
1600 3432 1724 3470 eum,
1758 3432 1883 3473 quem
