2086 3756
878 205 1188 259 TIBULLI.
1725 225 1880 258 cnxlx

189 349 362 396 9-18.
397 355 486 397 aut
522 348 650 398 haec
683 348 784 406 ΠΙ,
818 348 908 411 14,
942 353 1121 399 1-10.
1157 346 1436 415 Propertii.
1503 345 1675 396 Multo
1709 346 1882 398 minus

184 439 324 489 hunc
361 439 615 508 Lygdami
647 442 822 491 locum
859 443 1087 493 scribere
1122 441 1296 511 potuit
1330 441 1432 506 III,
1467 446 1525 505 3,
1561 439 1704 491 init.:

329 530 472 596 Quid
505 532 722 600 prodest
756 535 958 586 caelum
993 537 1128 590 votis
1162 538 1429 604 implesse,
1477 535 1713 599 Neaera,

397 625 706 694 Blandaque
742 645 860 678 cum
897 631 1061 681 multa
1096 639 1217 681 tura
1255 629 1456 682 dedisse
1491 647 1675 703 prece,

326 718 452 770 Non
487 730 547 771 ut
584 723 866 773 marmorei
901 722 1170 790 prodirem
1208 741 1236 774 e
1272 725 1451 774 limine
1487 703 1633 787 tecti,

397 814 619 880 Insignis
657 817 796 867 clara
834 817 1251 885 'conspicuusque
1291 817 1448 868 domo
1464 854 1478 880 ,

328 907 434 958 Aut
470 918 529 959 ut
562 911 726 960 multa
759 912 864 962 mei
898 921 1219 965 renovarent
1252 913 1435 978 iugera
1469 910 1612 961 tauri

398 1001 467 1052 Et
499 1019 710 1069 magnas
750 1021 942 1057 messes
982 1007 1122 1058 terra
1156 1006 1383 1071 benigna
1420 995 1600 1068 daret,

329 1093 436 1147 Sed
471 1106 644 1150 tecum
675 1109 740 1150 ut
772 1101 960 1166 longae
997 1100 1250 1152 sociarem
1288 1097 1476 1166 gaudia
1508 1099 1673 1162 vitae,

394 1193 565 1260 Inque
601 1203 695 1245 tuo
733 1193 939 1246 caderet
975 1205 1154 1247 nostra
1193 1205 1402 1246 senecta
1437 1194 1584 1256 sinn,

329 1287 480 1338 Tunc
518 1306 637 1339 cum
670 1306 948 1356 permenso
985 1285 1262 1341 defunctus
1302 1299 1538 1357 tempore
1573 1285 1704 1337 lucis

396 1381 588 1434 Nudus
621 1383 854 1434 Lethaea
891 1401 1107 1450 cogerer
1138 1384 1218 1434 ire
1255 1381 1406 1435 rate?

117 1501 138 1515 .
188 1473 336 1537 Quae
368 1479 688 1530 continuatio
718 1479 964 1547 obliquae
992 1477 1392 1530 constructionis
1429 1495 1460 1526 a
1486 1473 1686 1526 Tibulli
1717 1470 1897 1537 vigore

187 1574 408 1624 multum
458 1572 634 1625 distat.
719 1571 997 1642 Excipitur
1045 1573 1370 1625 enumeratio
1422 1589 1520 1640 per
1569 1568 1771 1636 singula
1819 1564 1900 1617 di-

189 1669 377 1730 sticha,
424 1677 483 1718 ut
516 1669 557 1734 I,
590 1672 638 1733 7»,
672 1672 739 1720 15
770 1685 916 1738 sqq.;
962 1687 1085 1720 nam
1116 1669 1174 1719 in
1207 1669 1302 1720 tali
1338 1666 1732 1720 continuatione
1765 1663 1901 1713 inest

188 1763 506 1814 luculentior
529 1760 809 1815 declaratio
834 1763 1198 1815 multitudinis.
1268 1761 1568 1832 Lygdamus
1592 1777 1719 1813 vero
1747 1757 1903 1808 etiam

191 1854 318 1906 alias
372 1849 620 1923 periodos
672 1857 937 1924 longiores
988 1858 1148 1909 habet
1201 1875 1232 1907 a
1281 1856 1337 1910 vi
1387 1856 1718 1907 Tibullianae
1779 1850 1902 1901 artis

194 1949 416 2014 alienas,
470 1960 528 2002 ut
571 1951 674 2018 111,
708 1954 771 2018 4,
808 1955 875 2004 51
907 1970 1028 2022 sqq.
1066 1953 1158 2004 ubi
1199 1952 1370 2003 statim
1413 1950 1622 2001 initium
1657 1946 1902 1999 Tibullus

193 2044 467 2096 nervosius
503 2044 575 2097 sic
612 2048 1018 2114 composuisset:
1069 2044 1218 2109 Quae
1253 2055 1361 2097 tam
1397 2063 1517 2096 cara
1550 2043 1649 2095 tibi
1682 2070 1757 2080 ——
1789 2050 1905 2091 tum

189 2138 461 2190 ‚clausisset
492 2140 668 2191 locum
705 2150 843 2191 certe
881 2142 982 2193 sic:
1028 2141 1258 2192 Alterius
1287 2141 1401 2193 vult
1429 2141 1558 2190 haec
1590 2151 1702 2188 esse
1729 2137 1909 2203 puella

194 2231 322 2295 viri,
357 2232 404 2283 si
426 2234 643 2285 omnino
671 2236 970 2301 probasset,
1007 2233 1153 2303 quod
1179 2251 1290 2285 non
1317 2235 1464 2298 fecit,
1500 2243 1677 2284 tantae
1705 2229 1907 2296 magni·

197 2323 395 2377 tudinis
436 2320 731 2394 periodum,
798 2328 942 2378 Haec
980 2329 1251 2379 hactenus.

306 2419 666 2488 Explicuimus
714 2420 924 2489 potiora
973 2421 1216 2486 artificia,
1285 2421 1479 2490 quibus
1527 2419 1608 2473 vis
1662 2429 1714 2471 et
1759 2419 1910 2485 vigor

198 2512 414 2579 insignis
451 2514 703 2566 orationis
739 2515 1070 2567 Tibullianae
1115 2517 1327 2579 nititur,
1380 2516 1473 2584 qui
1520 2531 1639 2565 cum
1682 2513 1909 2582 denique

200 2608 355 2659 etiam
383 2625 447 2659 eo
476 2625 794 2677 magnopere
825 2603 1124 2675 adiuvetur,
1163 2608 1308 2679 quod
1334 2610 1551 2661 omnino
1578 2610 1710 2660 nihil
1741 2609 1912 2673 otiosi,

198 2701 453 2769 languidi,
496 2704 631 2755 nihil
657 2704 843 2756 inutile
872 2705 1009 2756 inest
1039 2705 1096 2755 in
1126 2705 1208 2756 his
1239 2703 1494 2770 distichis,
1532 2705 1589 2755 in
1619 2703 1724 2755 fine
1751 2705 1911 2756 huius

202 2797 567 2866 disputationis
612 2797 678 2852 de
715 2802 1017 2869 epitimiorum
1058 2805 1239 2852 ratione
1286 2801 1542 2853 nonnulla
1581 2798 1796 2866 addam,
1847 2798 1911 2851 de

203 2910 310 2964 qua
342 2895 502 2961 vulgo
535 2910 646 2946 non
679 2906 923 2947 accurate·
944 2894 1181 2968 iudicare
1208 2893 1362 2948 video
1392 2894 1722 2962 interpretes.
1776 2893 1913 2947 Sunt

203 2990 462 3058 epitheta,
512 2999 572 3041 ut
614 2989 754 3041 inter
795 2984 975 3042 omnes
1019 3000 1247 3055 constat,
1305 2991 1404 3041 alia
1448 3000 1726 3058 perpetua,
1778 3006 1912 3058 quae

203 3086 473 3153 propriam
530 3092 791 3135 naturam·
828 3093 883 3136 et
938 3082 1171 3137 indolem
1223 3102 1403 3135 rerum
1454 3094 1506 3135 et
1565 3100 1908 3151 personarum

207 3180 498 3243 declarant,
549 3179 649 3231 alia
687 3180 931 3244 fortuita,
982 3180 1308 3243 transitoria,
1358 3197 1492 3247 quae
1531 3196 1630 3246 pro
1677 3190 1910 3246 tempore

209 3278 512 3327 tribuuntur
542 3292 637 3326 nec
670 3275 771 3325 nisi
802 3277 952 3327 certis
987 3278 1042 3327 in
1072 3277 1199 3327 locis
1231 3274 1509 3342 quadrant.
1582 3276 1753 3342 Atque
1782 3275 1911 3325 haec
