2158 3750
684 201 866 252 LlBR.
905 202 997 251 111.
1069 199 1269 251 ELEG.
1304 201 1398 251 Vl.
1783 204 1883 257 375

185 342 427 400 oppositio,
469 343 652 394 alterurn
693 342 822 386 deum
863 342 976 386 dites
1018 342 1187 396 facere,
1241 341 1426 385 alterum
1469 341 1621 393 mites,
1679 354 1883 396 quorsum

181 427 384 483 spectat?
445 426 693 470 Redeamus
727 427 873 483 potius
914 426 970 469 ad
1005 426 1296 468 coniecturam
1340 422 1493 471 mites,
1546 436 1656 478 quae
1700 423 1882 466 sormam

179 511 420 553 sententiae
451 511 609 554 claram
639 511 778 563 affert.
842 509 1012 566 Nempe
1046 510 1228 565 primum
1260 509 1520 564 generaliter
1550 507 1677 561 dicit,
1714 506 1880 550 deinde

178 594 410 646 specialius
442 597 486 636 et
517 607 594 648 per
626 599 772 650 partes
804 595 993 649 explieat
1024 607 1141 646 rem,
1187 594 1230 636 in
1271 607 1357 647 quo
1401 593 1570 636 notabis
1612 604 1737 634 usum
1777 603 1882 632 ana-

182 673 356 730 phorae.
417 677 601 720 Fallitur
642 679 757 721 enim
794 679 999 720 Bacnrus
1043 679 1229 733 repetito
1259 677 1335 718 ille
1367 675 1532 718 —ille
1572 675 1764 719 diversas
1811 686 1879 719 res

180 757 385 813 distingui
411 772 590 802 censens
618 772 755 814 eaque
785 759 841 810 de
871 772 1002 803 causa
1032 764 1076 802 et
1107 759 1200 814 ipse
1234 764 1383 801 tenens
1413 758 1556 806 ‹lites-‚-
1589 770 1687 801 nam
1711 758 1878 800 certum

179 845 246 881 est
275 840 534 895 anaphoram
565 841 695 884 etiam
722 840 783 883 ibi
811 841 955 884 locum
986 838 1166 893 habere,
1200 840 1271 881 ubi
1306 840 1498 895 partibus
1529 839 1769 883 sententiae
1799 850 1880 881 eu-

178 922 346 965 iusdam
377 923 664 979 praemittitur
692 922 938 977 generalior
968 922 1162 966 eiusdem
1194 922 1461 975 enuntiatio,
1507 921 1619 964 conf.
1652 934 1766 976 quae
1797 933 1878 964 ex-

177 1004 302 1058 posui
333 1005 374 1047 in
406 1004 707 1047 dissertatione
739 1003 794 1047 de
822 1003 1084 1047 Elocutione
1116 1003 1292 1046 Tibulli.
1367 1004 1453 1048 Qui
1484 1016 1587 1045 usus
1618 1016 1716 1047 cum
1748 1002 1878 1046 etiam

174 1087 231 1129 ab
261 1087 506 1132 Huscmuo
547 1089 851 1143 ignoraretur,
898 1087 968 1132 hic
1004 1101 1176 1145 quoque
1211 1089 1324 1131 male
1368 1086 1560 1130 defendit
1600 1086 1740 1149 dites,
1793 1098 1880 1141 quo

173 1169 276 1213 nihil
308 1172 444 1226 magis
474 1172 675 1224 alienum.
735 1171 863 1219 Nunc
892 1178 1038 1216 autem
1066 1173 1274 1215 unitatem
1304 1172 1400 1214 loco
1433 1170 1643 1226 redditam
1667 1169 1803 1213 videS.
1822 1190 1879 1198 —

174 1253 478 1307 contudit,
526 1253 717 1309 domuit,
764 1254 909 1310 fregit.
971 1254 1162 1309 Collegit
1194 1254 1329 1296 multa
1363 1254 1564 1309 exempla
1592 1253 1878 1294 Bnoucxms-

172 1347 283 1378 slus.
342 1334 405 1378 Et
453 1335 620 1380 ferox
667 1341 761 1390 est,
809 1336 884 1392 qui
925 1349 1116 1379 amorem
1158 1335 1468 1392 adspernatur,
1517 1334 1571 1380 cf.
1604 1333 1880 1376 Mla-somm-

171 1429 368 1460 chnmn
397 1417 455 1460 ad
484 1417 641 1463 Horat.
670 1419 728 1472 ΙΙ,
761 1422 805 1472 4,
836 1422 880 1462 2.
905 1443 964 1450 -
995 1419 1258 1464 dominae
1288 1420 1446 1463 misit
1476 1419 1526 1461 in
1557 1417 1877 1470 arbitrium,

174 1500 358 1544 subiecit
387 1501 566 1544 arbitrio
596 1503 782 1558 puellae.
846 1503 987 1560 Yme.
1031 1504 1139 1561 Aen.
1171 1503 1272 1557 XII,
1306 1506 1420 1546 190:
1462 1499 1654 1558 paribus
1685 1512 1731 1540 se
1764 1496 1877 1554 legi-

173 1580 255 1623 bus
284 1580 439 1642 ambae
469 1582 675 1625 Invictae
700 1591 858 1642 gentes
888 1590 1076 1643 aeterna
1107 1583 1154 1625 in
1175 1583 1371 1642 foedera
1403 1582 1610 1623 mittunt.
1674 1577 1875 1621 Conferri

171 1667 300 1710 etiam
334 1672 478 1723 potest
511 1668 674 1711 locutio
703 1666 769 1710 ire
799 1665 884 1710 sub
914 1666 1170 1725 imperium,
1215 1667 1274 1721 II,
1316 1670 1360 1722 4,
1391 1669 1463 1709 54,
1497 1677 1639 1721 supra.
1673 1686 1732 1694 —
1780 1662 1876 1704 Ar-

171 1751 412 1804 menias,
443 1749 681 1804 adiective,
712 1749 767 1794 cf.
791 1751 993 1802 Gustus.
1025 1749 1080 1793 ad
1111 1750 1239 1794 ovid.
1273 1751 1382 1794 Met.
1418 1750 1518 1804 XV,
1548 1753 1621 1792 86.
1684 1748 1744 1790 Et
1773 1747 1873 1802 vide

169 1834 335 1877 Hssms.
367 1835 423 1878 ad
453 1835 580 1878 Ovid.
614 1835 705 1877 Art.
738 1836 833 1878 Am.
865 1835 921 1889 Π,
958 1838 1060 1878 183.
1121 1835 1232 1879 Mox
1269 1835 1462 1878 fulvas
1495 1834 1731 1875 leaenas
1771 1830 1876 1873 dicit

167 1918 451 1974 oppositionis
493 1931 622 1962 causa
662 1919 834 1963 adiecto
875 1918 1094 1975 epitheto,
1135 1933 1234 1963 cum
1265 1920 1375 1962 alius
1416 1918 1472 1960 sit
1517 1917 1693 1971 tigrium
1738 1914 1873 1958 color.

166 1999 311 2055 Saepe
339 2000 583 2044 notavimus
619 1999 734 2044 hunc
767 2014 930 2044 morem
969 2002 1202 2058 poeticum.
1265 2000 1364 2044 Etsi
1395 2013 1497 2043 vero
1530 2000 1703 2055 placere
1734 1998 1874 2053 possit

166 2082 322 2125 Vossn
352 2080 608 2138 BA‘cnnque
637 2083 769 2126 lectio
800 2081 967 2140 fulvos
1009 2081 1179 2134 leones,
1220 2087 1270 2125 ut
1310 2082 1491 2125 variavit
1533 2081 1731 2123 Ovmms
1762 2078 1875 2122 Met.

165 2163 266 2219 XV,
295 2169 380 2208 56:
424 2164 755 2224 Armeniaeque
797 2164 939 2224 tigres
978 2164 1273 2223 iracundique
1304 2163 1477 2217 leones,
1519 2167 1584 2206 est
1615 2167 1760 2205 tamen
1791 2173 1872 2217 pa·-

166 2247 345 2292 rendum
378 2248 577 2292 codicum
609 2249 870 2293 auctoritati.
901 2272 961 2280 —
1007 2249 1220 2291 Perlectis
1251 2248 1432 2303 singulis
1463 2251 1628 2290 restant
1659 2244 1870 2300 quaedam

165 2329 221 2372 de
250 2334 343 2373 toto
374 2331 472 2373 loco
503 2329 730 2377 monenda.
789 2329 874 2372 Est
903 2328 973 2372 hic
1005 2330 1126 2372 locus
1159 2343 1268 2372 uuus
1302 2313 1365 2372 ‘ex
1407 2330 1555 2385 paucis
1596 2328 1710 2384 apud
1742 2327 1873 2381 Ly„-

165 2413 352 2468 damum,
382 2414 456 2468 qui
487 2414 640 2473 melius
672 2413 911 2466 elaborati;
939 2413 1061 2456 vides
1085 2414 1418 2470 descriptionem
1450 2424 1690 2463 nervosam,
1723 2410 1871 2466 quales

165 2496 235 2541 liic
281 2503 416 2554 poeta
461 2498 742 2555 paucissimas
786 2495 942 2551 habet,
992 2498 1198 2553 plurimas
1246 2486 1444 2551 egregias
1488 2496 1700 2539 Tibullus.
1779 2495 1871 2540 Sed

165 2583 268 2639 quid
299 2584 391 2628 vult
421 2582 504 2626 sibi
534 2595 606 2626 res
635 2580 740 2625 hice
801 2582 984 2625 Dixerat
1011 2580 1116 2622 mite
1148 2586 1364 2624 certamen
1396 2581 1481 2623 vlni
1509 2580 1712 2623 futurum.
1775 2579 1868 2622 Iam

164 2667 335 2724 pergit:
367 2667 501 2710 Amor
532 2666 670 2720 enim,
702 2665 771 2710 cui
801 2665 1012 2708 servimus
1042 2678 1219 2719 omnes,
1253 2665 1369 2708 mitis
1398 2665 1505 2708 deus
1537 2669 1629 2718 est,
1659 2668 1708 2706 ut
1739 2663 1868 2706 etiam

162 2750 428 2807 compotatio
457 2754 604 2795 nostra
633 2749 807 2806 quieta,
839 2749 1007 2806 placida
1040 2762 1137 2792 esse
1169 2749 1353 2802 debeat,
1385 2754 1515 2803 atque
1547 2746 1646 2790 hinc
1676 2747 1869 2802 illustra·

162 2835 226 2878 vit
253 2836 341 2878 vim
372 2834 544 2878 Amoris
572 2833 992 2889 mansuefacieutem.
1054 2833 1244 2876 Iudicavi
1275 2845 1460 2884 nexum3
1502 2830 1580 2874 sed
1610 2829 1737 2888 vides,
1762 2829 1864 2885 quid

164 2918 409 2975 peceaverit
448 2917 717 2973 Lygdamus.
791 2918 984 2962 Primum
1031 2918 1144 2961 enim
1195 2930 1294 2963 cum
1343 2916 1603 2959 antecedens
1652 2915 1866 2958 sententia

163 3002 272 3046 haec
301 3004 385 3045 sitz
430 3009 477 3044 et
507 3001 549 3044 si
585 3000 687 3060 quis
718 3009 942 3044 certamen
974 3002 1069 3045 vini
1099 3010 1304 3047 recusat,
1335 3001 1499 3059 infelix
1531 3000 1592 3043 sit
1625 2999 1671 3041 in
1702 3014 1863 3046 amore,

163 3098 243 3128 nec
275 3096 474 3139 magnam
515 3083 600 3128 vim
642 3081 799 3126 habeat
841 3082 1063 3140 epitheton
1094 3084 1197 3125 mite
1229 3085 1287 3127 ibi
1320 3085 1441 3139 quasi
1474 3084 1615 3127 obiter
1643 3084 1864 3135 insertum,

165 3182 294 3213 nemo
339 3167 537 3225 profecto
581 3167 864 3224 exspectabat
906 3166 988 3212 hoc
1030 3169 1170 3224 ipsum
1213 3182 1325 3211 nunc
1371 3169 1629 3210 illustratum
1671 3167 1724 3209 iri
1763 3165 1864 3208 data

162 3266 321 3309 opera,
365 3266 445 3296 nec
475 3251 512 3294 si
553 3252 728 3295 abesset
769 3253 914 3307 locus,
958 3252 1227 3296 desiderares
1258 3253 1503 3308 quidquam.
1568 3251 1648 3294 Est
1690 3255 1863 3307 praeter

162 3338 462 3381 necessitatem
491 3336 782 3393 interpositus.
847 3337 1010 3379 Deinde
1044 3338 1173 3380 etiam
1206 3338 1409 3381 transitus
1439 3337 1576 3380 malus
1608 3339 1687 3377 est.
1753 3333 1863 3378 Quis
