2158 3750
718 225 902 276 LIBR.
939 225 980 275 Ι.
1050 222 1251 276 ELEG.
1287 222 1380 274 III.
1835 229 1900 274 65

197 380 560 425 consuluisse
602 379 754 426 deos,
827 378 1045 423 Muliebre
1089 381 1201 436 ηθος
1250 378 1332 422 loci
1371 377 1560 420 illustrat
1590 375 1731 420 Imus
1764 377 1895 421 Gau·

194 477 406 517 mamm,
467 463 644 508 laudans
684 464 894 521 imprimis
937 462 1114 507 Scholia
1157 462 1213 506 ad
1257 463 1493 506 Aponon.
1534 460 1687 503 Rnon.
1721 459 1757 514 Ι,
1787 464 1893 504 247.

191 546 377 589 Videtur
409 551 554 590 autem
583 545 639 590 de
668 543 942 601 haruspicum
973 557 1111 598 opera
1140 542 1210 587 hic
1242 543 1547 598 cogitandum,
1586 545 1658 599 qui
1688 543 1773 587 iam
1803 549 1895 587 tum

191 629 233 670 iu
267 630 444 686 privatis
474 628 605 671 rebus
632 640 660 670 a
689 626 836 670 multis
866 625 1226 678 consulebantur,
1263 624 1348 669 vid.
1379 625 1652 668 Miinnssnmu
1682 625 1726 668 in
1759 626 1895 669 Libro

190 714 246 758 de
275 714 472 758 Etruscis
515 714 569 758 T.
599 712 660 757 11.
703 725 747 768 p.
782 712 852 754 14.
926 709 1113 753 Credam
1157 709 1292 764 igitur
1331 709 1630 767 haruspicibus
1674 711 1826 754 missas
1867 725 1895 754 a

188 799 315 842 Delia
342 797 503 841 hostias
531 797 697 851 aliquot
725 794 938 847 minora,
969 793 1097 836 aliam
1132 793 1206 835 alii
1237 792 1321 836 deo
1351 794 1701 848 sacrificandam,
1731 795 1785 837 ab
1814 795 1894 838 iis-

187 892 273 934 que
302 892 359 922 ex
389 878 536 921 harum
567 877 680 920 extis
707 875 851 919 fausta
882 886 1089 931 responsa
1120 873 1237 918 data.
1299 875 1413 917 Sunt
1446 874 1527 919 hae
1558 877 1893 920 consultatoriae

186 961 377 1017 hostiae,
413 963 470 1006 de
499 961 655 1017 quibus
685 959 948 1003 Mi'mmmus
980 959 1092 1001 dixit
1122 957 1228 1001 ibid.
1260 972 1304 1015 p.
1339 961 1425 1001 179
1455 971 1549 1014 sqq.
1611 961 1755 1015 Atque
1786 959 1894 1004 haec

185 1045 499 1102 simplicissima
528 1049 597 1087 est
627 1043 864 1101 explicatio
895 1043 1007 1097 loci3
1053 1042 1230 1085 oracula
1271 1046 1396 1084 extra
1426 1043 1578 1086 urbem
1609 1043 1766 1087 adiisse
1801 1046 1893 1087 De-

183 1127 311 1182 liam,
347 1132 397 1170 ut
437 1127 658 1171 Hssrums
698 1125 967 1184 suspicatur,
1012 1127 1084 1171 vix
1115 1126 1342 1184 probabile
1375 1132 1468 1181 est,
1492 1140 1593 1170 nec
1624 1128 1742 1182 quod
1773 1128 1894 1172 addit

183 1209 367 1254 sortasse
395 1211 547 1265 Isidis5
570 1201 829 1268 Serapidis,
874 1211 1096 1255 Fortunae
1128 1211 1296 1268 privata
1327 1212 1503 1254 oracula
1540 1212 1712 1255 Romae
1744 1212 1895 1266 fuisse,

183 1293 396 1338 historicis
422 1274 692 1350 documentis
723 1292 932 1353 pr'ob'av-it.
962 1320 1023 1330 —-
1064 1297 1120 1341 V.
1152 1298 1224 1339 11.
1257 1308 1452 1338 sacras
1481 1295 1648 1351 pueri
1679 1300 1891 1338 sortes.

182 1378 454 1433 Frequentes
494 1384 618 1422 erant
656 1364 855 1434 sortilegi
897 1378 1022 1434 pueri
1052 1378 1220 1431 virique
1251 1378 1295 1420 in
1330 1378 1458 1420 Circo
1493 1377 1685 1419 Maximo
1717 1377 1893 1433 potissi—

183 1473 300 1504 mum
330 1467 376 1504 et
404 1461 549 1516 Foro,
595 1463 670 1517 qui
712 1466 1040 1518 praetereuntes
1080 1462 1312 1504 invitarent
1351 1466 1400 1503 ut
1431 1460 1621 1503 sortibus
1651 1467 1892 1514 uterentur,

183 1543 266 1586 vid.
300 1543 484 1586 Honu.
518 1545 612 1588 Sat.
642 1543 680 1598 Ι,
709 1547 753 1597 6,
788 1547 890 1586 112.
925 1543 1032 1598 ibiq.
1063 1543 1337 1586 Hmnnomv.
1367 1566 1426 1574 --
1473 1533 1741 1595 sustulit,
1788 1555 1893 1598 pro-

184 1629 324 1684 prium
354 1628 410 1671 de
438 1628 629 1671 sortibus
667 1642 724 1671 ex
762 1641 864 1672 arca
906 1631 982 1671 aut
1019 1627 1162 1671 sitella
1196 1627 1404 1680 sublatis,
1447 1625 1503 1669 cf.
1535 1625 1631 1668 C1c.
1664 1625 1719 1668 de
1751 1624 1891 1668 DivIn.

181 1711 241 1766 ll,
269 1715 341 1756 41.
386 1714 563 1758 Pnarrr.
598 1713 743 1757 Casini
774 1713 832 1768 ΙΙ,
863 1715 909 1768 5,
936 1716 1012 1759 33.·
1072 1713 1137 1756 Ac
1181 1712 1239 1755 de
1282 1713 1397 1754 trina
1438 1711 1668 1754 sortitione
1714 1709 1893 1752 laudant

182 1797 426 1843 Summa.
455 1798 511 1841 ad
542 1799 711 1842 Callim.
746 1799 893 1855 Apoll.
925 1811 965 1842 v.
997 1800 1070 1842 45.
1131 1798 1286 1841 Tertia
1327 1796 1500 1839 demum
1539 1795 1744 1851 repetitio
1785 1807 1892 1838 con-

182 1879 325 1922 firmat
353 1893 458 1925 rem.
531 1882 736 1926 Ceterum
781 1881 864 1926 hoc
904 1895 1044 1937 genus
1087 1881 1361 1926 divinationis
1391 1880 1507 1937 apud
1537 1879 1772 1926 nobiliores
1802 1883 1894 1921 tum

180 1960 265 2004 iam
296 1967 559 2006 contemtum
590 1972 710 2018 erat,
758 1965 816 2008 cf.
849 1965 1120 2007 HumnonF.
1157 1963 1213 2006 ad
1243 1963 1403 2005 Horat.
1434 1963 1529 2006 Sat.
1561 1962 1597 2015 Ι,
1640 1965 1683 2015 9,
1714 1965 1790 2004 30.
1832 1982 1893 1995 -

180 2043 275 2088 illi
304 2048 547 2090 rettuflit
576 2060 602 2090 e
635 2047 858 2090 triviis,
911 2047 1056 2090 Recte
1079 2051 1228 2090 monet
1244 2046 1650 2090 WuNnssnmcmus
1666 2044 1893 2087 iteratione

179 2132 442 2185 pronominis
464 2130 622 2172 illa—
639 2130 711 2172 illi
740 2131 932 2174 diversas
956 2131 1048 2174 vias
1072 2130 1217 2173 futura
1240 2127 1484 2185 explicandi
1502 2127 1751 2182 significari.
1811 2125 1895 2168 Est

89 2229 93 2232 ·
179 2211 315 2266 igitur
343 2211 426 2256 hoc
454 2227 594 2268 genus
624 2213 744 2256 aliud
775 2218 821 2257 et
850 2213 1069 2257 diversum
1100 2214 1155 2256 ab
1189 2212 1490 2265 antecedente,
1522 2214 1572 2252 ut
1605 2210 1735 2252 etiam
1768 2209 1895 2252 Vm,-

181 2306 283 2336 mus
318 2295 440 2343 vidit.
474 2297 662 2340 Missus
702 2302 797 2340 erat
832 2310 943 2353 puer
971 2299 1014 2340 in
1056 2298 1182 2340 trIvia
1213 2296 1271 2339 ad
1308 2297 1452 2338 omina
1487 2294 1724 2350 capienda,
1766 2294 1892 2348 isque
1957 2289 1961 2294 ’

182 2379 388 2421 retulerat
418 2386 551 2423 certa.
612 2381 726 2424 Sunt
770 2382 910 2439 aliena
946 2386 1092 2425 cetera
1123 2381 1291 2433 omnia,
1335 2391 1447 2433 quae
1479 2391 1504 2419 a
1534 2377 1635 2419 viris
1667 2375 1806 2418 doctis
1837 2375 1892 2416 ad

182 2455 294 2502 hunc
312 2460 454 2504 locum
472 2463 601 2504 allata
618 2467 808 2506 sunt.—
839 2464 890 2508 V.
914 2465 982 2506 13.
1015 2462 1237 2506 Cuncta
1266 2461 1480 2503 dabant
1511 2459 1747 2502 reditus.
1790 2457 1895 2500 Noli

183 2548 347 2582 cuncta
377 2542 434 2585 ad
466 2544 713 2599 proximum
746 2551 916 2590 tantum
947 2546 1161 2591 distichon
1192 2546 1384 2598 referre,
1428 2543 1506 2586 sed
1540 2544 1669 2587 etiam
1701 2543 1895 2598 priorum

180 2622 412 2667 recordare
443 2625 698 2670 verboruma
746 2626 915 2670 dicitur
946 2643 1093 2670 omnes
1136 2626 1412 2669 consuluisse
1455 2625 1571 2669 deos.
1631 2626 1773 2667 Porro
1810 2622 1897 2664 da·-

182 2703 295 2749 bant
323 2707 499 2751 reditus
530 2714 623 2753 est=
671 2711 960 2768 spondebant·
1021 2712 1207 2756 Pluralis
1237 2710 1410 2754 reditas
1439 2723 1573 2766 saepe
1604 2714 1838 2765 usurpatus
1869 2722 1897 2750 a

182 2789 327 2844 poetis
357 2794 539 2837 notante
569 2793 700 2836 etiam
731 2793 1092 2849 Bnoucxnusm,
1141 2808 1193 2838 ac
1224 2807 1337 2837 nunc
1379 2793 1580 2848 quidem,
1626 2793 1756 2835 toties
1787 2805 1898 2834 nun-

181 2871 290 2914 tiato
318 2872 469 2916 reditu
504 2874 560 2916 ab
591 2876 709 2918 omni
739 2882 888 2932 parte,
927 2877 983 2920 ob
1017 2876 1100 2920 hoc
1131 2878 1272 2934 ipsum
1302 2877 1464 2932 placuit
1494 2871 1687 2918 Tibullo.
1715 2898 1776 2906 —
1808 2874 1899 2918 de·-

183 2957 415 2999 territa·
475 2956 577 3001 Non
609 2943 783 3016 semper
812 2962 954 3004 inesse
984 2963 1028 3004 in
1059 2961 1140 3006 hoc
1179 2961 1314 3005 verbo
1357 2959 1718 3014 significationem
1752 2961 1896 2999 terro-

181 3039 240 3082 ris
271 3043 316 3082 et
347 3041 572 3098 minarum,
609 3042 688 3085 sed
716 3044 819 3100 poni
849 3044 894 3087 id
925 3046 1057 3089 etiam
1087 3058 1154 3101 pr.
1186 3042 1424 3096 dehortari,
1457 3040 1723 3092 dissuadere,
1755 3039 1893 3082 ratio-

180 3120 306 3165 nibus
345 3121 566 3166 adducere
605 3128 655 3167 ut
693 3122 777 3169 hoc
817 3126 925 3170 illud
967 3140 1023 3171 ne
1064 3127 1225 3181 facias,
1267 3139 1401 3182 saepe
1443 3130 1511 3167 est
1548 3125 1786 3176 monitum;
1837 3122 1895 3166 cf·

182 3204 482 3252 Bnoucxrms.
514 3208 569 3252 ad
601 3208 705 3254 h.1.
749 3215 796 3255 et
838 3211 1121 3257 Huscnxnm
1162 3227 1216 3256 ac
1260 3213 1692 3256 thnssnmcmum.
1768 3207 1895 3251 Adde

181 3286 373 3333 Rmmx.
403 3290 456 3334 ad
488 3291 671 3336 Terent.
702 3292 869 3338 Heaut.
896 3294 931 3347 1,
964 3297 1005 3348 1,
1035 3298 1111 3338 27.
1145 3296 1188 3338 in
1219 3293 1410 3337 Dictatis
1439 3306 1466 3335 a
1497 3291 1718 3347 Schopen.
1749 3289 1891 3332 editis.

183 3370 265 3415 Est
296 3379 437 3419 tamen
470 3377 616 3442 paullo
653 3378 829 3433 gravius
864 3378 1069 3433 verbum,
1111 3377 1478 3435 quemadmodum
1510 3375 1579 3419 hic
1610 3374 1665 3418 ad
1697 3373 1894 3417 multitu-

1380 3465 1411 3506 5
