2158 3750
303 226 405 276 374
688 223 1090 275 COMMENTA
1100 223 1155 271 R.
1192 221 1266 271 IN
1305 222 1591 273 TIBULLI

305 386 409 417 κως
441 370 607 416 confert
648 368 785 411 Vme.
819 364 924 407 Aen.
955 363 1032 416 IV,
1065 365 1175 406 487:
1219 363 1345 404 Haec
1387 377 1433 406 se
1473 361 1743 405 carminibus
1772 363 2001 420 promittit

304 455 471 497 solvere
518 456 706 495 mentes,
756 448 883 503 Ques
930 444 1040 487 velit
1052 471 1063 502 ‚2
1113 452 1189 486 ast
1235 444 1340 486 aliis
1389 444 1528 487 duras
1573 445 1808 498 immittere
1853 461 2001 490 curas.

304 539 442 580 Porro
475 533 710 575 lab'ores
741 533 839 572 sunt
869 523 1003 577 πόνοι,
1037 527 1212 569 dolores
1244 527 1372 568 animi
1399 528 1633 582 graviores,
1667 532 1716 570 ut
1740 532 1922 572 constat.
1942 551 2000 559 —

306 618 397 660 hic
428 617 654 667 Delius,
689 611 756 654 hic
788 612 880 664 sol,
911 609 978 652 hic
1011 609 1128 662 dies,
1160 614 1208 651 ut
1240 622 1336 651 cum
1367 609 1586 652 memo
1622 610 1840 654 Hermus
1870 611 2004 652 inter-

306 704 515 757 pretatur.
586 697 711 740 Nove
757 696 946 748 dictum3
994 698 1137 736 tamen
1182 694 1369 735 dubitari
1414 695 1576 747 nequit.
1646 694 1791 748 Vulgo
1832 692 2006 747 quidem

304 780 535 834 Phoebus,
576 792 662 822 non
693 779 875 834 Apollo,
923 789 1002 832 pro
1034 776 1127 818 sole
1164 775 1319 817 dicitur
1350 780 1398 817 ut
1430 780 1622 829 constat,
1669 776 1747 819 sed
1778 777 1862 818 isto
1894 780 2009 818 tem-2

309 882 414 926 pore
462 881 488 909 a
536 865 680 908 multis
729 859 999 919 Apollinem}
1059 862 1245 903 maxime
1291 861 1487 914 Delium,
1550 874 1629 917 pro
1676 861 1771 906 sole
1817 858 2008 902 habitum

308 955 432 997 scito.
463 973 522 982 —·
565 948 854 1000 Fulserit‚
885 952 1007 989 ortus
1038 947 1119 999 sit,
1152 947 1345 999 venerit,
1376 945 1544 988 adlecta
1574 946 1793 988 felicitatis
1819 945 2009 998 notione,

309 1052 361 1081 ac
408 1038 631 1091 comparat
675 1033 1080 1074 WUNDEnmcmth
1125 1029 1284 1073 Catuli.
1317 1030 1437 1083 VIII,
1467 1034 1525 1074 3:
1574 1029 1759 1071 Fulsere
1790 1028 2012 1088 qnondam

309 1117 490 1161 candidi
513 1113 597 1157 tibi
619 1113 746 1157 soles,
807 1113 1004 1166 Denique
1035 1112 1229 1154 niveis
1259 1112 1506 1155 alitibus
1537 1110 1576 1154 h.
1606 1126 1647 1155 e.
1677 1112 1822 1163 fausto
1853 1113 2010 1156 omine.

307 1205 445 1247 Ovn).
484 1202 652 1245 Amorr.
692 1198 750 1252 II,
792 1201 865 1251 12,
906 1200 961 1239 2:
1018 1195 1175 1237 Omina
1219 1211 1306 1237 non
1355 1193 1485 1236 albae
1539 1194 1826 1242 concinuistis
1893 1211 2014 1240 aves,

310 1288 399 1328 Iam
429 1295 580 1328 sensus
609 1279 892 1338 pentametriz
922 1279 1037 1321 bono
1072 1279 1214 1321 omine
1251 1276 1318 1320 hic
1351 1278 1442 1320 dies
1473 1275 1760 1331 exortura-sit,
1779 1254 2014 1329 attinctus

311 1368 417 1411 dies.
477 1367 593 1409 Mire
625 1365 816 1409 Vossms
849 1364 991 1405 locum
1032 1361 1172 1417 cepit:
1219 1360 1376 1404 Veniat
1419 1361 1574 1418 Apollo
1606 1360 1780 1415 fulgens
1807 1362 1852 1404 iu
1885 1375 2014 1406 curru

312 1451 458 1505 cycn1s
490 1453 660 1501 tracto,
706 1448 954 1501 excitetque
995 1458 1074 1488 nos
1115 1445 1168 1487 ad
1213 1449 1398 1488 cantum.
1460 1446 1594 1508 Quae*
1617 1458 1701 1489 non
1730 1459 1840 1502 opus
1870 1451 1938 1489 est
1967 1451 2018 1494 ut

312 1534 562 1582 refutemus.
591 1556 650 1565 —-
693 1532 747 1576 V.
782 1535 839 1573 10
868 1544 963 1586 sqq.
1010 1535 1184 1584 neget
1219 1543 1277 1572 se
1309 1529 1585 1572 comitem.
1635 1529 1816 1572 vinna.
1846 1530 2018 1575 FnAcc.

310 1615 390 1668 III,
422 1620 536 1660 6982
583 1629 644 1656 an
684 1628 774 1655 sese
818 1612 1015 1654 comitem
1049 1619 1144 1652 tam
1185 1609 1396 1652 tristibus
1429 1611 1546 1653 actis
1586 1608 1800 1669 abneget,
1840 1625 2019 1668 compa-

312 1703 434 1743 rante
473 1699 665 1742 meo.
729 1698 902 1739 Omisso
947 1697 1199 1752 pronomine
1241 1696 1424 1739 HonAw.
1457 1696 1493 1749 1,
1525 1699 1597 1749 35,
1628 1696 1712 1738 22:
1764 1696 2020 1753 mostomi-

314 1788 402 1822 tem
431 1777 643 1837 abnegat.
704 1778 787 1821 Est
818 1782 962 1821 autem
994 1778 1131 1832 dux,
1162 1761 1210 1820 ut
1235 1777 1371 1830 vides,
1401 1779 1610 1832 magister
1637 1778 1808 1822 bibendi
1839 1784 1885 1826 et
1913 1793 2018 1825 con-

313 1864 413 1908 vivii
441 1876 533 1906 rex.
567 1885 622 1894 —
670 1862 784 1904 vini
825 1866 1141 1915 certamen,
1186 1863 1576 1918 compotatiouem‚
1620 1866 1671 1904 ut
1699 1860 1841 1903 iaculi
1871 1869 2018 1904 certa-

315 1945 435 1987 mina
480 1947 667 1990 Vmem.
712 1947 877 1997 Georg.
919 1945 977 1998 Π,
1020 1948 1137 1997 530,
1195 1951 1417 1986 certamen
1449 1941 1638 1993 ,bibendi
1677 1944 1874 1999 Ppmus
1916 1943 2021 1988 dicit

317 2028 523 2081 XXXVI,
553 2031 627 2080 21,
659 2029 731 2069 fin.
763 2049 821 2057 -
874 2026 1031 2079 mite,
1081 2025 1155 2066 ubi
1199 2037 1283 2067 non
1327 2026 1475 2067 insane
1515 2029 1704 2068 certatur
1744 2025 1932 2085 bibendo
1975 2030 2020 2068 et

316 2109 487 2153 modica
517 2123 568 2152 ac
610 2107 853 2152 verecunda
884 2112 951 2151 est
982 2108 1260 2163 compotatiO.
1320 2107 1391 2149 At
1422 2122 1475 2149 ne
1508 2107 1608 2165 qais
1639 2085 1797 2150 modici
1827 2111 2021 2152 transsi-

316 2193 404 2235 liat
434 2207 618 2235 munera
640 2191 790 2235 Liberi
817 2194 1066 2233 Centaurea
1090 2198 1234 2232 monet
1263 2205 1360 2231 eum
1382 2190 1594 2247 Lapithis
1619 2190 1721 2233 rixa
1745 2207 1880 2248 super
1905 2208 2021 2235 mero

317 2274 575 2324 Debellata,
606 2277 664 2317 ait
697 2275 878 2317 Honm.
910 2275 946 2327 1,
979 2277 1049 2326 18,
1079 2279 1121 2316 7.
1142 2297 1200 2326 -,
1234 2275 1286 2318 V.
1316 2277 1370 2316 13
1402 2287 1495 2328 sqq.
1557 2275 1668 2318 Ille
1699 2276 1840 2320 facit
1870 2278 2022 2322 dites

317 2361 542 2403 animos.
605 2360 715 2402 Cum
758 2359 982 2414 sequentia
1017 2370 1070 2400 eo
1111 2356 1292 2400 redeant
1331 2357 1583 2411 manifesto,
1625 2362 1672 2401 ut
1701 2361 2021 2405 mansuefacere

317 2444 484 2487 dicatur
512 2445 676 2487 animos
710 2443 869 2494 Amor,
915 2443 1054 2484 aliena
1089 2446 1155 2484 est
1186 2440 1293 2484 haee
1323 2442 1534 2484 sententia
1565 2443 1826 2497 praemissa,
1869 2449 2022 2499 postu-

319 2529 465 2582 latque
495 2540 565 2571 res
596 2528 692 2583 ipsa
722 2531 771 2569 ut
801 2526 931 2568 mites
963 2527 1159 2581 legamus
1200 2539 1266 2582 pr.
1299 2525 1439 2572 dites,
1485 2525 1601 2580 quod
1632 2526 1823 2570 oblatum
1854 2527 1897 2570 in
1928 2527 2024 2570 Ex-

319 2610 479 2665 cerptis
521 2609 671 2652 LIPsrt
715 2609 952 2664 probarunt
994 2608 1211 2649 Hermus
1256 2612 1300 2649 et
1340 2607 1395 2651 ad
1438 2608 1594 2649 Horat.
1633 2608 1690 2661 ΙΙ,
1721 2611 1762 2662 4,
1792 2611 1837 2652 2.
1897 2609 2023 2652 Μιτ-

318 2704 652 2735 scnssnmcnms
681 2697 725 2734 et
748 2704 885 2746 nuper
907 2689 1073 2745 recepit
1097 2690 1300 2733 Vossms.
1362 2689 1623 2743 Obloquitur
1644 2690 1814 2744 quidem
1839 2689 2025 2734 Huscn-

323 2789 451 2830 mus,
483 2788 651 2819 comma
682 2775 736 2818 ad
763 2773 984 2817 Bacchum
1012 2772 1228 2825 referem,
1262 2786 1388 2826 quem
1419 2777 1589 2815 constat
1620 2773 1732 2816 dites
1763 2774 1925 2816 anImos
1956 2774 2026 2819 fa-

319 2873 446 2912 cere,
478 2859 534 2903 cf.
566 2860 767 2902 Pmmn.
800 2859 972 2911 Fragm.
1004 2859 1154 2901 incert.
1187 2870 1251 2899 nr.
1286 2860 1387 2898 136.
1418 2857 1562 2910 ibique
1594 2857 1913 2916 annotationem
1942 2869 2024 2900 no·

321 2949 451 2987 stram
496 2957 596 2999 pag.
631 2946 733 2985 671.
807 2941 917 2984 Esse
960 2942 1092 2995 igitur
1132 2939 1207 2981 ille
1240 2964 1295 2971 —
1327 2940 1403 2981 ille
1447 2954 1511 2995 pr.
1555 2939 1674 2981 alter
1701 2963 1756 2971 —
1788 2939 1933 2995 alter,
1981 2946 2026 2984 et

322 3026 522 3081 componi
562 3025 674 3067 inter
715 3036 762 3066 se
801 3021 1019 3065 Bacchum
1063 3027 1107 3064 et
1151 3024 1368 3064 Amorem.
1434 3023 1491 3063 At
1534 3022 1647 3064 enim
1675 3022 1870 3077 primum
1913 3035 2024 3076 quae

322 3108 462 3162 posita
492 3109 533 3150 in
566 3108 650 3149 fine
683 3108 766 3148 loci
799 3111 923 3149 sunt:
960 3109 1086 3146 Haec
1119 3106 1261 3147 Amor
1292 3113 1337 3146 et
1370 3104 1543 3147 maiora
1575 3104 1712 3158 valet,
1742 3106 1844 3147 satis
1875 3111 2024 3148 osten·

323 3189 430 3231 dunt
472 3196 610 3232 totum
654 3191 709 3233 ad
749 3204 878 3232 unum
927 3193 1129 3233 Amorem
1173 3191 1403 3246 pertinere.
1466 3188 1632 3231 Deinde
1662 3187 1764 3243 quid
1801 3201 1911 3230 nunc
1942 3188 2022 3229 sibi

324 3273 415 3314 vult
458 3270 564 3315 haec
607 3274 852 3315 sententia?
915 3275 1019 3316 Vult
1066 3280 1193 3330 poeta
1234 3287 1359 3317 curas
1401 3273 1557 3315 amoris
1590 3271 1751 3323 levari,
1797 3270 2023 3314 exhilarari

324 3353 486 3396 aulnros
517 3354 640 3407 viu0‚
683 3358 727 3396 at
763 3354 873 3411 dites
906 3355 1048 3398 facere
1077 3355 1294 3399 Bacchum
1328 3354 1429 3410 quid
1462 3353 1528 3398 hic
1560 3353 1614 3396 ad
1646 3354 1775 3397 rem?
1838 3355 1900 3397 Ac
1933 3358 2021 3398 tota

2136 1863 2151 1891 .-
2117 1259 2153 1851 ssrsffi·m;1zwetm
2126 1107 2151 1250 sese-1·
