2158 3750
365 242 467 283 251]
763 233 1229 286 COMMENTAR.
1267 233 1343 284 IN
1380 235 1667 286 TIBULLI

365 393 472 434 pem
507 378 700 435 „fifi-mrm'sz
746 390 906 420 mmm.
948 376 1020 419 ubi
1065 377 1262 420 similiter
1303 377 1376 420 alii
1407 375 1619 436 formata
1651 377 1822 424 habent.
1855 400 1910 413 -
1961 394 2065 424 non

371 460 682 503 habitanda
725 461 921 514 Remo,
969 460 1010 506 h.
1043 476 1083 506 e.
1125 476 1236 516 quae
1267 477 1364 506 cum
1395 462 1726 518 contempsisset
1752 454 1919 523 Remus
1947 470 2067 508 tran-

368 546 527 596 siliens,
557 556 709 586 caesus
744 556 926 600 poenam
958 535 1068 587 tulit.
1112 545 1213 587 LIv.
1242 545 1277 598 Ι,
1302 550 1354 587 7:
1396 544 1640 603 Vulgatior
1661 544 1801 602 fama
1832 553 1916 592 est,
1944 545 2068 588 ludi-

370 625 461 665 hrio
482 625 660 682 fratris
687 628 872 668 Remum
903 641 1038 668 novos
1067 626 1353 669 transiluisse
1389 642 1564 673 muros,
1607 625 1709 669 inde
1739 623 1797 668 ab
1826 626 1947 668 irato
1973 628 2068 668 Ro-

369 706 511 757 mulo,
558 723 656 748 cum
689 706 831 749 verbis
863 724 1036 768 quoque
1065 708 1338 765 increpitans
1379 708 1638 757 adiecisset,
1677 708 1752 751 Sic
1777 708 1945 751 deinde
1968 707 2072 766 qui-

367 807 537 848 cunque
569 790 688 833 alius
724 792 955 834 transiliet
985 792 1156 834 moenia
1189 807 1307 836 mea,
1335 792 1653 850 interfectum,
1686 793 1760 835 ubi
1791 792 2071 836 adde'inter-
2106 801 2109 803 ’

368 881 497 927 prett.
574 875 688 918 Hine
734 874 891 918 caedes
929 875 1060 918 Remi
1103 887 1182 931 pro
1223 875 1411 928 augurio
1456 874 1627 928 habita,
1674 874 1946 918 inviolabilia.
1978 873 2071 916 fore
2139 890 2149 901 ·

368 958 538 1000 Romae
570 959 750 1002 moenia.
814 961 914 1005 Quo
959 962 1175 1016 pertinent
1216 961 1479 1004 Pnopanm
1522 959 1654 1003 verba
1683 958 1763 1013 111,
1794 962 1839 1013 9,
1868 962 1942 1002 50.
1975 959 2073 1001 lau-
2151 963 2154 966 ⁴

369 1042 470 1086 data
500 1045 583 1086 iam
615 1058 641 1086 a
672 1045 945 1087 CYLrAEmo:
989 1051 1034 1085 et
1067 1059 1194 1086 caeso
1226 1045 1396 1087 moenia
1420 1046 1565 1101 firma
1606 1047 1756 1086 Remo.
1815 1043 1936 1086 Idem
1967 1052 2072 1086 vero

370 1126 434 1168 sic
463 1126 678 1169 scribens:
728 1128 908 1180 „urbem
951 1132 1122 1182 septam
1163 1140 1288 1170 muro
1320 1141 1375 1170 ne
1417 1128 1513 1183 quis
1545 1128 1946 1183 transgrederetur,
1995 1141 2074 1183 per

368 1210 624 1267 supplicium
667 1210 854 1253 nondum
892 1211 1171 1253 firmaverat“
1217 1212 1452 1268 improprie
1493 1198 1711 1268 accipiens
1739 1212 1924 1257 Tibulli
1973 1226 2074 1255 ver-

371 1293 472 1335 bum
504 1292 802 1348 firmaverat,
850 1297 900 1334 ut
930 1293 1124 1347 videtur,
1171 1294 1342 1335 erravit.
1417 1293 1618 1336 Tibullus
1650 1293 1927 1349 firmaverat
1970 1307 2075 1349 pro-
2150 1300 2153 1309 “’

371 1379 464 1433 prie
506 1377 640 1430 dixit,
688 1382 737 1419 ut
779 1377 1048 1431 monuimus,
1094 1374 1419 1434 comprobatam
1463 1391 1566 1421 vero
1611 1391 1714 1423 mox
1762 1379 1892 1421 etiam
1941 1378 2076 1421 caede

372 1461 500 1505 Remi
557 1473 652 1504 esse
701 1461 1059 1503 munimentorum
1116 1460 1405 1503 inviolabilem
1459 1462 1776 1517 sanctitatem,-
1822 1460 1904 1505 hoc
1961 1461 2077 1519 apud
2146 1488 2158 1506 ,-

371 1545 592 1590 Tibullum
635 1545 902 1599 significatur
943 1545 1108 1588 verbis:
1155 1560 1244 1588 non
1283 1543 1537 1586 habitanda
1567 1547 1742 1606 Remo„
1773 1551 1818 1588 et
1853 1546 1953 1588 vide
1996 1559 2075 1589 eu-

372 1627 652 1684 pliemismum
709 1629 940 1682 orationi5‚
1001 1634 1131 1685 poeta
1191 1630 1450 1673 lenissimam
1507 1608 1768 1674 locutionem
1822 1635 2078 1687 usurpante.

370 1711 453 1754 Est
482 1725 586 1756 vero
628 1712 893 1755 consorti
924 1722 987 1768 pr.
1021 1711 1170 1765 fratri,
1214 1717 1264 1755 ut
1294 1725 1427 1768 saepe
1459 1726 1544 1756 vox
1586 1713 1640 1756 de
1672 1713 1875 1756 fratribus
1917 1718 1962 1756 et
2001 1727 2076 1756 so-

370 1796 541 1839 roribus
581 1809 621 1839 ν.
662 1810 700 1838 c.
746 1797 886 1839 Ovm.
929 1795 1038 1839 Met.
1068 1797 1149 1852 XI,
1189 1799 1292 1840 347.
1347 1795 1490 1853 Epist.
1534 1810 1590 1840 ex
1633 1797 1778 1841 Ponto
1814 1796 1894 1848 Ill,
1923 1800 1968 1849 2,
2003 1800 2076 1841 47.
2156 1788 2158 1790 ¹

371 1879 464 1922 Res
497 1884 597 1921 nota
631 1879 760 1921 etiam
793 1892 818 1920 a
852 1879 1033 1923 Vunrlo
1066 1885 1111 1922 et
1142 1879 1334 1922 Hermo
1364 1881 1541 1924 monita.
1564 1903 1626 1913 -
1665 1880 1722 1924 V.
1753 1883 1813 1924 25
1839 1893 1932 1935 sqq.
1993 1881 2077 1922 His

371 1961 566 2003 versibus
606 1966 654 2003 ut
698 1959 869 2004 habitus
911 1962 1092 2004 istorum
1139 1963 1357 2030 montium!
1393 1952 1678 2016 describitur,
1721 1963 1783 2007 ita
1825 1963 2076 2019 pastoritiae

337 2045 345 2049 ”
372 2044 487 2086 vitae
518 2043 792 2099 quotidianus
822 2057 951 2098 usuS,
997 2046 1069 2099 qui
1103 2049 1298 2101 pastione
1338 2059 1522 2101 gregum
1559 2052 1604 2089 et
1633 2045 1894 2090 habitatione
1924 2047 1968 2090 in
2002 2051 2074 2090 tu-

372 2127 508 2182 guriis
538 2126 803 2172 continetur.
878 2127 1087 2182 Sequitur
1128 2140 1242 2170 nunc
1284 2127 1463 2171 deorum
1505 2130 1674 2183 cultus3
1719 2129 1886 2173 videbis
1929 2134 2074 2173 autem

371 2214 538 2258 nonnisi
571 2214 821 2270 pastoritios
853 2212 958 2256 deos
988 2219 1274 2268 memoratos,
1308 2218 1357 2257 ut
1387 2228 1465 2270 par
1498 2219 1578 2257 est.
1608 2237 1669 2246 --
1707 2213 1947 2256 suberat
1982 2214 2076 2256 ili-

372 2296 455 2339 cis
497 2296 751 2348 umbrae,
799 2295 939 2338 stabat
969 2296 1049 2339 sub
1082 2297 1179 2340 ilice
1213 2297 1383 2351 signum
1414 2296 1509 2350 dei,
1555 2309 1652 2339 cum
1683 2297 1773 2340 ilex
1802 2310 1927 2340 sacra
1958 2301 2076 2339 esset

372 2377 480 2431 deo,
508 2377 692 2422 docente
722 2381 884 2423 Vossm
916 2380 970 2423 ad
1003 2381 1124 2436 Virg.
1155 2381 1310 2436 Eclog.
1343 2381 1440 2426 VH.
1475 2396 1517 2438 p.
1544 2384 1648 2424 361.
1670 2405 1729 2413 —
1760 2380 1938 2424 Lacte
1968 2395 2075 2425 ma·

372 2459 535 2515 dens,
579 2463 867 2520 spargebatur
898 2465 1011 2507 lacte
1042 2465 1213 2519 signum
1246 2477 1327 2521 pro
1357 2465 1596 2519 sacrificio,
1638 2467 1688 2507 ut
1717 2463 1848 2507 Pales
1878 2475 2007 2520 supra
2041 2463 2075 2516 l,

374 2549 414 2598 1,
445 2549 529 2589 36:
577 2554 624 2588 et
651 2547 880 2604 placidam
911 2547 1027 2591 soleo
1058 2564 1270 2608 spargere
1300 2549 1419 2591 lacte
1459 2548 1628 2592 Palem.
1659 2571 1719 2580 -
1768 2547 1878 2590 Mox
1921 2545 2076 2589 facta

371 2627 569 2683 lignea
614 2628 768 2672 falce
799 2630 994 2686 Pales,
1037 2631 1092 2677 cf.
1125 2633 1365 2675 Pnoefflvr.
1397 2632 1475 2685 IV,
1505 2634 1549 2685 2,
1580 2634 1663 2674 59:
1705 2629 1856 2686 Stipes
1887 2643 2075 2670 acernus
2155 2642 2158 2646 ⁴

371 2724 492 2751 eram
521 2711 832 2769 (Vertumnus)
857 2712 1124 2771 properanti
1150 2712 1274 2770 falce
1298 2712 1493 2756 dolatus.
1554 2713 1754 2755 Tibullus
1777 2710 1897 2754 addit
1917 2724 2075 2766 agee·

370 2796 475 2849 sti,
511 2794 552 2840 h.
580 2810 620 2842 e.
654 2799 794 2853 qualis
822 2797 1068 2853 agrestibus
1098 2795 1295 2842 habetur.
1358 2798 1514 2853 Neque
1546 2798 1658 2842 enim
1682 2798 1767 2840 alia
1797 2797 1978 2840 meliora
2006 2796 2075 2839 in·
2148 2830 2158 2868 ἲ

369 2883 608 2923 strumenta
650 2881 720 2924 isti
765 2886 967 2937 pastores.
1000 2881 1293 2937 possidebant.
1326 2905 1386 2914 —
1429 2882 1484 2925 V.
1516 2884 1574 2923 29
1605 2894 1672 2936 sq.
1718 2880 1849 2935 vagi
1882 2884 2076 2936 pasto»

370 2963 480 3017 ris,
524 2965 705 3007 errantis
748 2978 826 3020 per
865 2971 1034 3008 montes
1077 2970 1121 3008 et
1163 2968 1298 3023 valles
1339 2980 1436 3008 cum
1478 2965 1700 3020 gregibus.
1763 2963 1852 3006 Sed
1884 2975 1961 3005 cur
1992 2961 2075 3004 hoc

373 3046 566 3102 epitheto
599 3048 767 3091 utitur?
827 3050 1016 3106 Propter
1057 3051 1184 3094 istam
1227 3051 1479 3108 pastoritiae
1522 3050 1637 3092 vitae
1679 3047 1920 3099 rationem,
1961 3057 2073 3100 quae

371 3145 457 3175 non
489 3133 620 3176 aedes
651 3134 760 3176 fixas
793 3133 972 3176 deorum
1005 3141 1198 3190 noverat,
1228 3136 1303 3178 ubi
1335 3135 1640 3180 dedicarentur
1668 3131 1858 3184 donaria,
1890 3129 1966 3173 sed
1999 3129 2074 3171 ubi

371 3213 485 3257 forte
514 3219 789 3258 versarentur
819 3221 1012 3259 errantes
1042 3231 1141 3261 cum
1173 3232 1326 3274 grege,
1358 3217 1678 3274 suspendebant
1705 3206 1806 3257 vota
1837 3213 1916 3256 hac
1946 3213 2074 3255 illave

369 3297 410 3338 in
449 3295 692 3340 arbore.——
727 3303 937 3352 votum,
971 3299 1024 3342 cf.
1046 3301 1284 3344 Pnopssnr.
1310 3301 1447 3354 1V,3‚
1468 3304 1548 3343 17:
1582 3295 1783 3342 omnibus
1814 3296 1899 3337 heu
1925 3291 2076 3351 perlis

365 3375 559 3436 pendent
593 3394 689 3421 mea
719 3379 856 3422 noxia
889 3389 1020 3429 vota,
1067 3382 1107 3427 h.
1142 3398 1180 3428 e.
1226 3384 1335 3427 dona
1370 3385 1535 3436 votiva,
1579 3381 1782 3426 laudante
1815 3381 2071 3432 Euserium,
