<?xml version="1.0" encoding="UTF-8"?>
<!DOCTYPE html PUBLIC "-//W3C//DTD XHTML 1.0 Transitional//EN"
    "http://www.w3.org/TR/xhtml1/DTD/xhtml1-transitional.dtd">
<html xmlns="http://www.w3.org/1999/xhtml" xml:lang="en" lang="en">
 <head>
  <title>
</title>
<meta http-equiv="Content-Type" content="text/html;charset=utf-8" />
  <meta name='ocr-system' content='tesseract 3.04.00' />
  <meta name='ocr-capabilities' content='ocr_page ocr_carea ocr_par ocr_line ocrx_word'/>
</head>
<body>
  <div class='ocr_page' id='page_1' title='image "./carminaexrecensi01tibuuoft_0440.png"; bbox 0 0 2158 3750; ppageno 0'>
   <div class='ocr_carea' id='block_1_1' title="bbox 328 278 1625 333">
    <p class='ocr_par' dir='ltr' id='par_1_1' title="bbox 328 278 1625 333">
     <span class='ocr_line' id='line_1_1' title="bbox 328 278 1625 333; baseline 0.002 -4"><span class='ocrx_word' id='word_1_1' title='bbox 328 286 424 330; x_wconf 76' lang='lat'><strong>108</strong></span> <span class='ocrx_word' id='word_1_2' title='bbox 725 278 1192 333; x_wconf 81' lang='lat' dir='ltr'><strong>COMMENTAR.</strong></span> <span class='ocrx_word' id='word_1_3' title='bbox 1225 281 1302 333; x_wconf 88' lang='lat' dir='ltr'><strong>IN</strong></span> <span class='ocrx_word' id='word_1_4' title='bbox 1338 280 1625 333; x_wconf 91' lang='lat' dir='ltr'>TIBULLI</span> 
     </span>
    </p>
   </div>
   <div class='ocr_carea' id='block_1_2' title="bbox 324 420 2022 480">
    <p class='ocr_par' dir='ltr' id='par_1_2' title="bbox 324 420 2022 480">
     <span class='ocr_line' id='line_1_2' title="bbox 324 420 2022 480; baseline -0.002 -14"><span class='ocrx_word' id='word_1_5' title='bbox 324 424 408 466; x_wconf 82' lang='lat' dir='ltr'><strong>rint</strong></span> <span class='ocrx_word' id='word_1_6' title='bbox 438 423 579 465; x_wconf 90' lang='lat' dir='ltr'><strong>omnia</strong></span> <span class='ocrx_word' id='word_1_7' title='bbox 615 423 700 464; x_wconf 90' lang='lat' dir='ltr'><strong>alio</strong></span> <span class='ocrx_word' id='word_1_8' title='bbox 733 426 925 464; x_wconf 89' lang='lat' dir='ltr'><strong>amatore</strong></span> <span class='ocrx_word' id='word_1_9' title='bbox 958 420 1164 476; x_wconf 86' lang='lat' dir='ltr'><strong>admisso,</strong></span> <span class='ocrx_word' id='word_1_10' title='bbox 1213 420 1399 480; x_wconf 77' lang='lat' dir='ltr'><strong>denique</strong></span> <span class='ocrx_word' id='word_1_11' title='bbox 1441 422 1637 464; x_wconf 84' lang='lat' dir='ltr'><strong>dolorum</strong></span> <span class='ocrx_word' id='word_1_12' title='bbox 1668 421 1827 464; x_wconf 86' lang='lat' dir='ltr'><strong>frustra</strong></span> <span class='ocrx_word' id='word_1_13' title='bbox 1858 425 2022 464; x_wconf 84' lang='lat' dir='ltr'><strong>tentata</strong></span> 
     </span>
    </p>
   </div>
   <div class='ocr_carea' id='block_1_3' title="bbox 291 505 2022 3471">
    <p class='ocr_par' dir='ltr' id='par_1_3' title="bbox 291 505 2022 3471">
     <span class='ocr_line' id='line_1_3' title="bbox 322 505 2022 560; baseline -0.002 -9"><span class='ocrx_word' id='word_1_14' title='bbox 322 509 518 551; x_wconf 87' lang='lat' dir='ltr'><strong>remedia</strong></span> <span class='ocrx_word' id='word_1_15' title='bbox 555 521 730 550; x_wconf 88' lang='lat' dir='ltr'><strong>narrans</strong></span> <span class='ocrx_word' id='word_1_16' title='bbox 771 513 814 550; x_wconf 94' lang='lat' dir='ltr'><strong>et</strong></span> <span class='ocrx_word' id='word_1_17' title='bbox 858 507 1108 550; x_wconf 82' lang='lat' dir='ltr'><strong>dissolutam</strong></span> <span class='ocrx_word' id='word_1_18' title='bbox 1149 508 1305 560; x_wconf 86' lang='lat' dir='ltr'><strong>vitam,</strong></span> <span class='ocrx_word' id='word_1_19' title='bbox 1340 507 1424 550; x_wconf 91' lang='lat' dir='ltr'><strong>·cui</strong></span> <span class='ocrx_word' id='word_1_20' title='bbox 1466 519 1514 548; x_wconf 91' lang='lat' dir='ltr'><strong>se</strong></span> <span class='ocrx_word' id='word_1_21' title='bbox 1555 506 1724 548; x_wconf 83' lang='lat' dir='ltr'>dederit</span> <span class='ocrx_word' id='word_1_22' title='bbox 1759 505 2022 560; x_wconf 80' lang='lat' dir='ltr'>aliquamdiu</span> 
     </span>
     <span class='ocr_line' id='line_1_4' title="bbox 319 586 2021 644; baseline -0.003 -11"><span class='ocrx_word' id='word_1_23' title='bbox 319 593 410 633; x_wconf 87' lang='lat' dir='ltr'><strong>sine</strong></span> <span class='ocrx_word' id='word_1_24' title='bbox 447 602 679 642; x_wconf 89' lang='lat' dir='ltr'><strong>successu,</strong></span> <span class='ocrx_word' id='word_1_25' title='bbox 711 590 840 632; x_wconf 88' lang='lat' dir='ltr'><strong>etiam</strong></span> <span class='ocrx_word' id='word_1_26' title='bbox 872 601 985 644; x_wconf 82' lang='lat' dir='ltr'><strong>nunc</strong></span> <span class='ocrx_word' id='word_1_27' title='bbox 1016 589 1209 632; x_wconf 82' lang='lat' dir='ltr'><strong>oblivisci</strong></span> <span class='ocrx_word' id='word_1_28' title='bbox 1240 602 1289 631; x_wconf 91' lang='lat' dir='ltr'><strong>se</strong></span> <span class='ocrx_word' id='word_1_29' title='bbox 1319 601 1403 631; x_wconf 90' lang='lat' dir='ltr'><strong>non</strong></span> <span class='ocrx_word' id='word_1_30' title='bbox 1436 600 1564 643; x_wconf 88' lang='lat' dir='ltr'><strong>posse</strong></span> <span class='ocrx_word' id='word_1_31' title='bbox 1595 587 1784 644; x_wconf 81' lang='lat' dir='ltr'><strong>puellam</strong></span> <span class='ocrx_word' id='word_1_32' title='bbox 1816 586 2021 637; x_wconf 75' lang='lat' dir='ltr'><strong>ostendit,</strong></span> 
     </span>
     <span class='ocr_line' id='line_1_5' title="bbox 320 653 2020 725; baseline -0.002 -11"><span class='ocrx_word' id='word_1_33' title='bbox 320 678 363 714; x_wconf 90' lang='lat' dir='ltr'><strong>et</strong></span> <span class='ocrx_word' id='word_1_34' title='bbox 404 672 519 714; x_wconf 85' lang='lat' dir='ltr'><strong>nulla</strong></span> <span class='ocrx_word' id='word_1_35' title='bbox 559 672 601 714; x_wconf 91' lang='lat' dir='ltr'><strong>vi</strong></span> <span class='ocrx_word' id='word_1_36' title='bbox 643 670 880 722; x_wconf 84' lang='lat' dir='ltr'><strong>delebilem·</strong></span> <span class='ocrx_word' id='word_1_37' title='bbox 915 683 1011 713; x_wconf 85' lang='lat' dir='ltr'><strong>esse</strong></span> <span class='ocrx_word' id='word_1_38' title='bbox 1047 670 1374 713; x_wconf 83' lang='lat' dir='ltr'><strong>admirationem</strong></span> <span class='ocrx_word' id='word_1_39' title='bbox 1415 653 1508 712; x_wconf 82' lang='lat' dir='ltr'><strong>eius</strong></span> <span class='ocrx_word' id='word_1_40' title='bbox 1552 668 1896 725; x_wconf 88' lang='lat' dir='ltr'><strong>pulchritudinis.</strong></span> <span class='ocrx_word' id='word_1_41' title='bbox 1972 668 2020 710; x_wconf 90' lang='lat' dir='ltr'><strong>Iu</strong></span> 
     </span>
     <span class='ocr_line' id='line_1_6' title="bbox 319 749 2021 810; baseline -0.001 -16"><span class='ocrx_word' id='word_1_42' title='bbox 319 765 404 806; x_wconf 81' lang='lat' dir='ltr'><strong>quo</strong></span> <span class='ocrx_word' id='word_1_43' title='bbox 435 757 540 809; x_wconf 91' lang='lat' dir='ltr'><strong>apto</strong></span> <span class='ocrx_word' id='word_1_44' title='bbox 570 753 722 804; x_wconf 82' lang='lat' dir='ltr'><strong>ordine</strong></span> <span class='ocrx_word' id='word_1_45' title='bbox 764 767 907 797; x_wconf 89' lang='lat' dir='ltr'><strong>rerum</strong></span> <span class='ocrx_word' id='word_1_46' title='bbox 949 755 1134 810; x_wconf 86' lang='lat' dir='ltr'><strong>primum</strong></span> <span class='ocrx_word' id='word_1_47' title='bbox 1174 755 1347 810; x_wconf 91' lang='lat' dir='ltr'><strong>quidem</strong></span> <span class='ocrx_word' id='word_1_48' title='bbox 1390 754 1599 810; x_wconf 86' lang='lat' dir='ltr'><strong>temporis</strong></span> <span class='ocrx_word' id='word_1_49' title='bbox 1640 754 1851 796; x_wconf 85' lang='lat' dir='ltr'><strong>rationem</strong></span> <span class='ocrx_word' id='word_1_50' title='bbox 1893 749 2021 793; x_wconf 88' lang='lat' dir='ltr'><strong>habet</strong></span> 
     </span>
     <span class='ocr_line' id='line_1_7' title="bbox 318 817 2020 894; baseline -0.001 -16"><span class='ocrx_word' id='word_1_51' title='bbox 318 841 366 878; x_wconf 88' lang='lat' dir='ltr'><strong>ut</strong></span> <span class='ocrx_word' id='word_1_52' title='bbox 394 817 541 890; x_wconf 82' lang='lat' dir='ltr'><strong>videS,</strong></span> <span class='ocrx_word' id='word_1_53' title='bbox 588 850 809 893; x_wconf 84' lang='lat' dir='ltr'><strong>exponens</strong></span> <span class='ocrx_word' id='word_1_54' title='bbox 827 839 939 894; x_wconf 83' lang='lat' dir='ltr'><strong>quid</strong></span> <span class='ocrx_word' id='word_1_55' title='bbox 971 839 1147 893; x_wconf 86' lang='lat' dir='ltr'><strong>fecerit,</strong></span> <span class='ocrx_word' id='word_1_56' title='bbox 1193 839 1295 894; x_wconf 92' lang='lat' dir='ltr'><strong>quid</strong></span> <span class='ocrx_word' id='word_1_57' title='bbox 1326 839 1428 881; x_wconf 87' lang='lat' dir='ltr'><strong>inde</strong></span> <span class='ocrx_word' id='word_1_58' title='bbox 1459 837 1726 894; x_wconf 88' lang='lat' dir='ltr'><strong>speraverit,</strong></span> <span class='ocrx_word' id='word_1_59' title='bbox 1772 833 1876 891; x_wconf 86' lang='lat' dir='ltr'><strong>quid</strong></span> <span class='ocrx_word' id='word_1_60' title='bbox 1908 846 2020 877; x_wconf 90' lang='lat' dir='ltr'><strong>nunc</strong></span> 
     </span>
     <span class='ocr_line' id='line_1_8' title="bbox 316 905 2016 977; baseline -0.001 -17"><span class='ocrx_word' id='word_1_61' title='bbox 316 920 530 973; x_wconf 81' lang='lat' dir='ltr'><strong>patiatur3</strong></span> <span class='ocrx_word' id='word_1_62' title='bbox 561 905 639 962; x_wconf 81' lang='lat' dir='ltr'><strong>sed</strong></span> <span class='ocrx_word' id='word_1_63' title='bbox 668 921 794 964; x_wconf 90' lang='lat' dir='ltr'><strong>simul</strong></span> <span class='ocrx_word' id='word_1_64' title='bbox 819 922 906 964; x_wconf 84' lang='lat' dir='ltr'><strong>vim</strong></span> <span class='ocrx_word' id='word_1_65' title='bbox 934 921 1147 976; x_wconf 24' lang='lat' dir='ltr'><strong>elegicam,</strong></span> <span class='ocrx_word' id='word_1_66' title='bbox 1170 920 1506 976; x_wconf 86' lang='lat' dir='ltr'><strong>descriptionum</strong></span> <span class='ocrx_word' id='word_1_67' title='bbox 1538 917 1786 966; x_wconf 79' lang='lat' dir='ltr'><strong>observabis</strong></span> <span class='ocrx_word' id='word_1_68' title='bbox 1817 927 2016 977; x_wconf 87' lang='lat' dir='ltr'><strong>crescen-</strong></span> 
     </span>
     <span class='ocr_line' id='line_1_9' title="bbox 315 1001 2015 1059; baseline -0.001 -16"><span class='ocrx_word' id='word_1_69' title='bbox 315 1008 403 1043; x_wconf 86' lang='lat' dir='ltr'><strong>tem</strong></span> <span class='ocrx_word' id='word_1_70' title='bbox 433 1001 496 1044; x_wconf 92' lang='lat' dir='ltr'><strong>sic</strong></span> <span class='ocrx_word' id='word_1_71' title='bbox 539 1001 752 1056; x_wconf 84' lang='lat' dir='ltr'><strong>gradatim</strong></span> <span class='ocrx_word' id='word_1_72' title='bbox 793 1017 892 1046; x_wconf 93' lang='lat' dir='ltr'><strong>cum</strong></span> <span class='ocrx_word' id='word_1_73' title='bbox 935 1017 1170 1059; x_wconf 86' lang='lat' dir='ltr'><strong>progressu</strong></span> <span class='ocrx_word' id='word_1_74' title='bbox 1201 1004 1412 1048; x_wconf 86' lang='lat' dir='ltr'><strong>carminis.</strong></span> <span class='ocrx_word' id='word_1_75' title='bbox 1474 1002 1586 1044; x_wconf 90' lang='lat' dir='ltr'><strong>Nam</strong></span> <span class='ocrx_word' id='word_1_76' title='bbox 1618 1006 1717 1058; x_wconf 89' lang='lat' dir='ltr'><strong>post</strong></span> <span class='ocrx_word' id='word_1_77' title='bbox 1747 1011 2015 1049; x_wconf 86' lang='lat' dir='ltr'><strong>commemo-</strong></span> 
     </span>
     <span class='ocr_line' id='line_1_10' title="bbox 324 1084 2018 1141; baseline -0.001 -15"><span class='ocrx_word' id='word_1_78' title='bbox 324 1089 417 1132; x_wconf 81' lang='lat' dir='ltr'><strong>rata</strong></span> <span class='ocrx_word' id='word_1_79' title='bbox 448 1084 749 1127; x_wconf 83' lang='lat' dir='ltr'><strong>antecedentia</strong></span> <span class='ocrx_word' id='word_1_80' title='bbox 780 1085 922 1127; x_wconf 83' lang='lat' dir='ltr'><strong>officia</strong></span> <span class='ocrx_word' id='word_1_81' title='bbox 955 1085 1058 1139; x_wconf 88' lang='lat' dir='ltr'><strong>quid</strong></span> <span class='ocrx_word' id='word_1_82' title='bbox 1089 1087 1262 1139; x_wconf 83' lang='lat' dir='ltr'><strong>gravius</strong></span> <span class='ocrx_word' id='word_1_83' title='bbox 1295 1089 1362 1127; x_wconf 90' lang='lat' dir='ltr'><strong>est</strong></span> <span class='ocrx_word' id='word_1_84' title='bbox 1393 1085 1683 1141; x_wconf 88' lang='lat' dir='ltr'><strong>descriptione</strong></span> <span class='ocrx_word' id='word_1_85' title='bbox 1725 1084 1886 1126; x_wconf 87' lang='lat' dir='ltr'><strong>frustra</strong></span> <span class='ocrx_word' id='word_1_86' title='bbox 1916 1095 2018 1139; x_wconf 88' lang='lat' dir='ltr'><strong>spe-</strong></span> 
     </span>
     <span class='ocr_line' id='line_1_11' title="bbox 314 1167 2018 1228; baseline 0.001 -18"><span class='ocrx_word' id='word_1_87' title='bbox 314 1173 433 1212; x_wconf 83' lang='lat' dir='ltr'><strong>ratae</strong></span> <span class='ocrx_word' id='word_1_88' title='bbox 476 1169 614 1211; x_wconf 83' lang='lat' dir='ltr'><strong>felicis</strong></span> <span class='ocrx_word' id='word_1_89' title='bbox 656 1169 771 1212; x_wconf 90' lang='lat' dir='ltr'><strong>vitae</strong></span> <span class='ocrx_word' id='word_1_90' title='bbox 811 1181 978 1211; x_wconf 86' lang='lat' dir='ltr'><strong>summo</strong></span> <span class='ocrx_word' id='word_1_91' title='bbox 1019 1169 1112 1211; x_wconf 89' lang='lat' dir='ltr'><strong>iure</strong></span> <span class='ocrx_word' id='word_1_92' title='bbox 1156 1170 1361 1222; x_wconf 88' lang='lat' dir='ltr'><strong>meritae,</strong></span> <span class='ocrx_word' id='word_1_93' title='bbox 1412 1173 1458 1211; x_wconf 89' lang='lat' dir='ltr'><strong>et</strong></span> <span class='ocrx_word' id='word_1_94' title='bbox 1499 1174 1598 1225; x_wconf 87' lang='lat' dir='ltr'><strong>post</strong></span> <span class='ocrx_word' id='word_1_95' title='bbox 1627 1169 1852 1223; x_wconf 82' lang='lat' dir='ltr'><strong>cognitam</strong></span> <span class='ocrx_word' id='word_1_96' title='bbox 1894 1167 2018 1228; x_wconf 82' lang='lat' dir='ltr'><strong>huius</strong></span> 
     </span>
     <span class='ocr_line' id='line_1_12' title="bbox 314 1248 2016 1305; baseline 0.001 -13"><span class='ocrx_word' id='word_1_97' title='bbox 314 1251 531 1294; x_wconf 86' lang='lat' dir='ltr'><strong>felicitatis</strong></span> <span class='ocrx_word' id='word_1_98' title='bbox 569 1248 788 1304; x_wconf 88' lang='lat' dir='ltr'><strong>pulchram</strong></span> <span class='ocrx_word' id='word_1_99' title='bbox 821 1250 1051 1304; x_wconf 86' lang='lat' dir='ltr'><strong>imaginem</strong></span> <span class='ocrx_word' id='word_1_100' title='bbox 1093 1251 1194 1294; x_wconf 87' lang='lat' dir='ltr'><strong>vide</strong></span> <span class='ocrx_word' id='word_1_101' title='bbox 1225 1255 1429 1305; x_wconf 90' lang='lat' dir='ltr'><strong>quantam</strong></span> <span class='ocrx_word' id='word_1_102' title='bbox 1466 1251 1551 1294; x_wconf 88' lang='lat' dir='ltr'><strong>vim</strong></span> <span class='ocrx_word' id='word_1_103' title='bbox 1583 1250 1742 1293; x_wconf 86' lang='lat' dir='ltr'><strong>habeat</strong></span> <span class='ocrx_word' id='word_1_104' title='bbox 1780 1251 1898 1294; x_wconf 87' lang='lat' dir='ltr'><strong>tertii</strong></span> <span class='ocrx_word' id='word_1_105' title='bbox 1931 1252 2016 1295; x_wconf 91' lang='lat' dir='ltr'><strong>loci</strong></span> 
     </span>
     <span class='ocr_line' id='line_1_13' title="bbox 314 1333 2019 1394; baseline 0.003 -19"><span class='ocrx_word' id='word_1_106' title='bbox 314 1335 532 1389; x_wconf 88' lang='lat' dir='ltr'><strong>oppositio</strong></span> <span class='ocrx_word' id='word_1_107' title='bbox 576 1333 632 1376; x_wconf 89' lang='lat' dir='ltr'><strong>de</strong></span> <span class='ocrx_word' id='word_1_108' title='bbox 674 1333 896 1376; x_wconf 84' lang='lat' dir='ltr'><strong>doloribus</strong></span> <span class='ocrx_word' id='word_1_109' title='bbox 935 1340 1092 1390; x_wconf 88' lang='lat' dir='ltr'><strong>poetae</strong></span> <span class='ocrx_word' id='word_1_110' title='bbox 1122 1334 1221 1378; x_wconf 87' lang='lat' dir='ltr'><strong>hinc</strong></span> <span class='ocrx_word' id='word_1_111' title='bbox 1253 1336 1440 1389; x_wconf 77' lang='lat' dir='ltr'><strong>secutiS‚</strong></span> <span class='ocrx_word' id='word_1_112' title='bbox 1489 1335 1544 1392; x_wconf 73' lang='lat' dir='ltr'><strong>de</strong></span> <span class='ocrx_word' id='word_1_113' title='bbox 1584 1335 1885 1394; x_wconf 79' lang='lat' dir='ltr'><strong>desperatione</strong></span> <span class='ocrx_word' id='word_1_114' title='bbox 1926 1337 2019 1393; x_wconf 89' lang='lat' dir='ltr'><strong>dis-</strong></span> 
     </span>
     <span class='ocr_line' id='line_1_14' title="bbox 310 1416 2015 1474; baseline 0.001 -15"><span class='ocrx_word' id='word_1_115' title='bbox 310 1417 481 1459; x_wconf 88' lang='lat' dir='ltr'><strong>solutae</strong></span> <span class='ocrx_word' id='word_1_116' title='bbox 523 1416 664 1470; x_wconf 82' lang='lat' dir='ltr'><strong>vitae,</strong></span> <span class='ocrx_word' id='word_1_117' title='bbox 708 1421 843 1471; x_wconf 84' lang='lat' dir='ltr'><strong>utque</strong></span> <span class='ocrx_word' id='word_1_118' title='bbox 884 1429 940 1459; x_wconf 89' lang='lat' dir='ltr'><strong>ne</strong></span> <span class='ocrx_word' id='word_1_119' title='bbox 981 1417 1043 1459; x_wconf 86' lang='lat' dir='ltr'><strong>ita</strong></span> <span class='ocrx_word' id='word_1_120' title='bbox 1083 1417 1258 1471; x_wconf 90' lang='lat' dir='ltr'><strong>quidem</strong></span> <span class='ocrx_word' id='word_1_121' title='bbox 1299 1416 1437 1459; x_wconf 90' lang='lat' dir='ltr'><strong>deleri</strong></span> <span class='ocrx_word' id='word_1_122' title='bbox 1468 1417 1810 1473; x_wconf 88' lang='lat' dir='ltr'><strong>potueritamor</strong></span> <span class='ocrx_word' id='word_1_123' title='bbox 1840 1418 2015 1474; x_wconf 88' lang='lat' dir='ltr'><strong>puellae</strong></span> 
     </span>
     <span class='ocr_line' id='line_1_15' title="bbox 313 1500 2015 1559; baseline 0.002 -17"><span class='ocrx_word' id='word_1_124' title='bbox 313 1506 527 1544; x_wconf 87' lang='lat' dir='ltr'><strong>tantorum</strong></span> <span class='ocrx_word' id='word_1_125' title='bbox 568 1502 779 1544; x_wconf 87' lang='lat' dir='ltr'><strong>malorum</strong></span> <span class='ocrx_word' id='word_1_126' title='bbox 820 1500 1023 1544; x_wconf 89' lang='lat' dir='ltr'><strong>auctoris.</strong></span> <span class='ocrx_word' id='word_1_127' title='bbox 1100 1501 1301 1543; x_wconf 88' lang='lat' dir='ltr'><strong>Diximus</strong></span> <span class='ocrx_word' id='word_1_128' title='bbox 1340 1501 1396 1544; x_wconf 91' lang='lat' dir='ltr'><strong>de</strong></span> <span class='ocrx_word' id='word_1_129' title='bbox 1438 1503 1575 1558; x_wconf 90' lang='lat' dir='ltr'><strong>prima</strong></span> <span class='ocrx_word' id='word_1_130' title='bbox 1618 1507 1767 1559; x_wconf 83' lang='lat' dir='ltr'><strong>parte,</strong></span> <span class='ocrx_word' id='word_1_131' title='bbox 1815 1516 1926 1558; x_wconf 88' lang='lat' dir='ltr'><strong>quae</strong></span> <span class='ocrx_word' id='word_1_132' title='bbox 1967 1508 2015 1545; x_wconf 87' lang='lat' dir='ltr'><strong>ut</strong></span> 
     </span>
     <span class='ocr_line' id='line_1_16' title="bbox 310 1567 2014 1642; baseline 0.004 -17"><span class='ocrx_word' id='word_1_133' title='bbox 310 1567 502 1627; x_wconf 83' lang='lat' dir='ltr'><strong>amorem</strong></span> <span class='ocrx_word' id='word_1_134' title='bbox 542 1585 603 1630; x_wconf 84' lang='lat' dir='ltr'><strong>ita</strong></span> <span class='ocrx_word' id='word_1_135' title='bbox 643 1585 856 1626; x_wconf 87' lang='lat' dir='ltr'><strong>miseriam</strong></span> <span class='ocrx_word' id='word_1_136' title='bbox 901 1589 1060 1640; x_wconf 90' lang='lat' dir='ltr'><strong>poetae</strong></span> <span class='ocrx_word' id='word_1_137' title='bbox 1097 1587 1353 1639; x_wconf 86' lang='lat' dir='ltr'><strong>gravissime</strong></span> <span class='ocrx_word' id='word_1_138' title='bbox 1393 1588 1586 1642; x_wconf 86' lang='lat' dir='ltr'><strong>exponit.</strong></span> <span class='ocrx_word' id='word_1_139' title='bbox 1663 1587 1860 1632; x_wconf 81' lang='lat' dir='ltr'><strong>Quaeras</strong></span> <span class='ocrx_word' id='word_1_140' title='bbox 1902 1600 2014 1631; x_wconf 85' lang='lat' dir='ltr'><strong>nunc</strong></span> 
     </span>
     <span class='ocr_line' id='line_1_17' title="bbox 308 1667 2009 1727; baseline 0.001 -17"><span class='ocrx_word' id='word_1_141' title='bbox 308 1668 410 1721; x_wconf 89' lang='lat' dir='ltr'><strong>quid</strong></span> <span class='ocrx_word' id='word_1_142' title='bbox 452 1669 588 1710; x_wconf 88' lang='lat' dir='ltr'><strong>maius</strong></span> <span class='ocrx_word' id='word_1_143' title='bbox 631 1673 675 1710; x_wconf 90' lang='lat' dir='ltr'><strong>et</strong></span> <span class='ocrx_word' id='word_1_144' title='bbox 717 1667 935 1710; x_wconf 84' lang='lat' dir='ltr'><strong>efficacius</strong></span> <span class='ocrx_word' id='word_1_145' title='bbox 977 1668 1135 1711; x_wconf 83' lang='lat' dir='ltr'><strong>afferre</strong></span> <span class='ocrx_word' id='word_1_146' title='bbox 1178 1669 1368 1724; x_wconf 86' lang='lat' dir='ltr'><strong>potuerit</strong></span> <span class='ocrx_word' id='word_1_147' title='bbox 1397 1669 1440 1711; x_wconf 91' lang='lat' dir='ltr'><strong>in</strong></span> <span class='ocrx_word' id='word_1_148' title='bbox 1470 1667 1633 1712; x_wconf 81' lang='lat' dir='ltr'><strong>altera.</strong></span> <span class='ocrx_word' id='word_1_149' title='bbox 1693 1667 1927 1727; x_wconf 83' lang='lat' dir='ltr'><strong>Enimvero</strong></span> <span class='ocrx_word' id='word_1_150' title='bbox 1966 1669 2009 1712; x_wconf 91' lang='lat' dir='ltr'><strong>in</strong></span> 
     </span>
     <span class='ocr_line' id='line_1_18' title="bbox 312 1749 2014 1806; baseline 0.004 -16"><span class='ocrx_word' id='word_1_151' title='bbox 312 1749 468 1791; x_wconf 86' lang='lat' dir='ltr'><strong>talibus</strong></span> <span class='ocrx_word' id='word_1_152' title='bbox 511 1754 708 1805; x_wconf 88' lang='lat' dir='ltr'><strong>tempora</strong></span> <span class='ocrx_word' id='word_1_153' title='bbox 740 1751 1078 1797; x_wconf 77' lang='lat' dir='ltr'><strong>consideranda.</strong></span> <span class='ocrx_word' id='word_1_154' title='bbox 1152 1752 1351 1796; x_wconf 89' lang='lat' dir='ltr'><strong>Vidimus</strong></span> <span class='ocrx_word' id='word_1_155' title='bbox 1399 1758 1542 1796; x_wconf 90' lang='lat' dir='ltr'><strong>autem</strong></span> <span class='ocrx_word' id='word_1_156' title='bbox 1592 1751 1726 1796; x_wconf 79' lang='lat' dir='ltr'><strong>fuisse</strong></span> <span class='ocrx_word' id='word_1_157' title='bbox 1773 1757 1865 1796; x_wconf 86' lang='lat' dir='ltr'><strong>tum</strong></span> <span class='ocrx_word' id='word_1_158' title='bbox 1915 1753 2014 1806; x_wconf 85' lang='lat' dir='ltr'><strong>alia,</strong></span> 
     </span>
     <span class='ocr_line' id='line_1_19' title="bbox 309 1833 2010 1891; baseline 0.004 -16"><span class='ocrx_word' id='word_1_159' title='bbox 309 1845 419 1886; x_wconf 91' lang='lat' dir='ltr'><strong>quae</strong></span> <span class='ocrx_word' id='word_1_160' title='bbox 464 1833 561 1887; x_wconf 89' lang='lat' dir='ltr'><strong>plus</strong></span> <span class='ocrx_word' id='word_1_161' title='bbox 607 1833 798 1876; x_wconf 88' lang='lat' dir='ltr'><strong>valerent</strong></span> <span class='ocrx_word' id='word_1_162' title='bbox 842 1834 957 1890; x_wconf 90' lang='lat' dir='ltr'><strong>apud</strong></span> <span class='ocrx_word' id='word_1_163' title='bbox 992 1835 1186 1888; x_wconf 89' lang='lat' dir='ltr'><strong>Deliam,</strong></span> <span class='ocrx_word' id='word_1_164' title='bbox 1234 1834 1579 1890; x_wconf 87' lang='lat' dir='ltr'><strong>quandoquidem</strong></span> <span class='ocrx_word' id='word_1_165' title='bbox 1622 1836 1747 1879; x_wconf 88' lang='lat' dir='ltr'><strong>lenae</strong></span> <span class='ocrx_word' id='word_1_166' title='bbox 1777 1835 2010 1891; x_wconf 56' lang='lat' dir='ltr'><strong>,cuiusdam</strong></span> 
     </span>
     <span class='ocr_line' id='line_1_20' title="bbox 307 1915 2012 1976; baseline 0.004 -18"><span class='ocrx_word' id='word_1_167' title='bbox 307 1915 518 1971; x_wconf 86' lang='lat' dir='ltr'><strong>pessimae</strong></span> <span class='ocrx_word' id='word_1_168' title='bbox 563 1918 808 1974; x_wconf 86' lang='lat' dir='ltr'><strong>praeceptis</strong></span> <span class='ocrx_word' id='word_1_169' title='bbox 858 1931 1013 1974; x_wconf 86' lang='lat' dir='ltr'><strong>parens</strong></span> <span class='ocrx_word' id='word_1_170' title='bbox 1062 1932 1238 1963; x_wconf 89' lang='lat' dir='ltr'><strong>munera</strong></span> <span class='ocrx_word' id='word_1_171' title='bbox 1283 1920 1427 1965; x_wconf 84' lang='lat' dir='ltr'><strong>divitis</strong></span> <span class='ocrx_word' id='word_1_172' title='bbox 1469 1921 1675 1973; x_wconf 83' lang='lat' dir='ltr'><strong>amatoris</strong></span> <span class='ocrx_word' id='word_1_173' title='bbox 1721 1919 2012 1976; x_wconf 80' lang='lat' dir='ltr'><strong>praeferebat,</strong></span> 
     </span>
     <span class='ocr_line' id='line_1_21' title="bbox 305 2001 2010 2058; baseline 0.005 -18"><span class='ocrx_word' id='word_1_174' title='bbox 305 2011 386 2041; x_wconf 91' lang='lat' dir='ltr'><strong>uec</strong></span> <span class='ocrx_word' id='word_1_175' title='bbox 417 2002 589 2054; x_wconf 83' lang='lat' dir='ltr'><strong>poterat</strong></span> <span class='ocrx_word' id='word_1_176' title='bbox 617 2012 794 2055; x_wconf 89' lang='lat' dir='ltr'><strong>sperare</strong></span> <span class='ocrx_word' id='word_1_177' title='bbox 824 2005 954 2055; x_wconf 89' lang='lat' dir='ltr'><strong>poeta</strong></span> <span class='ocrx_word' id='word_1_178' title='bbox 978 2001 1081 2043; x_wconf 88' lang='lat' dir='ltr'><strong>solis</strong></span> <span class='ocrx_word' id='word_1_179' title='bbox 1113 2001 1474 2057; x_wconf 84' lang='lat' dir='ltr'><strong>descriptionibus</strong></span> <span class='ocrx_word' id='word_1_180' title='bbox 1492 2002 1859 2058; x_wconf 57' lang='lat' dir='ltr'><strong>‚antecedentibus</strong></span> <span class='ocrx_word' id='word_1_181' title='bbox 1888 2017 2010 2048; x_wconf 87' lang='lat' dir='ltr'><strong>com-</strong></span> 
     </span>
     <span class='ocr_line' id='line_1_22' title="bbox 307 2082 2008 2144; baseline 0.005 -22"><span class='ocrx_word' id='word_1_182' title='bbox 307 2085 469 2131; x_wconf 86' lang='lat' dir='ltr'><strong>motum</strong></span> <span class='ocrx_word' id='word_1_183' title='bbox 501 2082 554 2129; x_wconf 87' lang='lat' dir='ltr'><strong>iri</strong></span> <span class='ocrx_word' id='word_1_184' title='bbox 588 2083 776 2137; x_wconf 89' lang='lat' dir='ltr'><strong>puellam</strong></span> <span class='ocrx_word' id='word_1_185' title='bbox 807 2083 918 2124; x_wconf 89' lang='lat' dir='ltr'><strong>male</strong></span> <span class='ocrx_word' id='word_1_186' title='bbox 950 2087 1211 2144; x_wconf 87' lang='lat' dir='ltr'><strong>corruptam,</strong></span> <span class='ocrx_word' id='word_1_187' title='bbox 1241 2083 1321 2126; x_wconf 85' lang='lat' dir='ltr'><strong>nisi</strong></span> <span class='ocrx_word' id='word_1_188' title='bbox 1352 2083 1483 2125; x_wconf 89' lang='lat' dir='ltr'><strong>etiam</strong></span> <span class='ocrx_word' id='word_1_189' title='bbox 1514 2083 1591 2126; x_wconf 89' lang='lat' dir='ltr'><strong>has</strong></span> <span class='ocrx_word' id='word_1_190' title='bbox 1621 2089 1824 2134; x_wconf 76' lang='lat' dir='ltr'><strong>externas</strong></span> <span class='ocrx_word' id='word_1_191' title='bbox 1854 2099 2008 2141; x_wconf 82' lang='lat' dir='ltr'><strong>causas</strong></span> 
     </span>
     <span class='ocr_line' id='line_1_23' title="bbox 303 2158 2006 2223; baseline 0.005 -17"><span class='ocrx_word' id='word_1_192' title='bbox 303 2163 472 2214; x_wconf 85' lang='lat' dir='ltr'><strong>discidii</strong></span> <span class='ocrx_word' id='word_1_193' title='bbox 508 2176 763 2217; x_wconf 76' lang='lat' dir='ltr'><strong>removere,</strong></span> <span class='ocrx_word' id='word_1_194' title='bbox 810 2169 855 2207; x_wconf 91' lang='lat' dir='ltr'><strong>et</strong></span> <span class='ocrx_word' id='word_1_195' title='bbox 885 2177 1007 2219; x_wconf 88' lang='lat' dir='ltr'><strong>quae·</strong></span> <span class='ocrx_word' id='word_1_196' title='bbox 1030 2165 1130 2207; x_wconf 89' lang='lat' dir='ltr'><strong>inde</strong></span> <span class='ocrx_word' id='word_1_197' title='bbox 1171 2165 1255 2208; x_wconf 86' lang='lat' dir='ltr'><strong>sibi</strong></span> <span class='ocrx_word' id='word_1_198' title='bbox 1285 2166 1514 2210; x_wconf 85' lang='lat' dir='ltr'><strong>obstabant</strong></span> <span class='ocrx_word' id='word_1_199' title='bbox 1545 2167 1878 2223; x_wconf 86' lang='lat' dir='ltr'><strong>impedimenta,</strong></span> <span class='ocrx_word' id='word_1_200' title='bbox 1924 2158 2006 2215; x_wconf 86' lang='lat' dir='ltr'><strong>im-</strong></span> 
     </span>
     <span class='ocr_line' id='line_1_24' title="bbox 300 2246 2005 2309; baseline 0.005 -22"><span class='ocrx_word' id='word_1_201' title='bbox 300 2259 500 2301; x_wconf 82' lang='lat' dir='ltr'><strong>pugnare·</strong></span> <span class='ocrx_word' id='word_1_202' title='bbox 537 2251 582 2288; x_wconf 88' lang='lat' dir='ltr'><strong>et</strong></span> <span class='ocrx_word' id='word_1_203' title='bbox 623 2250 819 2289; x_wconf 86' lang='lat' dir='ltr'><strong>evertere</strong></span> <span class='ocrx_word' id='word_1_204' title='bbox 855 2246 1093 2289; x_wconf 88' lang='lat' dir='ltr'><strong>studuisset</strong></span> <span class='ocrx_word' id='word_1_205' title='bbox 1125 2247 1227 2289; x_wconf 91' lang='lat' dir='ltr'><strong>data</strong></span> <span class='ocrx_word' id='word_1_206' title='bbox 1257 2261 1402 2304; x_wconf 81' lang='lat' dir='ltr'><strong>opera.</strong></span> <span class='ocrx_word' id='word_1_207' title='bbox 1467 2249 1597 2294; x_wconf 82' lang='lat' dir='ltr'><strong>Quod</strong></span> <span class='ocrx_word' id='word_1_208' title='bbox 1641 2250 1759 2295; x_wconf 81' lang='lat' dir='ltr'><strong>fecit.</strong></span> <span class='ocrx_word' id='word_1_209' title='bbox 1818 2252 1890 2295; x_wconf 80' lang='lat' dir='ltr'><strong>Ac.</strong></span> <span class='ocrx_word' id='word_1_210' title='bbox 1910 2253 2005 2309; x_wconf 38' lang='lat' dir='ltr'><strong>ptis</strong></span> 
     </span>
     <span class='ocr_line' id='line_1_25' title="bbox 303 2328 2006 2392; baseline 0.006 -22"><span class='ocrx_word' id='word_1_211' title='bbox 303 2344 420 2370; x_wconf 75' lang='lat' dir='ltr'><strong>mum</strong></span> <span class='ocrx_word' id='word_1_212' title='bbox 460 2329 631 2382; x_wconf 88' lang='lat' dir='ltr'><strong>quidem</strong></span> <span class='ocrx_word' id='word_1_213' title='bbox 675 2328 812 2383; x_wconf 84' lang='lat' dir='ltr'><strong>ipsam</strong></span> <span class='ocrx_word' id='word_1_214' title='bbox 845 2329 982 2371; x_wconf 86' lang='lat' dir='ltr'><strong>lenam</strong></span> <span class='ocrx_word' id='word_1_215' title='bbox 1023 2330 1274 2383; x_wconf 86' lang='lat' dir='ltr'><strong>gravissima</strong></span> <span class='ocrx_word' id='word_1_216' title='bbox 1314 2331 1626 2386; x_wconf 86' lang='lat' dir='ltr'><strong>imprecatione</strong></span> <span class='ocrx_word' id='word_1_217' title='bbox 1661 2333 2006 2392; x_wconf 23' lang='lat' dir='ltr'><strong>obruit‚mperfi-,</strong></span> 
     </span>
     <span class='ocr_line' id='line_1_26' title="bbox 300 2395 2004 2474; baseline 0.004 -20"><span class='ocrx_word' id='word_1_218' title='bbox 300 2412 397 2454; x_wconf 88' lang='lat' dir='ltr'><strong>diae</strong></span> <span class='ocrx_word' id='word_1_219' title='bbox 430 2417 679 2464; x_wconf 89' lang='lat' dir='ltr'><strong>auctorem,</strong></span> <span class='ocrx_word' id='word_1_220' title='bbox 721 2416 770 2454; x_wconf 90' lang='lat' dir='ltr'><strong>ut</strong></span> <span class='ocrx_word' id='word_1_221' title='bbox 812 2415 856 2453; x_wconf 91' lang='lat' dir='ltr'><strong>et</strong></span> <span class='ocrx_word' id='word_1_222' title='bbox 897 2410 1002 2454; x_wconf 88' lang='lat' dir='ltr'><strong>haec</strong></span> <span class='ocrx_word' id='word_1_223' title='bbox 1045 2413 1135 2455; x_wconf 90' lang='lat' dir='ltr'><strong>luat</strong></span> <span class='ocrx_word' id='word_1_224' title='bbox 1172 2413 1348 2461; x_wconf 80' lang='lat' dir='ltr'><strong>meritas</strong></span> <span class='ocrx_word' id='word_1_225' title='bbox 1395 2395 1558 2469; x_wconf 84' lang='lat' dir='ltr'><strong>poenas</strong></span> <span class='ocrx_word' id='word_1_226' title='bbox 1600 2419 1647 2457; x_wconf 90' lang='lat' dir='ltr'><strong>et</strong></span> <span class='ocrx_word' id='word_1_227' title='bbox 1675 2415 1799 2460; x_wconf 86' lang='lat' dir='ltr'><strong>Delia</strong></span> <span class='ocrx_word' id='word_1_228' title='bbox 1829 2419 2004 2474; x_wconf 81' lang='lat' dir='ltr'><strong>sentiat,</strong></span> 
     </span>
     <span class='ocr_line' id='line_1_27' title="bbox 300 2495 2003 2556; baseline 0.007 -21"><span class='ocrx_word' id='word_1_229' title='bbox 300 2507 428 2547; x_wconf 84' lang='lat' dir='ltr'><strong>quam</strong></span> <span class='ocrx_word' id='word_1_230' title='bbox 471 2495 693 2550; x_wconf 83' lang='lat' dir='ltr'><strong>improbae</strong></span> <span class='ocrx_word' id='word_1_231' title='bbox 741 2496 910 2538; x_wconf 88' lang='lat' dir='ltr'><strong>mulieri</strong></span> <span class='ocrx_word' id='word_1_232' title='bbox 957 2510 1006 2540; x_wconf 91' lang='lat' dir='ltr'><strong>se</strong></span> <span class='ocrx_word' id='word_1_233' title='bbox 1053 2497 1294 2552; x_wconf 85' lang='lat' dir='ltr'><strong>addixerit,</strong></span> <span class='ocrx_word' id='word_1_234' title='bbox 1346 2498 1709 2555; x_wconf 86' lang='lat' dir='ltr'><strong>consideransque</strong></span> <span class='ocrx_word' id='word_1_235' title='bbox 1755 2500 2003 2556; x_wconf 70' lang='lat' dir='ltr'><strong>delmatiata</strong></span> 
     </span>
     <span class='ocr_line' id='line_1_28' title="bbox 300 2565 2005 2631; baseline 0.005 -11"><span class='ocrx_word' id='word_1_236' title='bbox 300 2580 420 2621; x_wconf 89' lang='lat' dir='ltr'><strong>lenae</strong></span> <span class='ocrx_word' id='word_1_237' title='bbox 465 2581 575 2622; x_wconf 85' lang='lat' dir='ltr'><strong>mala</strong></span> <span class='ocrx_word' id='word_1_238' title='bbox 610 2582 739 2623; x_wconf 87' lang='lat' dir='ltr'><strong>etiam</strong></span> <span class='ocrx_word' id='word_1_239' title='bbox 783 2581 864 2623; x_wconf 89' lang='lat' dir='ltr'><strong>sibi</strong></span> <span class='ocrx_word' id='word_1_240' title='bbox 900 2582 1124 2626; x_wconf 89' lang='lat' dir='ltr'><strong>imminere</strong></span> <span class='ocrx_word' id='word_1_241' title='bbox 1167 2583 1306 2627; x_wconf 81' lang='lat' dir='ltr'><strong>discat</strong></span> <span class='ocrx_word' id='word_1_242' title='bbox 1341 2585 1528 2631; x_wconf 79' lang='lat' dir='ltr'><strong>,Veneris</strong></span> <span class='ocrx_word' id='word_1_243' title='bbox 1559 2587 1702 2629; x_wconf 88' lang='lat' dir='ltr'><strong>laesae</strong></span> <span class='ocrx_word' id='word_1_244' title='bbox 1732 2565 1850 2630; x_wconf 85' lang='lat' dir='ltr'><strong>iram.</strong></span> <span class='ocrx_word' id='word_1_245' title='bbox 1921 2589 2005 2631; x_wconf 79' lang='lat' dir='ltr'><strong>Se-</strong></span> 
     </span>
     <span class='ocr_line' id='line_1_29' title="bbox 301 2661 2002 2727; baseline 0.006 -26"><span class='ocrx_word' id='word_1_246' title='bbox 301 2661 442 2702; x_wconf 81' lang='lat' dir='ltr'><strong>cundo</strong></span> <span class='ocrx_word' id='word_1_247' title='bbox 474 2661 567 2711; x_wconf 77' lang='lat' dir='ltr'><strong>loco</strong></span> <span class='ocrx_word' id='word_1_248' title='bbox 598 2662 824 2706; x_wconf 90' lang='lat' dir='ltr'><strong>commoda</strong></span> <span class='ocrx_word' id='word_1_249' title='bbox 858 2669 988 2718; x_wconf 88' lang='lat' dir='ltr'><strong>poeta</strong></span> <span class='ocrx_word' id='word_1_250' title='bbox 1019 2670 1242 2718; x_wconf 85' lang='lat' dir='ltr'><strong>recenset,</strong></span> <span class='ocrx_word' id='word_1_251' title='bbox 1293 2677 1403 2719; x_wconf 87' lang='lat' dir='ltr'><strong>quae</strong></span> <span class='ocrx_word' id='word_1_252' title='bbox 1446 2667 1654 2721; x_wconf 76' lang='lat' dir='ltr'><strong>pauperis,</strong></span> <span class='ocrx_word' id='word_1_253' title='bbox 1689 2668 1894 2712; x_wconf 86' lang='lat' dir='ltr'><strong>amatoris</strong></span> <span class='ocrx_word' id='word_1_254' title='bbox 1919 2666 2002 2727; x_wconf 24' lang='lat' dir='ltr'><strong>Aha-</strong></span> 
     </span>
     <span class='ocr_line' id='line_1_30' title="bbox 300 2744 2002 2801; baseline 0.006 -17"><span class='ocrx_word' id='word_1_255' title='bbox 300 2744 399 2787; x_wconf 87' lang='lat' dir='ltr'><strong>beat</strong></span> <span class='ocrx_word' id='word_1_256' title='bbox 441 2757 587 2797; x_wconf 82' lang='lat' dir='ltr'><strong>amor,</strong></span> <span class='ocrx_word' id='word_1_257' title='bbox 635 2757 731 2790; x_wconf 88' lang='lat' dir='ltr'><strong>cum</strong></span> <span class='ocrx_word' id='word_1_258' title='bbox 775 2745 895 2788; x_wconf 90' lang='lat' dir='ltr'><strong>dives</strong></span> <span class='ocrx_word' id='word_1_259' title='bbox 938 2747 1147 2801; x_wconf 82' lang='lat' dir='ltr'><strong>pecuniae</strong></span> <span class='ocrx_word' id='word_1_260' title='bbox 1190 2747 1406 2800; x_wconf 81' lang='lat' dir='ltr'><strong>confidat,</strong></span> <span class='ocrx_word' id='word_1_261' title='bbox 1441 2746 1527 2795; x_wconf 24' lang='lat' dir='ltr'><strong>,hic</strong></span> <span class='ocrx_word' id='word_1_262' title='bbox 1574 2749 1815 2796; x_wconf 60' lang='lat' dir='ltr'><strong>adcfficia</strong></span> <span class='ocrx_word' id='word_1_263' title='bbox 1859 2752 2002 2794; x_wconf 86' lang='lat' dir='ltr'><strong>omnia</strong></span> 
     </span>
     <span class='ocr_line' id='line_1_31' title="bbox 302 2829 2000 2889; baseline 0.005 -19"><span class='ocrx_word' id='word_1_264' title='bbox 302 2835 474 2884; x_wconf 85' lang='lat' dir='ltr'><strong>praesto</strong></span> <span class='ocrx_word' id='word_1_265' title='bbox 506 2831 562 2873; x_wconf 86' lang='lat' dir='ltr'><strong>sit</strong></span> <span class='ocrx_word' id='word_1_266' title='bbox 593 2842 789 2885; x_wconf 90' lang='lat' dir='ltr'><strong>semper,</strong></span> <span class='ocrx_word' id='word_1_267' title='bbox 821 2829 1052 2878; x_wconf 79' lang='lat' dir='ltr'><strong>adhaereat</strong></span> <span class='ocrx_word' id='word_1_268' title='bbox 1084 2831 1247 2884; x_wconf 81' lang='lat' dir='ltr'><strong>lateri,-</strong></span> <span class='ocrx_word' id='word_1_269' title='bbox 1270 2831 1501 2878; x_wconf 82' lang='lat' dir='ltr'><strong>comitetur</strong></span> <span class='ocrx_word' id='word_1_270' title='bbox 1522 2833 1575 2881; x_wconf 68' lang='lat' dir='ltr'><strong>‚in</strong></span> <span class='ocrx_word' id='word_1_271' title='bbox 1608 2833 1676 2876; x_wconf 88' lang='lat' dir='ltr'><strong>via</strong></span> <span class='ocrx_word' id='word_1_272' title='bbox 1704 2846 1784 2888; x_wconf 90' lang='lat' dir='ltr'><strong>per</strong></span> <span class='ocrx_word' id='word_1_273' title='bbox 1815 2833 2000 2889; x_wconf 78' lang='lat' dir='ltr'><strong>turbam,</strong></span> 
     </span>
     <span class='ocr_line' id='line_1_32' title="bbox 299 2913 1998 2971; baseline 0.004 -18"><span class='ocrx_word' id='word_1_274' title='bbox 299 2913 488 2955; x_wconf 86' lang='lat' dir='ltr'><strong>deducat</strong></span> <span class='ocrx_word' id='word_1_275' title='bbox 518 2913 572 2956; x_wconf 89' lang='lat' dir='ltr'><strong>ad</strong></span> <span class='ocrx_word' id='word_1_276' title='bbox 605 2913 801 2955; x_wconf 84' lang='lat' dir='ltr'><strong>convivia</strong></span> <span class='ocrx_word' id='word_1_277' title='bbox 831 2913 1079 2955; x_wconf 89' lang='lat' dir='ltr'><strong>amicorum.</strong></span> <span class='ocrx_word' id='word_1_278' title='bbox 1144 2913 1340 2958; x_wconf 83' lang='lat' dir='ltr'><strong>Observa</strong></span> <span class='ocrx_word' id='word_1_279' title='bbox 1370 2926 1482 2956; x_wconf 87' lang='lat' dir='ltr'><strong>nunc</strong></span> <span class='ocrx_word' id='word_1_280' title='bbox 1513 2916 1645 2958; x_wconf 89' lang='lat' dir='ltr'><strong>etiam</strong></span> <span class='ocrx_word' id='word_1_281' title='bbox 1677 2913 1826 2965; x_wconf 82' lang='lat' dir='ltr'><strong>harum</strong></span> <span class='ocrx_word' id='word_1_282' title='bbox 1855 2929 1998 2971; x_wconf 72' lang='lat' dir='ltr'><strong>rerum</strong></span> 
     </span>
     <span class='ocr_line' id='line_1_33' title="bbox 298 2993 1994 3053; baseline 0.006 -19"><span class='ocrx_word' id='word_1_283' title='bbox 298 2993 516 3048; x_wconf 84' lang='lat' dir='ltr'><strong>pulchram</strong></span> <span class='ocrx_word' id='word_1_284' title='bbox 544 2993 772 3045; x_wconf 78' lang='lat' dir='ltr'><strong>rationem.</strong></span> <span class='ocrx_word' id='word_1_285' title='bbox 834 2993 1028 3036; x_wconf 89' lang='lat' dir='ltr'><strong>Primum</strong></span> <span class='ocrx_word' id='word_1_286' title='bbox 1061 2993 1173 3042; x_wconf 88' lang='lat' dir='ltr'><strong>enim</strong></span> <span class='ocrx_word' id='word_1_287' title='bbox 1203 3000 1302 3050; x_wconf 90' lang='lat' dir='ltr'><strong>post</strong></span> <span class='ocrx_word' id='word_1_288' title='bbox 1333 2995 1505 3039; x_wconf 89' lang='lat' dir='ltr'><strong>dolores</strong></span> <span class='ocrx_word' id='word_1_289' title='bbox 1535 2996 1704 3045; x_wconf 86' lang='lat' dir='ltr'><strong>discidii</strong></span> <span class='ocrx_word' id='word_1_290' title='bbox 1733 3005 1994 3053; x_wconf 74' lang='lat' dir='ltr'><strong>memoratos</strong></span> 
     </span>
     <span class='ocr_line' id='line_1_34' title="bbox 296 3075 1996 3151; baseline 0.006 -36"><span class='ocrx_word' id='word_1_291' title='bbox 296 3076 396 3128; x_wconf 80' lang='lat' dir='ltr'><strong>quid</strong></span> <span class='ocrx_word' id='word_1_292' title='bbox 429 3075 566 3130; x_wconf 85' lang='lat' dir='ltr'><strong>magis</strong></span> <span class='ocrx_word' id='word_1_293' title='bbox 597 3080 934 3119; x_wconf 88' lang='lat' dir='ltr'><strong>consentaneum</strong></span> <span class='ocrx_word' id='word_1_294' title='bbox 978 3078 1171 3132; x_wconf 72' lang='lat' dir='ltr'><strong>proxime</strong></span> <span class='ocrx_word' id='word_1_295' title='bbox 1212 3078 1454 3133; x_wconf 85' lang='lat' dir='ltr'><strong>insequenti</strong></span> <span class='ocrx_word' id='word_1_296' title='bbox 1496 3081 1795 3133; x_wconf 83' lang='lat' dir='ltr'><strong>exsecratione</strong></span> <span class='ocrx_word' id='word_1_297' title='bbox 1822 3082 1996 3151; x_wconf 51' lang='lat' dir='ltr'><strong>lenae?</strong></span> 
     </span>
     <span class='ocr_line' id='line_1_35' title="bbox 300 3156 1995 3226; baseline 0.008 -30"><span class='ocrx_word' id='word_1_298' title='bbox 300 3156 706 3207; x_wconf 75' lang='lat' dir='ltr'><strong>Veliementissimus</strong></span> <span class='ocrx_word' id='word_1_299' title='bbox 748 3156 816 3200; x_wconf 88' lang='lat' dir='ltr'><strong>hic</strong></span> <span class='ocrx_word' id='word_1_300' title='bbox 860 3159 979 3201; x_wconf 89' lang='lat' dir='ltr'><strong>locus</strong></span> <span class='ocrx_word' id='word_1_301' title='bbox 1021 3164 1112 3213; x_wconf 89' lang='lat' dir='ltr'><strong>est,</strong></span> <span class='ocrx_word' id='word_1_302' title='bbox 1161 3160 1231 3216; x_wconf 83' lang='lat' dir='ltr'><strong>ubi</strong></span> <span class='ocrx_word' id='word_1_303' title='bbox 1274 3168 1404 3216; x_wconf 84' lang='lat' dir='ltr'><strong>poeta</strong></span> <span class='ocrx_word' id='word_1_304' title='bbox 1446 3163 1789 3226; x_wconf 20' lang='lat' dir='ltr'><strong>irasrssgravi‘ores</strong></span> <span class='ocrx_word' id='word_1_305' title='bbox 1815 3178 1995 3222; x_wconf 61' lang='lat' dir='ltr'><strong>omnes,</strong></span> 
     </span>
     <span class='ocr_line' id='line_1_36' title="bbox 293 3241 1994 3301; baseline 0.006 -21"><span class='ocrx_word' id='word_1_306' title='bbox 293 3241 446 3294; x_wconf 88' lang='lat' dir='ltr'><strong>quibus</strong></span> <span class='ocrx_word' id='word_1_307' title='bbox 483 3242 635 3296; x_wconf 84' lang='lat' dir='ltr'><strong>plenus</strong></span> <span class='ocrx_word' id='word_1_308' title='bbox 669 3245 761 3283; x_wconf 87' lang='lat' dir='ltr'><strong>erat</strong></span> <span class='ocrx_word' id='word_1_309' title='bbox 803 3244 968 3285; x_wconf 85' lang='lat' dir='ltr'><strong>animus</strong></span> <span class='ocrx_word' id='word_1_310' title='bbox 1010 3244 1066 3286; x_wconf 90' lang='lat' dir='ltr'><strong>ob</strong></span> <span class='ocrx_word' id='word_1_311' title='bbox 1100 3250 1226 3287; x_wconf 46' lang='lat' dir='ltr'><strong>&gt;tanta</strong></span> <span class='ocrx_word' id='word_1_312' title='bbox 1258 3247 1393 3299; x_wconf 89' lang='lat' dir='ltr'><strong>mala,</strong></span> <span class='ocrx_word' id='word_1_313' title='bbox 1441 3249 1483 3289; x_wconf 90' lang='lat' dir='ltr'><strong>in</strong></span> <span class='ocrx_word' id='word_1_314' title='bbox 1515 3247 1994 3301; x_wconf 75' lang='lat' dir='ltr'><strong>aliammulieremet&#39;-</strong></span> 
     </span>
     <span class='ocr_line' id='line_1_37' title="bbox 291 3324 1991 3388; baseline 0.006 -23"><span class='ocrx_word' id='word_1_315' title='bbox 291 3324 444 3377; x_wconf 81' lang='lat' dir='ltr'><strong>fundit,</strong></span> <span class='ocrx_word' id='word_1_316' title='bbox 487 3325 614 3377; x_wconf 81' lang='lat' dir='ltr'><strong>simul</strong></span> <span class='ocrx_word' id='word_1_317' title='bbox 645 3329 803 3378; x_wconf 85' lang='lat' dir='ltr'><strong>tamen,</strong></span> <span class='ocrx_word' id='word_1_318' title='bbox 838 3332 882 3369; x_wconf 93' lang='lat' dir='ltr'><strong>ut</strong></span> <span class='ocrx_word' id='word_1_319' title='bbox 915 3328 1017 3382; x_wconf 85' lang='lat' dir='ltr'><strong>dixi,</strong></span> <span class='ocrx_word' id='word_1_320' title='bbox 1050 3329 1257 3383; x_wconf 77' lang='lat' dir='ltr'><strong>indirecte</strong></span> <span class='ocrx_word' id='word_1_321' title='bbox 1290 3331 1456 3374; x_wconf 88' lang='lat' dir='ltr'><strong>Deliam</strong></span> <span class='ocrx_word' id='word_1_322' title='bbox 1490 3330 1721 3388; x_wconf 85' lang='lat' dir='ltr'><strong>admonere</strong></span> <span class='ocrx_word' id='word_1_323' title='bbox 1754 3335 1991 3388; x_wconf 53' lang='lat' dir='ltr'><strong>etuterrere</strong></span> 
     </span>
     <span class='ocr_line' id='line_1_38' title="bbox 292 3410 1990 3471; baseline 0.004 -20"><span class='ocrx_word' id='word_1_324' title='bbox 292 3411 391 3452; x_wconf 73' lang='lat' dir='ltr'><strong>vult.</strong></span> <span class='ocrx_word' id='word_1_325' title='bbox 457 3410 567 3464; x_wconf 80' lang='lat' dir='ltr'><strong>Nam</strong></span> <span class='ocrx_word' id='word_1_326' title='bbox 611 3415 917 3468; x_wconf 16' lang='lat' dir='ltr'><strong>terrore&gt;01›us</strong></span> <span class='ocrx_word' id='word_1_327' title='bbox 950 3413 1172 3462; x_wconf 86' lang='lat' dir='ltr'><strong>videbatur</strong></span> <span class='ocrx_word' id='word_1_328' title='bbox 1213 3415 1254 3456; x_wconf 88' lang='lat' dir='ltr'><strong>in</strong></span> <span class='ocrx_word' id='word_1_329' title='bbox 1287 3415 1368 3458; x_wconf 86' lang='lat' dir='ltr'><strong>ista</strong></span> <span class='ocrx_word' id='word_1_330' title='bbox 1412 3414 1559 3459; x_wconf 82' lang='lat' dir='ltr'><strong>infami</strong></span> <span class='ocrx_word' id='word_1_331' title='bbox 1591 3415 1891 3471; x_wconf 87' lang='lat' dir='ltr'><strong>corruptione,</strong></span> <span class='ocrx_word' id='word_1_332' title='bbox 1939 3429 1990 3458; x_wconf 90' lang='lat' dir='ltr'><strong>ac</strong></span> 
     </span>
    </p>
   </div>
  </div>
 </body>
</html>
