2158 3750
676 284 860 338 LIBR.
895 287 988 338 ΠΙ.
1058 284 1261 337 ELEG.
1295 286 1340 336 Ι.
1753 288 1855 340 319

160 437 247 477 tem
279 444 400 487 eam,
431 445 515 487 qua
545 430 627 475 frui
661 434 873 484 meretur,
903 427 946 473 h.
976 441 1016 473 e.
1047 427 1276 486 plurimum
1306 427 1551 485 voluptatis.
1613 427 1704 473 Sed
1736 430 1854 484 quod

157 517 319 570 legitur
356 519 398 559 in
429 516 649 559 codicibus
691 514 798 556 meis
838 519 1088 569 corruptum
1130 514 1366 556 iudicamus
1406 525 1504 556 cum
1544 513 1653 556 aliis.
1716 515 1856 557 Dubi-

155 601 292 639 tatum
330 598 415 639 iam
454 597 559 639 olim
600 596 770 638 videtur
810 595 1021 638 Musaeue
1063 596 1292 648 loquantur
1336 607 1415 651 per
1458 593 1570 638 hunc
1614 596 1755 639 locum
1795 610 1853 640 au

155 687 310 737 poeta,
342 681 455 724 unde
488 695 516 723 a
545 681 728 723 librariis
758 679 902 735 potuit
926 677 1033 720 meis
1062 678 1223 722 inferri.
1285 680 1523 722 Servarunt
1554 683 1696 722 tamen
1729 679 1855 724 codi-

154 778 227 807 ces
257 766 366 808 int'ra
397 779 436 807 v.
472 767 542 807 12.
575 771 720 806 tuum.
783 762 952 808 Quodsi
992 763 1154 805 retines
1195 767 1303 804 meis
1345 768 1390 806 et
1431 765 1541 806 infra
1570 779 1712 805 meum
1743 767 1854 808 scri-

154 847 246 901 bis,
275 854 325 890 ut
355 852 486 904 poeta
515 859 572 889 ex
600 858 680 888 sua
709 857 895 901 persona
923 845 1139 899 loquatur,
1170 843 1484 888 intolerabilem
1519 846 1559 888 ei
1589 846 1850 890 inverecun-

153 929 266 972 diam
298 930 463 972 tribuis.
522 927 665 981 Igitur
694 937 780 968 non
809 923 938 967 dicit:
971 923 1163 978 gaudeat
1192 925 1387 968 versibus
1420 927 1554 979 meis,
1586 927 1663 969 sed
1695 928 1851 972 Musae

151 1015 327 1056 dicunt:
362 1012 551 1066 gaudeat
578 1010 775 1053 versibus
805 1009 916 1062 tuis,
947 1009 1205 1052 observante
1237 1010 1368 1052 etiam
1402 1008 1704 1056 Emns‘mmo.
1767 1015 1852 1057 Vel

149 1099 212 1142 sic
242 1097 360 1139 dicas
391 1108 615 1138 remanere
644 1093 926 1138 immodestae
971 1093 1074 1148 quid
1114 1097 1418 1152 arrogantiae;
1460 1097 1663 1140 debuisse
1704 1100 1850 1154 potius

148 1179 290 1236 optari
330 1183 380 1220 ut
414 1177 535 1233 digni
564 1178 651 1220 siut
689 1189 840 1220 versus
870 1177 1029 1232 puella.
1090 1177 1252 1221 Verum
1284 1177 1393 1232 hoc,
1435 1185 1485 1222 ut
1514 1190 1671 1224 sonant
1700 1183 1850 1226 verba.

147 1262 313 1307 Tamen
343 1262 386 1304 ni
417 1262 570 1313 fallor,
612 1263 746 1315 poeta
783 1257 854 1302 hic
886 1259 1073 1302 animum
1115 1272 1201 1302 uon
1231 1259 1380 1304 habuit
1409 1263 1738 1319 immodestum,
1780 1267 1849 1309 in-

146 1345 463 1398 verecundum,
506 1344 581 1399 qui
619 1355 831 1398 nusquam
874 1342 1110 1399 superbum
1149 1348 1195 1386 et
1234 1351 1511 1400 arrogantem
1541 1361 1589 1390 se
1632 1347 1846 1401 ostendat,

147 1428 227 1470 sed
259 1428 518 1470 submissum
547 1427 692 1481 potius
722 1431 768 1469 et
797 1428 938 1469 lenem
969 1432 1014 1469 et
1045 1428 1234 1480 mollem,
1266 1441 1318 1470 ac
1354 1429 1524 1472 dicendi
1555 1430 1636 1473 fuit
1665 1432 1844 1487 imperi-

145 1511 245 1552 tior.
308 1509 405 1552 Hoc
434 1509 567 1563 igitur
594 1509 757 1552 voluit:
803 1507 1008 1550 Gaudeat
1038 1508 1167 1550 laude
1198 1523 1399 1551 versuum
1431 1515 1629 1564 tuorum,
1672 1513 1847 1567 placeat

146 1593 186 1634 ei
218 1592 311 1633 laus
342 1603 523 1647 poeseos
552 1594 680 1641 tuae3
722 1589 854 1632 mittit
883 1589 997 1631 enim
1029 1589 1175 1644 priora
1205 1592 1417 1645 carmina,
1448 1594 1602 1646 quibus
1632 1598 1734 1636 ante
1766 1607 1844 1637 ce-

143 1673 386 1715 lebraverat
417 1673 630 1716 Neaeram
662 1671 719 1717 cf.
749 1675 794 1726 4,
824 1676 924 1725 75„
964 1673 1019 1714 ab
1061 1686 1113 1715 ea
1155 1678 1257 1716 tunc
1297 1675 1543 1730 singulatim
1585 1677 1670 1720 iam
1712 1678 1842 1731 lecta,

144 1755 222 1797 sed
255 1768 367 1798 nunc
398 1755 627 1798 coniuncta
656 1768 744 1797 uno
775 1755 817 1797 in
848 1755 973 1808 libro,
1005 1755 1158 1798 fortius
1190 1757 1250 1798 ita
1281 1741 1616 1801 resuscitaturus
1648 1759 1841 1803 favorem

141 1840 314 1895 puellae
355 1839 571 1893 priorem,
619 1838 656 1880 si
691 1839 784 1881 fieri
829 1838 980 1894 possit.
1054 1838 1148 1881 Nec
1189 1839 1244 1882 ad
1279 1853 1319 1883 v.
1360 1840 1499 1898 digua
1538 1849 1607 1882 est
1648 1842 1842 1897 suppleri

141 1922 301 1963 voluit:
348 1919 548 1963 versibus
575 1920 671 1963 tuis
697 1921 924 1980 gaudere,
966 1922 1043 1964 sed
1080 1922 1279 1980 gaudere
1310 1924 1588 1980 simpliciter,
1632 1925 1844 1979 quemad-

139 2003 314 2045 modum
363 2016 494 2059 snpra
541 2002 736 2046 fecimus.
810 2003 975 2046 Peccat
1031 2016 1112 2059 per
1161 2008 1303 2047 totum
1350 2006 1493 2048 locum
1541 2006 1735 2048 infantia.
1782 2028 1841 2037 —

140 2085 194 2128 V.
228 2088 256 2127 9
288 2099 382 2140 sqq.
443 2085 567 2139 sed,
626 2085 776 2128 dicunt
817 2085 995 2139 Musae,
1039 2087 1096 2128 sit
1137 2086 1247 2129 liber
1289 2089 1418 2131 etiam
1464 2094 1645 2131 externo
1688 2087 1839 2131 habitu

137 2165 330 2223 pulchro.
409 2169 618 2223 Sequitur
658 2182 771 2212 nunc
813 2170 934 2212 locus
976 2169 1031 2213 de
1075 2173 1337 2214 ornamentis
1380 2171 1479 2214 libri
1520 2172 1743 2226 mittendi,
1791 2173 1838 2216 iu

67 2233 72 2236 Ι
137 2265 318 2307 quorum
348 2253 677 2309 explicationem
719 2253 970 2297 conferendi
1009 2260 1109 2297 sunt
1150 2257 1343 2298 Vossms
1385 2256 1440 2298 ad
1485 2256 1642 2299 Catull.
1683 2272 1724 2312 p.
1759 2262 1835 2300 51.

137 2334 471 2378 scmus-rmus
502 2335 559 2379 de
588 2337 864 2380 Ornamentis
894 2338 1124 2391 librorum,
1157 2339 1375 2381 Hermus
1407 2343 1452 2381 et
1481 2339 1516 2383 Ι.
1552 2339 1608 2380 Η.
1644 2341 1833 2382 Vossms

138 2415 230 2470 hic,
261 2430 315 2459 ne
343 2418 522 2472 addam,
551 2431 661 2474 quos
689 2418 1050 2461 Bnoucxnususs
1082 2419 1251 2472 laudat,
1285 2424 1330 2462 et
1358 2420 1600 2463 Bmwmus
1627 2421 1681 2462 ad
1705 2422 1838 2464 Statii

139 2501 247 2543 Silv.
279 2503 355 2555 lV,
387 2506 430 2555 9,
461 2507 506 2548 7.
537 2525 597 2535 —
638 2504 863 2546 niveum
898 2503 1182 2557 libellum,
1214 2517 1502 2559 papyraceum
1537 2505 1734 2546 volumen
1768 2505 1836 2546 in·-

135 2586 302 2639 tellige,
334 2586 503 2640 scriptis
535 2586 689 2628 litteris
718 2585 762 2628 in
793 2585 1000 2627 interiore
1033 2590 1171 2641 parte,
1202 2585 1317 2639 quod
1351 2587 1643 2639 convolutum,
1675 2584 1833 2628 deinde

134 2672 296 2710 tectum
340 2673 458 2711 esset
497 2669 743 2712 membrana
842 2669 1079 2723 glutinata,
1127 2682 1239 2712 nunc
1281 2683 1412 2712 croco
1453 2670 1587 2712 tincta
1634 2675 1683 2712 ut
1726 2670 1833 2713 alias

133 2750 264 2793 minio
302 2757 379 2794 aut
421 2765 624 2808 purpura.
687 2753 1017 2809 oppositionem
1049 2752 1338 2809 epithetorum
1370 2751 1498 2794 lutea
1529 2752 1705 2795 niveum
1736 2754 1832 2811 ipse

132 2831 265 2874 vides.
297 2855 356 2863 —
410 2846 609 2889 pumex
652 2834 894 2878 tondeat
936 2840 1066 2877 ante
1110 2849 1314 2881 comas.
1387 2836 1507 2878 Male
1539 2835 1607 2878 hic
1642 2837 1832 2879 Vossms

134 2913 423 2956 membranam
455 2915 498 2957 in
529 2915 702 2959 officina
735 2916 1032 2971 laevigandam
1075 2918 1265 2971 cogitat,
1314 2931 1425 2972 quae
1470 2930 1542 2960 res
1582 2917 1723 2960 aliena
1765 2924 1834 2962 est

133 2999 189 3040 ab
221 2998 302 3042 hoc
334 3000 443 3044 loco.
503 3000 573 3043 Tu
606 3000 661 3044 de
691 3002 779 3045 oris
809 3001 986 3045 chartae
1016 3004 1274 3047 convolutae
1305 3002 1391 3046 dici
1423 3007 1552 3059 puta,
1597 3015 1710 3057 quae
1742 3003 1833 3045 cir-

132 3082 510 3136 cumcidebantur,
556 3087 649 3126 tum
687 3083 859 3139 pumice
900 3082 1188 3139 poliebantur.
1240 3085 1378 3129 Ovm.
1419 3084 1552 3127 Trist.
1593 3084 1630 3138 I,
1674 3087 1715 3137 1,
1749 3087 1830 3127 11:

130 3164 224 3204 Nec
245 3164 419 3222 fragili
449 3164 651 3224 geminae
685 3165 924 3222 poliantur
957 3167 1134 3223 pumice
1169 3166 1380 3225 frontes,
1425 3166 1654 3209 Hirsutus
1681 3166 1834 3224 passis

132 3253 186 3287 ut
225 3245 404 3288 videare
433 3246 580 3291 comis.
641 3247 740 3291 Hoc
771 3248 904 3303 igitur
934 3262 1048 3293 nuuc
1078 3249 1183 3293 dicit
1214 3255 1368 3307 poeta:
1420 3251 1662 3306 Antequam
1693 3263 1832 3294 mem-

41 3384 46 3390 ‚
131 3329 266 3373 brana
295 3330 536 3375 involvatur
564 3331 759 3386 libellus,
802 3345 902 3376 oras
932 3333 1064 3376 libelli
1094 3333 1370 3378 circumcisas
1412 3337 1549 3391 poliat
1590 3349 1751 3392 pumex
1782 3340 1829 3377 et

130 3413 254 3455 tollat
306 3414 515 3470 quidquid
565 3428 785 3460 comarum
831 3422 930 3474 post
981 3418 1350 3463 circumcisionem
1397 3420 1620 3463 restiterit.
1707 3418 1828 3462 Idem
