2158 3750
362 293 464 338 332
751 283 1223 338 COMMENTAR.
1262 281 1340 336 IN
1379 283 1671 337 TIBULLI

361 430 438 473 sed
472 428 717 483 coniugium
748 426 947 471 Neaerae
986 429 1054 471 vel
1088 440 1279 484 paupere
1311 417 1444 470 cultu.
1517 426 1630 469 Inde
1659 424 1864 483 sequitur
1894 423 2057 482 repeti-

357 512 422 553 tio
453 509 809 553 antecedentium
849 525 947 551 cum
989 509 1115 552 exitu
1157 510 1237 552 hoc
1268 523 1423 552 sensu:
1469 510 1525 552 At
1568 509 1608 551 si
1650 521 1735 551 non
1775 507 1923 550 audiat
1951 507 2057 550 deus

358 598 484 646 vota,
526 605 607 636 nec
638 592 812 636 divitiae
843 594 1014 647 iuvant,
1058 595 1135 637 sed
1169 595 1298 650 cupio
1329 598 1525 637 mortem.
1588 593 1638 635 In
1670 592 1808 648 prima
1838 595 1961 647 parte
1989 593 2057 634 lo-

357 689 434 717 cus
467 675 522 717 de
562 676 722 718 dlvitiis
762 676 990 718 manifesto
1032 670 1157 718 insto'
1191 676 1364 730 longior
1409 680 1502 728 est,
1545 687 1687 729 neque
1727 686 1837 729 opus
1878 677 1971 715 erat
2010 677 2056 715 ut

355 760 496 800 omnia
530 759 620 801 fere
650 773 812 814 genera
844 765 1199 814 recenserentur,
1243 761 1337 803 auri
1368 760 1561 816 pondus,
1610 758 1860 812 latifundia,
1905 756 2056 800 domo-

354 853 448 882 rum
481 842 598 883 varia
639 843 982 895 magnificentia,
1026 842 1212 897 denique
1245 842 1506 896 margaritae
1547 847 1593 885 et
1627 853 1870 898 purpureae
1899 844 2055 886 vestes·

352 923 443 965 Sed
475 923 671 966 dabimus
702 924 810 967 hoc:
852 939 949 967 cum
983 925 1202 981 praeferat
1233 925 1392 968 divitiis
1426 925 1674 980 coniugium
1707 923 1930 976 Neaerae,
1972 935 2055 965 non

350 1007 492 1057 solum
523 1006 578 1049 de
609 1006 767 1050 divitiis
799 1007 884 1050 dici
915 1008 1126 1061 debebat,
1167 1007 1245 1050 sed
1277 1008 1406 1050 etiam
1442 1007 1498 1050 de
1536 1007 1726 1061 coniugii
1758 1005 1881 1048 huius
1912 1005 2056 1048 futura

348 1092 570 1145 felicitate,
602 1092 962 1146 quemadmodum
994 1092 1078 1134 iam
1110 1093 1306 1135 Vossms
1338 1092 1496 1144 sensit3
1527 1093 1588 1133 ita
1621 1096 1666 1134 et
1695 1089 1920 1134 commoda
1946 1103 2054 1146 poe-

346 1181 418 1219 tae
450 1177 773 1233 praecipiebant
804 1182 848 1219 et
879 1178 1149 1220 tractationis
1182 1177 1383 1232 poeticae
1413 1174 1702 1229 concinnitas,
1731 1189 1843 1231 quae
1874 1174 2055 1231 opposi-

347 1265 441 1304 tum
473 1263 616 1304 locum
658 1262 821 1317 pariter
863 1267 1118 1304 exornatum
1159 1262 1356 1316 requirit.
1419 1260 1548 1303 Nunc
1587 1265 1731 1302 autem
1773 1259 1876 1314 quid
1915 1259 2054 1302 facit?

343 1343 528 1400 Repetit
558 1344 798 1388 identidem
829 1357 878 1387 se
910 1343 1088 1387 divitem
1120 1344 1214 1387 sine
1256 1342 1431 1386 Neaera
1474 1355 1570 1385 esse
1612 1342 1754 1394 nolle,
1799 1353 1960 1398 cupere
2001 1354 2052 1384 ea

345 1431 530 1484 coniuge
560 1429 644 1472 frui
677 1430 805 1473 etiam
837 1432 879 1472 in
913 1432 1195 1486 paupertate,
1235 1441 1376 1483 neque
1409 1432 1550 1470 tamen
1582 1425 1916 1482 descriptionem
1946 1437 2051 1480 pro-

343 1516 465 1570 ponit
493 1515 631 1558 selicis
661 1517 803 1570 vitae,
836 1529 963 1570 quam
995 1515 1278 1570 imaginatur,
1308 1518 1356 1555 ut
1388 1516 1598 1568 appareat
1627 1515 1788 1565 quanto
1820 1508 1927 1552 haec
1957 1522 2048 1552 me-

341 1598 425 1640 lior
455 1599 512 1640 sit
542 1598 713 1641 divitiis.
777 1598 973 1654 Nempe,
1003 1602 1054 1639 ut
1085 1597 1257 1652 saepius
1288 1608 1468 1647 moneo,
1502 1593 1724 1636 nesciebat
1752 1593 1855 1636 talia
1887 1591 2050 1635 descri-

340 1682 446 1725 bere
476 1682 758 1736 Lygdamus3
801 1684 943 1725 locum
978 1682 1032 1724 de
1065 1682 1224 1724 divitiis
1254 1681 1400 1723 multis
1435 1678 1580 1722 verbis
1610 1681 1792 1730 tractat,
1838 1677 1938 1731 quia
1969 1673 2050 1717 de-

339 1765 526 1807 lectatur
556 1764 800 1807 huiusmodi
831 1765 991 1818 rebuS‚
1022 1766 1125 1808 licet
1155 1768 1422 1807 contemtum
1458 1775 1607 1805 earum
1638 1760 1797 1814 iactet,
1828 1758 1912 1802 alia
1943 1770 2046 1802 vero

340 1862 468 1903 quam
511 1854 691 1892 externa
731 1863 813 1893 nec
845 1849 1075 1906 descripsit
1104 1863 1186 1892 nec
1216 1848 1463 1891 describere
1496 1845 1652 1902 potuit.
1725 1844 1902 1887 Fuisset
1933 1843 2042 1886 ordo

335 1946 481 1975 rerum
513 1933 791 1988 commoduS,
834 1935 871 1977 si
909 1939 1009 1991 post
1040 1933 1327 1990 descriptam,
1373 1945 1501 1987 quam
1532 1931 1735 1988 sperabat
1764 1931 1811 1973 in
1842 1929 2044 1983 coniugio

335 2015 560 2070 Neaerae,
602 2016 878 2070 felicitatem,
923 2017 984 2059 sic
1017 2017 1303 2072 perrexisset:
1357 2018 1393 2056 Ο
1424 2015 1599 2056 niveam
1614 2004 1634 2062 ‚'
1659 2029 1774 2073 quae
1803 2019 1850 2054 te
1872 2011 2046 2069 poterit

338 2098 447 2139 mihi
483 2097 687 2144 reddere,
730 2096 905 2139 lucem!
954 2100 991 2138 Ο
1036 2097 1145 2139 mihi
1180 2097 1365 2155 felicem
1411 2105 1566 2156 terque
1609 2104 1858 2156 quaterque
1900 2095 2045 2138 diem!

336 2181 479 2224 Adsis
503 2188 548 2222 et
574 2180 942 2238 timidis-faveas,
970 2179 1206 2227 Saturnia,
1237 2179 1355 2222 votis
1374 2182 1436 2220 Et
1455 2179 1624 2237 faveas
1650 2179 1830 2226 concha,
1864 2179 2044 2235 Cypria,

332 2272 464 2306 vecta
497 2271 596 2304 tua.
657 2263 761 2305 Aut
792 2262 834 2304 si
854 2262 974 2319 fata
1004 2270 1173 2320 negant
1203 2262 1398 2304 reditum
1430 2267 1515 2305 etc.
1578 2261 1706 2304 Nunc
1737 2266 1882 2305 autem
1913 2263 2041 2318 plena
2108 2268 2127 2313 ·ζ

335 2347 476 2388 omnia
507 2346 662 2388 ieiunis
691 2345 1022 2400 repetitionibus
1054 2350 1169 2399 sunt,
1201 2359 1281 2388 nec
1307 2345 1540 2400 quidquam
1566 2344 1755 2388 deterius
1782 2350 1828 2389 et
1853 2346 2042 2402 ineptius

331 2430 439 2483 fingi
479 2433 624 2484 potest
656 2430 791 2470 altera
831 2434 955 2484 parte
996 2427 1210 2477 carminis.
1274 2427 1389 2472 Vide
1431 2429 1562 2471 modo
1598 2433 1698 2484 post
1739 2429 1837 2472 illa:
1885 2429 1956 2471 At
1985 2427 2038 2476 si,

325 2527 411 2569 pro
444 2510 566 2552 dulci
596 2511 744 2553 reditu
779 2526 1069 2571 quaecunque
1102 2520 1344 2566 voventur,
1383 2512 1568 2555 Audiat
1600 2527 1762 2555 aversa
1792 2527 1881 2555 non
1918 2527 2039 2555 meus

331 2607 444 2634 aure
478 2593 612 2641 deus,
653 2594 746 2635 Nec
786 2609 853 2636 me
893 2609 1032 2652 regna
1074 2594 1237 2637 iuvant
1274 2610 1351 2636 nec
1381 2594 1561 2652 Lydius
1593 2595 1772 2654 aunfer
1803 2595 1948 2638 amnis
1977 2619 2036 2628 —-

329 2676 442 2721 hunc
487 2680 676 2722 exitum:
725 2679 830 2722 Aut
875 2678 916 2722 si
954 2679 1075 2737 fata
1118 2686 1288 2737 negant
1331 2678 1528 2721 reditum
1574 2679 1820 2738 tristesque
1850 2694 2035 2727 sorores,

327 2762 538 2806 Stamina
560 2778 676 2822 quae
705 2763 878 2805 ducunt
908 2777 1111 2823 quaeque
1134 2761 1312 2820 futura
1343 2770 1521 2821 regunt,
1554 2764 1633 2804 Me
1658 2769 1783 2805 vocet
1808 2761 1856 2803 in
1883 2769 2037 2805 vastos

326 2860 479 2887 amnes
510 2845 775 2906 nigramque
799 2847 1016 2904 paludem
1049 2849 1215 2895 Orous,
1260 2848 1334 2891 ubi
1371 2847 1523 2891 eadem
1555 2848 1683 2904 plane
1716 2847 1902 2904 protasis
1935 2859 2032 2890 cum

326 2931 495 2975 diversa
524 2931 733 2989 apodosi,
768 2945 851 2976 nec
880 2945 991 2989 opus
1021 2937 1090 2976 est
1117 2938 1165 2976 ut
1198 2934 1324 2990 plura
1354 2933 1575 2976 addamus.

2122 1136 2150 1149 N
