2158 3750
328 243 432 289 290
727 232 1195 288 COMMENTAR.
1233 233 1308 285 IN
1344 234 1634 288 TIBULLI

330 384 441 426 idem
473 383 601 426 etiam
635 382 819 433 Voss10‚
861 385 906 423 et
936 386 1112 423 secutus
1144 387 1210 424 est
1249 382 1589 426 Lmnmmws·
1648 381 1738 426 Iam
1776 397 1878 428 vero
1909 385 2028 429 desi-

331 464 507 507 deretur
537 463 580 504 in
609 462 890 516 sequentibus
921 463 1034 504 alius
1065 462 1263 517 Sibyllae
1294 477 1464 507 nomen.
1526 466 1717 508 Vossms
1749 468 2025 522 proPlzoebo

329 548 512 590 coniecit
536 547 690 591 Demo,
722 546 940 588 Cumaeae
971 546 1167 600 Sibyllae
1199 547 1314 603 apud
1337 549 1610 591 Plnsimm
1640 561 1812 604 nomen,
1843 549 2026 593 Huscn-

328 644 432 675 mus
469 634 613 672 autem
645 627 824 686 Phyto,
872 642 983 685 quae
1026 631 1174 675 Samia
1214 631 1295 674 fuit
1333 631 1568 675 secundum
1614 633 1800 675 Smnm
1830 645 1864 675 s.
1896 645 1936 674 v.
1980 637 2026 674 et

327 712 520 757 Auctor.
546 711 862 768 Quaestionis:
894 715 1016 771 Quot
1036 714 1220 773 fuerint
1246 714 1447 772 Sibyllae
1471 729 1540 772 ap.
1566 716 1787 759 MoN‘rssr.
1819 715 2027 762 Biblioth-

327 794 504 838 Coislin.
548 809 588 850 p.
619 793 722 837 347.
767 808 908 850 neque
950 797 1176 851 ignobilis,
1227 796 1439 851 siquidem
1471 798 1602 840 etiam
1634 797 1678 839 in
1710 798 1844 840 Samo
1876 798 2026 852 quaeri

323 877 448 919 iussit
470 877 645 919 oracula
677 881 865 930 senatuS‚
897 876 951 919 cf.
983 877 1149 921 TAcrr.
1183 879 1334 921 Annal.
1363 879 1438 932 VI,
1465 881 1533 921 12.
1596 880 1660 922 Ac
1687 876 1866 923 Phoebo
1897 878 2027 922 etiam

324 967 553 1016 propterea
584 958 900 1002 incommodum
930 958 999 1002 hic
1030 973 1127 1002 esse
1157 959 1358 1003 observat
1387 961 1683 1014 Huscmmrs,
1723 961 1826 1016 quia
1857 961 2026 1004 vocati-

325 1057 402 1086 vus
434 1043 615 1085 nominis
645 1042 772 1084 modo
805 1042 1054 1095 praecessit·
1115 1042 1208 1084 Iam
1236 1044 1459 1096 quaeritur
1486 1043 1588 1098 quid
1613 1044 1670 1086 sit
1692 1050 1849 1101 grata.
1907 1043 2026 1099 Sup-

324 1126 416 1180 plet
446 1125 738 1168 Huscmmss:
779 1120 862 1162 tibi
893 1137 916 1162 o
947 1119 1148 1175 Phoebe,
1179 1135 1276 1164 cum
1307 1124 1498 1178 Voss1o‚
1529 1124 1644 1178 quod
1678 1129 1822 1168 tamen
1856 1126 2028 1178 durum,

323 1213 400 1251 aut
431 1207 540 1254 diis,
583 1206 699 1261 quod
729 1206 868 1258 magis
900 1205 1031 1246 etiam
1063 1204 1279 1260 displicet.
1343 1206 1530 1248 Omnino
1560 1220 1664 1249 vero
1693 1221 1792 1251 eum
1825 1208 2025 1252 Tibullus

327 1302 440 1332 nunc
481 1288 721 1331 detestetur
764 1286 942 1328 oracula
985 1286 1166 1328 istarum
1209 1285 1503 1342 Sibyllarum,
1555 1289 1675 1332 vides
1715 1290 1760 1332 in
1801 1291 1887 1333 tali>
1909 1303 2026 1335 nexu

323 1374 510 1417 maxime
540 1370 858 1414 incommodum
889 1383 987 1412 esse
1017 1367 1240 1426 epitheton
1271 1378 1437 1437 ἔνατα,
1467 1373 1559 1416 sive
1588 1371 1788 1421 Phoebo,
1817 1374 1922 1418 sive·
1940 1374 2027 1418 diis

321 1457 538 1512 suppleas.
601 1454 670 1497 Ne
713 1455 877 1507 multa,
924 1454 1131 1510 palmaria
1165 1459 1233 1497 est
1263 1454 1513 1499 coniectura
1541 1457 1828 1502 meunm
1856 1470 2026 1504 mecum

323 1552 401 1594 per
431 1540 597 1581 litteras
629 1539 967 1581 communicata:
1013 1538 1052 1580 P
1064 1536 1244 1582 hoeto
1276 1539 1581 1595 Graiaque.
1642 1541 1754 1585 Nam
1785 1542 2027 1600 Marpessia

320 1621 560 1678 Heroplnile
599 1621 790 1664 Troiana
833 1627 915 1666 est.
975 1621 1175 1664 Putanda
1218 1635 1324 1666 vero
1367 1623 1441 1666 illa
1483 1619 1612 1665 Φυτώ
1650 1637 1746 1668 esse
1785 1626 1879 1682 ipsa
1919 1623 2025 1669 haee

318 1703 535 1747 Phoeto
577 1718 602 1746 a
645 1714 887 1754 mortom—
949 1705 1003 1749 V.
1035 1709 1094 1748 69
1129 1719 1194 1760 sq.
1257 1707 1532 1763 Quasque
1574 1709 1790 1752 Albana
1829 1722 2023 1755 sacras

321 1788 563 1831 Tiberis
594 1802 697 1844 per
729 1789 966 1831 flumina
998 1794 1192 1832 sortes
1223 1791 1505 1846 portarit,
1549 1797 1631 1836 etc.
1693 1793 1899 1837 Summus
1933 1790 2024 1835 Al-

321 1870 496 1917 bunmz,
550 1873 791 1914 ScAmessR
836 1870 1049 1920 Albana,
1097 1873 1175 1916 sed
1219 1875 1393 1930 probari
1442 1877 1592 1932 nequit
1621 1877 1834 1920 Albunam
1863 1876 2023 1921 dietam

317 1970 428 2011 quae
473 1957 669 1998 Albunea
712 1956 794 1998 fuit
835 1957 1064 2000 anonm
1112 1962 1224 2000 teste
1269 1972 1339 2014 ap.
1385 1958 1583 2003 Laetam.
1624 1960 1661 2013 Ι,
1706 1963 1750 2003 6.
1825 1958 2022 2002 Eandem

317 2040 495 2083 formam
538 2040 732 2082 referunt
774 2040 906 2082 verba
948 2041 1052 2083 licet
1096 2045 1299 2096 corrupta
1342 2041 1545 2084 Auctoris
1590 2040 1846 2088 Quaestion.
1891 2040 2022 2084 modo

317 2125 514 2166 laudatae
547 2139 614 2181 ap.
649 2124 869 2166 MONTEF.
905 2124 934 2167 l.
967 2124 1063 2170 cin:
1111 2126 1180 2165 ἐπὶ
1221 2125 1327 2168 πᾶσι
1368 2122 1554 2182 δεκάτη,
1597 2120 1627 2183 ἦ
1669 2129 1905 2184 Τιγουρτία
1945 2127 2022 2177 μὲν

313 2209 458 2257 γένος,
506 2203 638 2254 ὄνομα
672 2206 718 2246 δὲ
762 2201 1010 2258 Ἀβουναία.
1074 2206 1236 2248 Verum
1276 2207 1422 2261 potius
1452 2208 1624 2251 videtur
1652 2209 1768 2264 quod
1798 2209 2021 2265 Excerpta

315 2288 461 2330 stn
509 2287 744 2329 habebant:
803 2288 1015 2345 Quasque
1058 2287 1240 2330 Aniena
1293 2303 1451 2332 sacras
1499 2289 1660 2333 Tiburs
1697 2306 1781 2348 per
1817 2291 2018 2348 flunu'na

314 2377 456 2410 sortes
491 2370 722 2425 portarit,
769 2369 899 2425 idque
940 2370 1180 2427 probarunt
1222 2378 1323 2428 post
1361 2373 1470 2416 alios
1512 2374 1734 2419 Hermus
1776 2380 1822 2418 et
1861 2375 2019 2419 Licn-

315 2465 531 2507 mmmss,
604 2453 646 2495 in
717 2449 883 2497 textum
951 2456 1080 2498 etiam
1149 2462 1407 2513 receperunt
1468 2458 1660 2502 Vossms
1720 2464 1766 2502 et
1831 2459 2019 2504 Huscn-

315 2549 435 2578 mus.
519 2537 595 2579 Sic
638 2538 750 2580 enim
796 2539 958 2581 VARRO
1003 2553 1070 2595 ap.
1113 2540 1388 2584 Lactantium
1434 2543 1463 2584 1.
1505 2544 1604 2587 cita
1651 2542 1894 2586 'Decimam
1943 2543 2020 2586 Ti-

316 2617 510 2666 burtem,
556 2619 727 2661 nomine
761 2619 1040 2667 Albanam,
1089 2638 1203 2681 quae
1252 2622 1408 2666 Tiburi
1449 2623 1614 2666 colitur
1659 2632 1714 2666 ut
1755 2625 1838 2666 dea
1883 2625 2020 2667 iuxta

314 2699 438 2755 ripas
470 2701 613 2742 artinis
654 2702 874 2752 Anienis,·
921 2705 1050 2746 cuius
1091 2705 1140 2746 in
1178 2706 1363 2764 gurgite
1405 2706 1695 2749 simulacrum
1725 2708 1822 2750 eius
1859 2707 2018 2754 inven-

313 2791 412 2825 tum
440 2800 532 2827 esse
565 2778 732 2828 dicitur
765 2795 918 2828 tenens
944 2787 993 2829 in
1025 2803 1160 2830 manu
1193 2788 1382 2837 librum,
1415 2789 1546 2832 cuius
1577 2799 1720 2834 sortes
1748 2799 1937 2834 senatus
1966 2791 2015 2834 in

313 2868 580 2925 Capitolium
624 2870 930 2916 transtulerit.
1003 2873 1130 2915 Unde
1185 2874 1290 2916 satis
1347 2875 1606 2929 intelligitur
1657 2875 1758 2930 quid
1812 2875 2013 2920 Tibullus

310 2952 547 3006 scripserit.
627 2951 730 2994 Fuit
784 2957 930 2994 autem
989 2954 1212 3008 Albunea,
1272 2959 1320 2997 ut
1367 2969 1424 2998 ex
1473 2956 1748 3001 Lac'mwrlo
1795 2957 2016 3013 discimus,

310 3034 485 3089 proprie
532 3046 617 3075 non
659 3033 854 3088 Sibylla,
901 3034 976 3076 sed
1024 3035 1261 3078 domestica
1308 3041 1428 3079 vates
1469 3038 1648 3094 Italiae,
1697 3053 1827 3095 quam
1873 3054 2015 3084 annu-

310 3122 530 3159 merarunt
570 3117 749 3171 Sibyllis,
788 3119 1077 3161 similitudinis
1119 3133 1251 3162 causa
1297 3127 1342 3164 et
1375 3136 1474 3166 cum
1505 3128 1648 3166 sortes
1688 3126 1781 3168 eius
1812 3127 2011 3170 similiter

309 3200 352 3240 in
407 3198 624 3253 Capitolio
679 3207 967 3246 servarentur.
1058 3204 1239 3247 Constat
1294 3207 1409 3249 enim
1467 3209 1508 3250 in
1565 3208 1782 3264 Capitolio
1839 3217 2014 3265 praeter

307 3282 543 3336 Sibyllinos
574 3286 703 3327 etiam
744 3287 851 3329 alios
894 3288 1028 3331 libros
1067 3288 1267 3333 fatidicos
1299 3289 1492 3345 habitos,
1540 3293 1594 3335 cf.
1625 3294 1768 3336 Sssnv.
1799 3293 1855 3337 ad
1886 3295 2009 3350 Virg-

307 3369 412 3409 Aen.
458 3367 529 3421 VI,
578 3373 650 3411 72.
726 3371 868 3427 Atque
913 3373 1134 3447 Albuneae
1181 3379 1347 3430 sortes,
1405 3389 1501 3419 cum
1553 3377 1594 3419 in
1637 3377 1811 3421 flumine
1858 3391 2008 3435 reper-

2126 3371 2146 3413 ὖ
