2086 3756
903 185 1209 240 TIBULLl.
1662 206 1687 236 c
1695 204 1866 238 Lxxxv
1876 206 1908 235 n

305 324 374 375 At
411 323 551 376 enim
585 343 676 378 non
709 328 822 379 bene
853 332 1054 380 vinctam
1093 326 1270 381 multis
1308 327 1366 379 in
1400 326 1529 380 locis
1571 326 1753 379 dicunt
1790 343 1910 378 ora-

197 416 396 470 tionem
441 420 672 486 Tibulli3
729 423 898 474 inesse
942 423 1268 488 inconnexa,
1321 424 1544 491 abrupta
1591 439 1700 473 non
1742 438 1910 488 pauca

197 511 254 561 in
297 513 379 565 his
418 515 754 565 carminibus.
837 512 1101 583 Opposuit
1136 535 1190 569 se
1231 519 1336 568 iam
1371 510 1497 570 olim
1534 516 1658 567 huic
1700 532 1911 567 accusa-

201 603 331 657 tioni
389 607 827 659 Wunderlichius
887 619 938 660 et
1000 612 1351 677 complurium
1410 613 1651 664 locorum
1709 626 1910 660 nexum

196 701 384 751 melius
436 701 716 768 explicuit3
780 700 923 752 idem
979 705 1148 755 nostri
1199 705 1599 764 commentarii,
1630 706 1725 756 ubi
1776 721 1910 771 opus

196 795 413 845 faciunt.
502 794 608 847 Sed
658 814 779 847 cum
831 806 1007 847 tamen
1064 815 1175 849 non
1232 799 1431 866 ubique
1485 775 1701 851 usitatas
1752 800 1910 864 vulgo

195 887 465 939 iuncturas
498 890 690 942 habeat
723 874 908 958 poeta,
941 893 1229 958 generatim
1265 910 1407 943 nunc
1443 909 1711 960 exponere
1744 891 1911 944 debeo

197 979 262 1032 de
310 983 411 1034 hoc
459 982 790 1037 Tibullianae
846 987 1099 1038 orationis
1153 986 1262 1039 sive
1319 987 1446 1039 vitio
1498 987 1636 1050 sive,
1706 997 1765 1036 ut
1817 1004 1910 1052 ego

197 1094 414 1142 censeo,
462 1079 676 1137 virtute.
762 1081 1040 1133 Transitus
1077 1083 1235 1148 vulgo
1274 1080 1465 1133 dicitur
1499 1079 1703 1145 adesse,
1751 1080 1844 1131 ubi
1880 1100 1910 1132 a

195 1173 301 1224 fine
331 1174 436 1226 loci
467 1177 708 1243 proxime
737 1175 1088 1230 antecedentis
1118 1177 1359 1243 cogitatio
1390 1187 1440 1228 et
1464 1177 1632 1228 oratio
1661 1177 1913 1228 continuo

197 1279 250 1320 et
305 1270 418 1320 sine
474 1272 611 1322 saltu
663 1271 834 1339 pangit
884 1269 951 1323 ad
1007 1271 1298 1341 sequentia.
1401 1271 1510 1323 Ubi
1564 1282 1738 1324 autem
1791 1271 1912 1321 talis

195 1363 446 1414 transitus
499 1362 671 1429 deest,
736 1365 886 1416 hiare
939 1362 1239 1434 qfi'e'runtur
1291 1367 1741 1433 compositionem.
1835 1367 1913 1416 Ac

198 1460 510 1528 plerumque
555 1477 680 1511 sane
730 1459 899 1523 iuncti
947 1469 1072 1511 sunt
1115 1459 1222 1511 loci
1271 1469 1323 1509 et
1372 1469 1550 1527 partes
1597 1461 1698 1510 hoc
1747 1457 1909 1510 modo

198 1552 659 1625 apudnseriptores
696 1563 853 1623 atque
889 1553 1046 1605 etiam
1078 1553 1222 1621 apud
1248 1554 1549 1618 Tibullum,
1591 1553 1683 1605 sed
1718 1555 1913 1622 passim

197 1660 373 1699 tamen
421 1650 757 1716 negliguntur
806 1648 960 1700 etiam
1011 1649 1262 1701 transitus
1309 1648 1453 1716 apud
1498 1651 1629 1702 alios
1673 1660 1725 1701 et
1770 1649 1911 1718 apud

197 1746 493 1809 Tibullum,
527 1744 624 1795 ubi
647 1743 1010 1796 vehementior
1038 1744 1266 1811 impetus
1295 1744 1596 1796 affectuum.
1666 1744 1752 1796 Sic
1783 1747 1912 1811 eleg.

197 1841 239 1903 1,
266 1844 312 1890 1.
342 1857 479 1908 quae
508 1838 754 1904 sedatior,
791 1848 958 1892 arctas
979 1840 1184 1908 ubique
1215 1838 1485 1891 iuncturas
1515 1840 1700 1903 habet,
1736 1850 1913 1906 partes

197 1934 502 2001 interposita
554 1950 756 1984 summa
809 1933 1070 1997 sententia
1129 1935 1400 2001 copulatae
1453 1943 1578 1984 sunt
1630 1951 1802 2002 neque
1855 1934 1911 1983 in

198 2030 446 2081 membris
481 2028 711 2097 partium
745 2026 1042 2098 quidquam
1069 2044 1179 2080 non
1212 2028 1475 2094 vinctum3
1517 2029 1608 2081 sed
1645 2030 1819 2081 statim
1852 2029 1911 2080 'in

200 2122 427 2175 secunda
475 2123 639 2190 elegia
686 2124 907 2189 neglecti
954 2124 1184 2190 vulgaris
1232 2124 1484 2179 transitus
1530 2126 1769 2192 exempla
1822 2141 1911 2175 oc-

201 2228 434 2270 currunt.
519 2216 696 2282 Quare
740 2216 804 2269 de
851 2227 962 2271 tota
1007 2235 1068 2268 re
1116 2236 1257 2268 nunc
1307 2219 1598 2286 explicabO.
1682 2221 1911 2271 Tenebis

199 2330 329 2364 vero
362 2322 479 2363 ante
518 2311 723 2374 omnia,
766 2328 871 2362 non
913 2327 1045 2378 opus
1083 2328 1192 2362 esse
1225 2321 1286 2362 ut
1319 2314 1562 2379 proxime
1599 2312 1910 2365 antecedens

202 2405 460 2458 distichon
499 2406 638 2457 viam
677 2405 881 2456 muniat
924 2404 991 2456 ad
1029 2406 1330 2474 sequentia3
1377 2417 1551 2473 potest
1588 2424 1701 2459 non
1734 2409 1910 2460 minus

200 2512 338 2553 recte
375 2500 592 2552 omnino
629 2518 661 2550 a
696 2517 899 2551 summa
929 2501 1185 2551 sententia
1213 2499 1632 2553 antecedentium
1663 2502 1912 2555 disticho-

200 2612 320 2646 rum
365 2595 578 2646 transiri
618 2592 686 2644 ad
734 2593 1032 2662 sequentia,
1087 2594 1251 2646 veluti
1297 2595 1446 2646 locus
1494 2596 1547 2659 I,
1585 2601 1648 2659 2,
1688 2601 1756 2646 30
1795 2615 1913 2666 sqq.

199 2692 362 2742 altera
400 2707 523 2758 pars
564 2698 643 2740 est
688 2687 958 2741 divisionis
1003 2706 1166 2755 supra
1203 2707 1254 2741 v.
1276 2693 1364 2739 23.
1391 2691 1479 2740 24.
1515 2690 1746 2756 positae:
1802 2709 1913 2742 non

199 2786 431 2855 pericula
481 2795 744 2837 nocturna
790 2785 940 2837 novit
987 2801 1194 2852 amans,
1251 2800 1360 2835 non
1411 2785 1596 2836 hiemis
1644 2787 1913 2839 molestiae

202 2891 421 2945 nocent,
461 2881 551 2932 ait.
623 2877 744 2943 Quo
784 2879 925 2931 enim
959 2878 1079 2931 iuro
1118 2879 1495 2946 postulaveris,
1543 2890 1604 2932 ut
1637 2898 1843 2950 semper
1882 2903 1911 2934 a

201 2975 422 3028 disticho
453 2972 519 3026 ad
554 2973 812 3026 distichon
847 2983 1022 3042 serpat
1053 2974 1303 3027 orationis
1340 2971 1548 3025 nexus?
1619 2975 1729 3042 Ego
1755 2995 1912 3043 gran-

203 3071 375 3123 diores
413 3086 627 3139 quoque
660 3069 857 3120 formas
895 3068 1107 3121 nervosi
1137 3078 1322 3135 poetae
1359 3067 1548 3133 laudo,
1589 3073 1682 3139 qui
1715 3074 1911 3139 passim

202 3166 355 3218 etiam
392 3163 537 3234 quod
572 3164 869 3230 complexui
902 3163 1105 3215 cuidam
1139 3163 1481 3216 distichorum
1517 3167 1695 3218 subest
1725 3177 1908 3229 totum,

206 3258 270 3309 ad
328 3260 425 3311 hoc
481 3260 642 3311 refert
701 3275 890 3311 novam
945 3276 1122 3310 rerum
1179 3270 1379 3326 partem
1438 3271 1486 3310 et
1543 3261 1695 3312 talem
1761 3264 1907 3328 ponit
