2158 3750
318 289 382 337 42
721 263 1187 342 commuue.
1223 285 1300 339 IN
1337 286 1622 338 Tfflunm

316 432 454 474 Porro
501 443 604 473 cave
653 429 1018 485 praepositionem
1065 441 1161 471 cum
1193 428 1356 472 Vossro
1400 428 1578 481 deleas,
1625 429 1697 483 qui
1728 430 1868 484 iungit
1901 427 2014 470 mari

315 523 496 567 iratam,
543 518 592 555 ut
635 512 854 570 sanguine
895 518 1065 554 natam.
1128 511 1217 553 Sed
1262 509 1424 566 prodiit
1466 511 1613 552 Venus
1655 523 1680 553 e
1729 511 1861 563 mari,
1916 515 2016 552 nata

314 610 463 652 spuma
496 596 746 649 genitalium
780 594 918 647 Coeli,
949 594 1064 648 quod
1097 594 1292 637 distinxit
1325 593 1436 635 bene
1465 593 1680 634 Tibullus.
1742 593 2014 648 Quamquam

318 679 450 732 igitur
481 679 587 721 alias
618 679 747 720 etiam
780 692 803 718 e
832 677 1053 735 sanguine
1084 679 1180 733 quis
1214 682 1338 720 natus
1369 677 1528 719 dicitur
1561 682 1708 729 recte,
1757 674 1838 718 hoc
1871 681 2013 719 tamen

316 764 411 805 loco
441 775 525 804 non
557 762 737 805 dixisset
767 763 826 805 ita
856 767 1012 818 poeta,
1057 762 1225 805 etiamsi
1258 775 1336 818 per
1367 767 1551 804 metrum
1585 761 1806 814 licuisset,
1838 765 2018 816 propter

312 848 442 899 illud,
490 848 846 903 quod‘indicavi,
892 848 1139 891 discrimen.
1167 871 1228 878 —
1269 847 1503 903 rapido,
1548 851 1681 888 recte.
1743 846 1900 888 Lectio
1940 859 2018 886 ra-

314 929 412 972 bido
456 931 627 973 nimiam
674 930 876 972 ferociam
918 929 1060 974 infert.
1146 930 1300 985 Neque
1343 943 1448 972 vero
1503 930 1689 971 otiosum
1733 933 1800 970 est
1842 926 2015 983 rapido.

313 1011 394 1053 Est
425 1011 598 1066 quidem
640 1013 816 1054 solenne
857 1013 1082 1054 fluviorum
1121 1016 1166 1054 et
1198 1012 1330 1054 maris
1363 1017 1542 1066 propter
1572 1011 1845 1053 velocitatem
1880 1010 2017 1053 unda-

314 1107 408 1136 rum
443 1094 662 1150 epitheton
697 1093 804 1148 (das
835 1092 1052 1135 reissende
1082 1091 1250 1148 Meer),
1281 1097 1331 1135 ut
1352 1093 1469 1135 'infra
1500 1093 1576 1146 IV,
1612 1098 1651 1146 l,
1681 1097 1780 1136 126.
1814 1098 1859 1136 et
1888 1106 2020 1150 saepe

314 1176 445 1229 alias,
477 1175 556 1218 sed
585 1177 628 1217 in
660 1175 735 1217 tali
765 1187 903 1226 nexu,
951 1174 1090 1228 qualis
1123 1172 1217 1226 hic,
1253 1173 1378 1216 vides
1409 1175 1502 1229 ipse
1534 1177 1806 1230 rapacitatis,
1848 1175 2019 1228 furoris,

314 1259 518 1301 saevitiae
551 1258 770 1300 notionem
801 1262 955 1313 sponte
986 1256 1206 1300 accedere.
1270 1257 1471 1311 Denique
1505 1258 1559 1300 de
1592 1264 1684 1300 tota
1714 1259 1928 1301 sententia
1960 1259 2018 1302 cf.

312 1341 367 1382 ad
399 1341 477 1393 Ill,
514 1343 555 1390 4,
587 1343 661 1385 85.
725 1342 868 1396 Atque
906 1339 1010 1384 haec
1039 1339 1261 1384 hactenus.
1291 1365 1351 1373 —
1399 1343 1673 1397 Perlegimus
1705 1344 1882 1398 primam
1919 1349 2018 1398 post

314 1423 535 1466 introitum
562 1428 730 1480 partem
762 1423 978 1475 carminis,
1009 1428 1054 1465 et
1085 1428 1314 1478 postquam
1346 1424 1518 1478 singula
1551 1424 1853 1479 explicuimus,
1882 1428 2018 1466 restat

312 1511 362 1548 ut
392 1507 435 1548 in
466 1508 550 1550 fine
583 1505 634 1548 de
666 1514 762 1548 toto
791 1507 994 1550 nonnulla
1025 1506 1248 1551 addamus.
1311 1507 1468 1551 Vidisti
1499 1509 1720 1551 Tibullum
1753 1521 1850 1552 cum
1881 1508 2017 1552 auda-

313 1588 422 1630 ciam
456 1588 605 1631 Deliae
637 1588 798 1632 addere
829 1590 946 1642 velit,
974 1589 1016 1630 id
1049 1603 1182 1644 agere
1214 1603 1291 1646 per
1322 1595 1462 1633 totum
1495 1592 1636 1634 locum
1671 1595 1719 1634 ut
1750 1595 1942 1637 ammiras
1973 1592 2016 1633 in

311 1672 527 1727 praesidio
562 1672 743 1715 Vener1s
774 1685 870 1715 esse
900 1671 1123 1726 ostendat,
1169 1686 1280 1726 quae
1311 1679 1427 1715 artes
1458 1673 1640 1716 furtivas
1673 1675 1830 1717 doceat
1859 1675 2015 1729 quibus

311 1756 462 1798 fallere
492 1756 599 1798 alios
631 1757 818 1812 possint,
860 1770 971 1811 quae
1009 1758 1201 1812 pericula
1231 1765 1378 1800 arceat
1410 1762 1620 1799 nocturna
1651 1762 1696 1800 et
1739 1756 1891 1799 hiemis
1922 1770 2016 1799 mo-

308 1840 459 1882 lestiae
490 1839 621 1882 faciat
651 1853 704 1883 ne
736 1846 944 1895 noceant,
992 1855 1102 1895 quae
1137 1842 1322 1896 denique
1364 1841 1608 1897 proditores
1639 1841 1844 1895 loquaces
1875 1840 2014 1882 furto-

313 1935 407 1965 rum
440 1924 604 1978 puniat.
666 1923 766 1965 Hoc
811 1924 924 1965 enim
967 1931 1187 1978 postremo
1219 1923 1380 1965 dictum
1414 1923 1454 1964 in
1488 1924 1538 1964 iis
1570 1924 1680 1965 inest
1717 1935 1829 1976 quae
1858 1921 1958 1964 inde
1989 1935 2014 1964 a

309 2017 351 2047 v.
381 2008 454 2047 35.
487 2005 656 2059 legist13
703 2006 835 2047 etiam
867 2005 1110 2060 proditores
1145 2007 1268 2047 Delia
1299 2019 1353 2047 ne
1384 2007 1509 2047 nimis
1541 2008 1715 2059 timeat,
1755 2005 1828 2060 qui
1859 2005 2014 2048 marito

310 2089 507 2131 nuntient
538 2092 693 2143 poetae
725 2087 827 2139 vias,
857 2087 1079 2129 ulciscitur
1111 2088 1254 2129 Venus
1283 2087 1540 2142 proditores,
1601 2089 1676 2130 Sic
1708 2087 1841 2142 igitur
1873 2087 2015 2130 omnia

309 2176 421 2217 bene
455 2174 608 2216 eodem
640 2172 823 2215 redeunt
854 2177 899 2214 et
930 2173 1079 2215 subest
1110 2185 1194 2214 uua
1224 2174 1436 2215 sententia
1469 2174 1694 2216 universae
1726 2174 1861 2229 parti,
1892 2173 2014 2216 cuius

307 2261 397 2300 tres
430 2257 514 2299 loci
543 2269 654 2298 nunc
687 2257 816 2298 etiam
851 2256 1034 2299 observa
1075 2270 1202 2311 quam
1247 2258 1438 2299 suaviter
1481 2258 1581 2299 nexi
1625 2257 1724 2299 sint.
1798 2257 1909 2300 Nam
1941 2269 2012 2299 se—

310 2341 475 2383 cundus
507 2341 628 2382 locus
661 2339 726 2394 (v.
757 2340 926 2395 25-32)
971 2340 1154 2395 primum
1187 2340 1364 2383 adiuvat
1396 2340 1748 2394 antecedentem,
1795 2342 2014 2384 luculenta

308 2426 445 2467 tutela
484 2424 691 2475 Veneria,
740 2436 866 2478 quam
910 2422 1135 2477 experitur
1176 2435 1261 2464 non
1309 2422 1484 2465 timidus
1527 2435 1668 2477 neque
1711 2424 1826 2466 iners
1869 2428 2013 2479 poeta,

308 2508 495 2563 probans
528 2513 572 2549 et
614 2508 869 2550 confirmans
911 2506 1046 2548 fortes
1078 2505 1270 2548 adiuvari
1305 2520 1330 2549 a
1374 2507 1558 2550 Venere.
1639 2507 2011 2553 Quemadmodum

307 2595 450 2633 autem
485 2591 615 2647 priori
646 2592 887 2644 succurrit,
929 2591 990 2633 ita
1020 2591 1075 2633 ab
1107 2592 1242 2633 altera
1275 2595 1398 2647 parte
1430 2590 1695 2634 hortationes
1729 2590 1934 2647 pulchrae
1965 2594 2007 2635 in

311 2675 438 2716 tertio
471 2675 639 2729 positae
667 2687 722 2716 ex
754 2686 808 2715 eo
841 2673 926 2716 vim
957 2686 1079 2715 suam
1116 2673 1307 2716 ducunt:
1340 2687 1474 2728 quare
1506 2674 1549 2716 in
1582 2675 1681 2727 tali,
1714 2675 1876 2729 inquit,
1905 2674 2014 2718 deae

309 2760 444 2800 tutela
477 2759 549 2812 qui
581 2762 670 2810 est,
717 2770 814 2800 eum
846 2757 977 2800 etiam
1010 2757 1280 2812 proditorum
1315 2763 1468 2799 caveat
1498 2770 1553 2800 ue
1584 2761 1736 2811 tangat
1765 2757 2013 2811 loquacitas.

308 2842 543 2884 Attendaut
573 2840 627 2883 ad
661 2841 786 2893 talia,
819 2840 892 2894 qui
923 2845 1061 2882 artem
1095 2839 1248 2882 abesse
1277 2853 1303 2882 a
1335 2840 1514 2882 Tibullo
1547 2839 1790 2896 opinantur.

428 2926 478 2967 V.
523 2927 700 2966 43-60.
771 2922 1016 2965 Medium
1067 2937 1308 2967 carmen.
1381 2925 1582 2968 Altera
1632 2938 1763 2980 pars
1811 2937 2012 2969 rerum.

306 3010 381 3052 Ut
412 3009 590 3051 minus
619 3007 788 3048 etiam
820 3007 1077 3061 periculi
1108 3007 1217 3060 sit,
1259 3011 1431 3062 poeta
1461 3021 1487 3048 a
1518 3020 1654 3061 saga
1694 3007 1864 3049 docta
1895 3021 2011 3050 car-

305 3104 423 3133 men
455 3090 734 3143 magicum
775 3100 836 3130 se
877 3087 1023 3131 dicit
1055 3091 1425 3145 postulasse,
1471 3090 1615 3144 quod
1649 3095 1736 3133 ter
1768 3104 2010 3147 pronun-

303 3177 509 3218 tiatum
542 3189 567 3216 a
599 3174 772 3216 Delia
803 3179 1040 3216 mentem
1083 3175 1280 3216 mariti
1325 3174 1766 3217 obcaecaturum
1807 3175 1904 3228 sit,
1953 3182 2011 3218 ut

303 3270 408 3302 nou
441 3256 640 3300 credat
672 3254 810 3298 haec
844 3255 995 3298 furta
1027 3256 1379 3299 neexideat.

425 3339 488 3380 De
521 3338 671 3394 magia
711 3337 825 3392 apud
858 3339 1053 3380 Graecos
1085 3342 1130 3379 et
1162 3339 1386 3380 Romanos
1417 3338 1514 3380 vide
1545 3338 1885 3381 WAcnsuv'run
1918 3337 2007 3381 dis-

299 3421 575 3464 nertationem
621 3421 662 3462 in
708 3418 930 3462 Athenaeo
978 3420 1031 3462 ab
1075 3421 1171 3476 ipso
1221 3425 1264 3463 et
1311 3422 1578 3464 Germanum
1624 3420 1765 3473 edito,
1812 3421 1906 3465 Vol.
1950 3421 2006 3464 ll.

2145 1537 2158 1555 Δ
2147 1373 2158 1525 *fem-Au„
2156 1357 2158 1361 .
2154 1319 2158 1327 ,
2148 1290 2158 1307 ι
2153 1258 2158 1271 -
2151 1184 2158 1229 -sthd

2141 1751 2158 1899 ,κ-ά-ὶΔ
2143 1676 2146 1678 ’
