2158 3750
339 242 442 289 432
728 235 1199 298 COMMENTAR.
1235 238 1312 290 IN
1348 238 1636 292 TIBULLI

340 384 564 432 aetherio,
604 397 690 440 quo
720 382 823 426 nihil
855 383 923 427 hic
953 383 1135 428 otiosius
1166 388 1210 426 et
1240 383 1435 429 ieiunius.
1495 385 1563 427 De
1591 385 1816 429 altitudine
1850 385 1918 430 bic
1950 399 2037 431 non

339 470 485 524 agitur
518 480 597 510 nec
640 466 745 509 dicit
784 471 941 523 poeta:
994 467 1092 509 talis
1126 467 1170 508 in
1209 466 1388 510 aethere
1418 468 1706 522 Vertumnus,
1752 468 1830 512 sed
1867 470 2037 524 potius:

341 553 439 594 talis
486 548 600 605 apud
646 549 910 591 immortales
955 549 1245 602 Vertumnus,
1306 548 1499 605 epitheto
1544 564 1657 594 nunc
1703 551 1759 593 ad
1805 552 2039 608 Olympum

340 636 557 675 revocat0.
618 632 694 674 Sic
726 632 970 674 Pmmnus
1013 644 1093 687 pro
1135 631 1217 674 diis
1258 632 1569 675 immortalibus
1609 638 1831 676 aeternum
1873 634 2037 676 caelum

339 715 444 758 dicit
473 715 598 758 Nem.
633 713 717 767 VI,
747 717 802 757 3:
849 708 906 761 οἷς
947 709 999 754 ‘cd
1040 715 1116 764 μὲν
1158 711 1305 765 οὐδέν,
1354 710 1376 755 ὁ
1416 717 1466 757 δὲ
1502 711 1682 769 χάλκιος
1723 713 1909 766 α’σφαλὲς
1951 718 2039 758 αἰὲν

338 797 438 845 ἕδος
475 801 589 848 μένει
633 793 827 855 οὐρανός.
900 798 1132 855 Comparat
1170 800 1306 854 igitur
1339 800 1538 843 Tibullus
1579 780 1804 844 mortalem
1838 801 2038 845 feminam

339 896 437 926 cum
483 884 718 926 immortali*
753 883 851 926 deo.
890 905 943 914 -
1018 884 1182 926 mille
1227 884 1507 929 decenter
1548 885 1740 931 habet.
1821 887 1873 931 In
1913 900 2042 944 prosa

340 968 535 1011 oratione
565 968 775 1010 dixisses:
820 981 983 1022 eosque
1015 968 1222 1011 decenter
1255 968 1400 1013 habet.
1473 970 1563 1013 Sed
1594 968 1676 1014 hoc
1704 984 1790 1014 non
1821 972 2039 1027 poeticum
2124 989 2130 994 ·

339 1057 431 1105 est,
474 1051 588 1094 unde
623 1053 783 1094 mille
821 1053 1104 1108 repetendum
1134 1053 1229 1096 fuit.
1291 1055 1501 1098 Similiter
1529 1055 1665 1098 Ovm.
1698 1055 1867 1098 Amorr.
1897 1055 1964 1106 ll,
1997 1058 2042 1107 5,

337 1139 412 1180 43,
439 1135 645 1178 laudante
676 1136 1028 1179 Bnoucxrmsm:
1059 1138 1239 1180 Moesta
1268 1145 1369 1179 erat
1398 1136 1447 1179 in
1477 1136 1610 1180 vultu
1642 1145 1810 1180 moesta
1841 1137 2042 1178 decenter
2115 1151 2132 1189 ⁴,

338 1227 453 1262 erat.
543 1219 747 1262 Ceterum
790 1220 863 1274 qui
905 1220 1229 1276 comparatione
1273 1220 1476 1262 similium
1519 1221 1714 1263 locorum
1757 1219 2042 1272 delectantur,
2119 1203 2129 1253 s

337 1303 511 1345 videant
552 1302 883 1358 descriptionem
926 1303 1087 1345 Ovum
1125 1303 1236 1354 Met.
1275 1302 1406 1356 VIII,
1436 1305 1495 1345 25
1527 1316 1621 1357 sqq.
1651 1325 1714 1335 —
1772 1302 1826 1346 V.
1858 1305 1914 1344 15
1947 1315 2040 1357 sqq.
2120 1312 2122 1315 ·

339 1388 486 1429 Solam
514 1387 752 1443 Sulpiciam
783 1387 1103 1443 pretiosissimis
1133 1387 1326 1430 vestibus
1358 1392 1403 1430 et
1433 1388 1694 1430 ornamentis
1723 1387 1896 1442 dignam
1924 1387 2041 1442 dicit,

338 1467 510 1512 mittens
535 1470 737 1511 nonnulla
764 1468 1005 1512 huiusmodi
1035 1470 1175 1514 simul.
1238 1469 1401 1512 Caris
1433 1471 1642 1524 succis,
1674 1471 1890 1526 pretiosis.
1926 1471 2041 1514 Suc-

338 1566 415 1595 cus
447 1557 590 1595 autem
617 1557 795 1594 notante
826 1553 1006 1595 Vtrm’lo
1036 1551 1238 1594 tribuitur
1279 1551 1515 1606 conchyliis
1557 1557 1603 1595 et
1641 1554 1799 1595 ceteris
1838 1552 2042 1608 piscibus,

336 1639 592 1694 praesertim
635 1642 746 1680 testa
786 1638 975 1680 munitis.
1052 1637 1112 1679 Ut
1153 1649 1240 1680 non
1284 1651 1394 1693 opus
1436 1639 1494 1680 sit
1535 1651 1633 1681 cum
1676 1637 1878 1681 Hssmsm
1910 1636 2044 1696 fucis
2123 1640 2125 1642 ’

338 1734 562 1776 reponere.
594 1743 654 1751 —
726 1719 813 1762 bis
854 1718 1209 1773 madefacta,
1257 1718 1456 1776 dibapha.
1532 1721 1716 1766 Horta.
1756 1720 1899 1778 Epod.
1941 1713 2043 1775 XII,

338 1810 411 1849 21.
471 1807 609 1850 an.
638 1803 728 1858 lx,
760 1807 834 1847 59.
876 1802 1078 1847 laudante
1118 1805 1472 1848 Bnoucxnusm:
1518 1805 1667 1862 Nepos
1699 1804 1927 1848 Cornelius
1967 1804 2046 1864 qui

339 1892 432 1934 divi
461 1889 671 1949 Augusti
693 1889 956 1946 principatu
990 1889 1123 1936 obiit,
1165 1904 1253 1935 me,
1298 1889 1474 1948 inquit,
1512 1889 1670 1932 iuvene
1699 1889 1899 1933 violacea
1930 1904 2045 1946 pur-

336 1988 456 2030 pura
499 1971 704 2031 vigebat,
749 1971 880 2014 cuius
925 1971 1042 2012 libra
1080 1970 1278 2013 denariis
1317 1979 1494 2013 centum
1533 1971 1740 2020 venibat,
1786 1987 1866 2015 nec
1903 1971 2046 2014 multo

337 2065 442 2114 post
481 2054 620 2098 rubra
658 2055 920 2097 Tarentina.
982 2055 1108 2096 IIuic
1145 2056 1360 2097 successit
1400 2054 1598 2111 dibapha
1631 2056 1797 2113 Tyria,
1842 2070 1957 2114 quae
1997 2055 2045 2099 in

341 2138 482 2181 libras
522 2137 717 2180 denariis
757 2137 876 2179 mille
916 2154 1004 2181 non
1037 2147 1223 2195 poterat
1263 2138 1362 2182 emi.
1394 2163 1450 2172 —
1522 2137 1739 2197 Dibaplza
1778 2147 1888 2182 tunc
1927 2140 2046 2181 dice-

341 2220 479 2262 batur
510 2235 626 2279 quae
659 2218 724 2262 bis
752 2220 899 2262 tincta
928 2228 1068 2274 esset,
1106 2221 1250 2262 veluti
1278 2221 1516 2279 magnifico
1545 2222 1778 2279 impendio.
1841 2223 2045 2267 Ceterum

341 2319 438 2348 cum
492 2305 536 2347 in
582 2304 835 2359 quibusdam
881 2305 1000 2347 libris
1043 2319 1190 2349 errore
1231 2319 1297 2362 pr.
1343 2306 1430 2349 bis
1471 2308 1528 2348 sit
1571 2313 1665 2352 ter,
1712 2305 1768 2349 de
1809 2319 1895 2361 quo
1937 2307 2047 2350 dixit

340 2387 631 2440 Huscmcms,
677 2387 819 2429 ieiune
851 2388 1042 2430 Vossms
1074 2388 1247 2443 scripsit
1287 2387 1715 2445 ‚,permaclefacta“.
1775 2388 1902 2431 Talia
1932 2391 2044 2433 enim

338 2472 382 2514 in
417 2473 538 2527 poesi
571 2472 715 2514 ieiuna
757 2475 873 2513 sunt.
903 2494 963 2502 —
1023 2470 1481 2526 Possideatque‚
1522 2471 1562 2514 h.
1595 2485 1633 2514 e.
1667 2484 1779 2526 quae
1811 2471 2043 2528 possideat.
2116 2500 2119 2501 ν

340 2554 466 2598 Conf.
510 2554 564 2597 ad
607 2554 654 2607 I,
695 2557 749 2606 8,
791 2556 865 2598 32.
912 2575 972 2585 -·
1031 2553 1315 2598 odoratae
1366 2555 1619 2610 segetis,
1672 2553 1716 2600 h.
1757 2567 1796 2598 e.
1842 2554 2045 2599 fruticum

340 2637 631 2680 odoratorum.
693 2637 864 2679 Sanno.
893 2636 1025 2681 Herc.
1056 2636 1138 2681 fur.
1157 2640 1270 2679 909:
1301 2636 1516 2679 Indorum
1544 2651 1683 2694 seges.
1717 2637 1974 2682 Cunnum
2003 2637 2045 2682 d.
2084 2678 2088 2683 .
2147 2665 2150 2677 ι

339 2722 475 2778 Nupt.
504 2722 668 2764 Honor.
697 2727 742 2764 et
772 2722 882 2764 Mar.
912 2724 997 2764 94:
1030 2720 1178 2762 casiae
1207 2735 1347 2778 seges.
1407 2710 1532 2762 Dixit
1560 2733 1663 2763 vero
1695 2721 1909 2763 cumulate
1941 2718 2045 2762 bene

340 2804 561 2848 olentibus
593 2829 649 2838 —
681 2806 919 2859 odoratae,
961 2811 1141 2862 propter
1172 2805 1475 2862 praestantiam
1508 2806 1584 2848 rei·
1616 2828 1676 2837 -
1735 2805 1802 2848 De
1833 2805 2047 2848 Arabia
2114 2821 2119 2828 ·

341 2891 557 2934 odorifera
586 2890 669 2933 vid.
691 2891 826 2934 Pmn.
852 2892 906 2944 V,
930 2894 1002 2934 11.
1035 2892 1170 2932 Ovm.
1197 2891 1306 2934 Met.
1334 2890 1392 2943 X,
1415 2894 1503 2932 307
1528 2903 1621 2945 sqq.
1654 2891 1967 2946 ibiq.G1ssule.
2001 2895 2047 2937 et
2144 2877 2145 2884 ἵ

339 2986 471 3028 supra
502 2973 581 3026 111,
612 2976 657 3026 2,
691 2976 765 3016 23.
828 2971 895 3014 Ad
937 2986 974 3015 v.
1005 2975 1076 3016 19.
1106 2976 1180 3016 20.
1226 2972 1282 3015 cf.
1314 2985 1444 3028 supra
1473 2973 1543 3026 ΙΙ,
1571 2976 1623 3026 2,
1655 2977 1726 3016 15.
1789 2973 2045 3017 Lectionem

341 3069 594 3108 gemmas
637 3054 799 3110 optime
840 3057 990 3096 contra
1029 3054 1261 3097 ΗΕΥΝιυΜ
1302 3059 1450 3097 tuetur
1490 3055 1704 3108 Vossms3
1750 3067 1891 3109 neque
1931 3056 2042 3098 enim

341 3138 480 3180 solum
514 3135 699 3179 conchas
730 3150 764 3178 s.
797 3138 1052 3191 margaritas
1086 3137 1166 3192 (ll,
1190 3141 1232 3190 4,
1261 3138 1359 3193 30.)
1390 3137 1468 3180 sed
1499 3138 1628 3180 etiam
1659 3150 1854 3191 gemmas
1885 3138 2044 3182 eiicere
2118 3152 2141 3170 ¹

342 3217 498 3259 dicitur
528 3230 670 3270 mare,
708 3223 757 3260 ut
791 3218 847 3271 ΙΙ,
880 3222 923 3271 2,
959 3221 1029 3262 15.
1090 3219 1262 3261 Laudat
1293 3221 1482 3264 Vossms
1515 3221 1641 3262 etiam
1675 3219 1934 3264 emmam.
1966 3220 2047 3274 111,
2122 3210 2129 3230 ²

340 3301 455 3342 386:
480 3306 757 3356 pontumque
783 3313 863 3354 per
897 3315 1061 3341 omnem
1094 3299 1322 3342 Ridebunt
1353 3301 1517 3344 virides
1544 3300 1728 3361 gemmis
1757 3300 2046 3344 nascentibus
2119 3282 2123 3299 ι’

342 3379 500 3439 algae,
545 3385 591 3424 et
625 3381 838 3436 XXXIII,
865 3383 979 3425 252:
1023 3382 1182 3426 stellas
1217 3384 1418 3428 accendit
1459 3384 1508 3428 in
1542 3399 1679 3433 auro,
1719 3387 1855 3447 Ostro
1876 3384 2043 3444 fundit
2124 3380 2131 3386 “
