2158 3750
299 276 365 324 74
698 273 1150 330 COMMENTAR
1201 275 1277 329 IN
1314 276 1600 330 TIBULLI

297 415 491 461 aetherIo
527 429 553 459 e
583 415 698 460 foliis
742 422 787 459 et
829 417 946 461 rimis
986 431 1169 474 quercus
1204 424 1402 462 manante
1435 418 1544 463 hunc
1576 420 1718 465 locum
1760 422 1917 478 accipit
1948 427 1990 466 et

296 502 484 542 Vincit..
519 499 674 553 Eclog.
706 498 784 552 IV,
812 503 885 542 30.
923 500 1087 555 Georg.
1123 501 1159 555 Ι,
1193 503 1293 544 131.
1354 500 1466 543 Add.
1507 503 1646 544 Ovm.
1681 503 1790 548 Met.
1820 504 1856 558 Ι,
1889 505 1991 546 112.

297 584 515 625 Hermus
547 582 602 624 de
633 580 784 638 apibus
814 582 980 636 cogitat
1007 583 1049 626 in
1079 584 1242 626 truncis
1271 583 1474 626 arborum
1503 584 1587 626 mel
1618 583 1873 627 facientibus
1899 585 1994 628 sine

299 666 514 708 hominum
557 677 674 708 cura.
738 663 866 711 Quod
912 665 1099 708 alienum
1141 665 1325 708 videtur.
1399 665 1562 708 Tibulli
1603 677 1724 708 mens
1764 671 1856 719 est,
1901 667 1995 709 sine

297 761 430 803 opera
459 761 590 805 apum
620 747 922 805 bominumque
951 750 1036 793 mel
1068 749 1428 806 perfectissimum
1459 763 1483 792 a
1515 755 1668 792 natura
1699 749 1905 792 oblatum.
1935 772 1995 781 —

298 831 478 875 ubera
519 832 716 886 lactis,
763 834 875 877 lacte
906 834 1060 890 plena,
1102 835 1159 879 cf.
1192 834 1228 877 si
1260 834 1367 877 tanti
1400 839 1480 888 est,
1514 833 1698 876 Horum.
1727 833 1785 887 ΙΙ,
1816 835 1891 886 19,
1921 835 1996 876 20.

298 915 437 957 Ov1n.
454 914 564 960 Met.
583 915 619 970 1,
640 919 742 962 111.
801 917 1000 974 Denique
1032 919 1258 963 securis
1290 924 1381 964 est=
1413 932 1499 962 non
1530 917 1780 962 timentibus
1811 917 1997 975 inopiam

295 997 448 1041 victus.
475 1019 536 1030 —
591 997 648 1043 V.
677 1000 750 1043 47.
781 1001 854 1044 48.
914 999 1086 1045 Exitus,
1147 1001 1262 1046 Nam
1292 1003 1488 1058 sequitur
1523 1006 1617 1045 tota
1646 1001 1880 1059 descriptio
1917 1014 1998 1046 au-

295 1091 397 1123 reae
439 1079 595 1124 aetatis
633 1077 744 1124 hanc
784 1081 952 1136 legem:
996 1082 1106 1125 Post
1146 1083 1369 1126 introitum
1410 1097 1476 1128 vv.
1509 1087 1584 1127 35.
1615 1087 1689 1130 36.
1728 1085 1912 1142 primum
1941 1083 1999 1128 de

295 1161 522 1205 itineribus
551 1163 775 1206 maritimis
805 1163 961 1206 dicitur
993 1162 1186 1206 nondum
1216 1166 1434 1221 usurpatis
1465 1165 1636 1208 duobus
1667 1165 1888 1220 distichis,
1919 1166 1998 1211 de-

293 1244 397 1289 inde
425 1246 521 1288 aliis
551 1245 720 1289 duobus
750 1245 805 1290 de
835 1251 952 1290 statu
993 1247 1235 1292 domestico
1276 1247 1468 1292 nondum
1499 1253 1550 1291 ut
1579 1246 1710 1292 hodie
1747 1250 1999 1303 constituto,

296 1331 388 1371 tum
430 1326 496 1372 his
539 1328 779 1374 coniunctis
821 1331 1056 1387 opponitur
1096 1345 1184 1376 uno
1230 1330 1418 1377 disticho
1461 1332 1649 1389 positiva
1690 1333 1906 1376 sententia
1943 1331 2000 1376 de

294 1409 508 1454 alimentis
538 1412 652 1456 ultro
685 1411 1026 1468 obtingentibus.
1087 1413 1180 1458 Iam
1213 1419 1262 1457 ut
1293 1414 1383 1458 dixi
1414 1415 1612 1471 sequitur
1641 1415 1785 1460 exitus
1814 1416 1858 1459 in
1888 1413 1999 1460 bunc

294 1505 495 1538 sensumt
537 1494 695 1554 Atque
724 1494 795 1537 ita
816 1494 1007 1554 factum
1038 1503 1092 1538 ut
1113 1510 1212 1553 pax
1241 1504 1359 1540 esset
1389 1504 1602 1545 aeterna,
1643 1512 1744 1540 cum
1773 1496 1924 1540 litium
1952 1506 2000 1540 et

296 1575 401 1620 belli
429 1592 618 1626 causae,
663 1577 858 1622 habendi
889 1579 1142 1638 cupiditate
1174 1583 1329 1632 cnaei,
1369 1596 1456 1624 non
1484 1581 1707 1626 adessent.
1765 1581 1857 1626 Sed
1878 1579 2001 1625 hunc

292 1662 438 1708 locum
466 1677 623 1720 magna
653 1678 752 1710 cum
782 1666 824 1710 vi
856 1667 1055 1721 extollit,
1104 1667 1306 1722 quoniam
1339 1668 1435 1724 ipse
1464 1681 1544 1724 per
1574 1667 1735 1711 bellum
1766 1667 1809 1710 in
1841 1667 2000 1710 malum

295 1760 502 1802 praesens
532 1749 695 1791 incidit.
756 1748 840 1792 Est
874 1755 1022 1793 autem
1051 1752 1287 1795 cumulatio
1329 1753 1528 1796 similium
1572 1753 1828 1808 verborum,
1873 1757 1922 1796 et
1951 1757 2000 1795 ut

295 1828 397 1872 mihi
439 1830 612 1885 quidem
645 1830 840 1883 videtur,
888 1832 987 1876 bina
1018 1834 1223 1890 coniungi
1255 1834 1426 1879 debent.
1488 1835 1530 1879 N
1543 1849 1611 1880 on
1660 1837 1843 1891 acies,
1896 1848 1998 1880 non

296 1914 379 1957 ira
409 1913 543 1968 fuit,
575 1915 661 1968 ait,
703 1928 810 1959 non
843 1915 1000 1959 bella
1030 1929 1131 1960 nec
1163 1917 1340 1972 ensis,
1383 1917 1448 1960 bis
1479 1923 1681 1974 repetens
1712 1917 1827 1963 idem
1858 1923 2000 1962 muta-

294 1998 351 2040 tis
381 1997 552 2051 verbis3
581 2011 679 2041 nam
711 2003 758 2041 ut
790 1999 854 2042 ira
883 2000 1022 2043 aciem
1055 2001 1227 2043 instruit
1260 2007 1307 2044 et
1338 2002 1550 2055 concitat,
1582 2002 1643 2044 ita
1674 2000 1834 2045 bellum
1865 2001 2000 2045 utitur

293 2095 412 2127 ense.
475 2084 602 2130 Quae
643 2096 742 2127 cum
783 2083 887 2128 satis
931 2086 1139 2129 concinna
1181 2085 1433 2140 videantur,
1478 2087 1594 2129 nulla
1636 2084 1706 2130 hic
1744 2091 1812 2130 est
1841 2091 2000 2143 poetae

296 2166 577 2222 negligentia,
608 2167 967 2222 quemadmodum
1001 2170 1130 2213 etiam
1163 2171 1283 2224 alias,
1314 2171 1389 2213 ubi
1421 2184 1671 2228 perversum
1703 2183 1850 2215 rerum
1879 2171 1997 2214 ordi-

294 2259 393 2291 nem
440 2255 704 2304 queruntur,
771 2253 1039 2296 accuratiore
1089 2255 1446 2310 interpretatione
1497 2255 1652 2298 bonam
1704 2253 2000 2311 deprehendas

297 2331 622 2387 compositionis
653 2333 811 2388 legem.
875 2336 1018 2392 Atque
1050 2336 1132 2381 hoc
1171 2339 1269 2383 loco
1300 2340 1375 2394 qui
1405 2338 1566 2382 dixerit
1598 2352 1654 2382 ex
1689 2339 1754 2383 ira
1789 2340 2000 2383 exsistere

294 2414 482 2468 bellum,
515 2413 631 2459 bello
659 2416 785 2460 educi
815 2418 982 2473 aciem,
1015 2419 1154 2463 aciem
1187 2421 1250 2464 uti
1277 2421 1476 2475 ensibus,
1506 2427 1637 2477 atque
1667 2422 1728 2465 ita
1763 2421 1998 2466 ordinanda

294 2499 427 2543 fuisse
452 2501 597 2554 verba,
628 2514 712 2545 non
737 2503 1074 2548 consideraverit
1096 2510 1270 2562 poetam
1294 2506 1484 2550 noluisse
1513 2506 1673 2550 docere
1703 2512 1749 2550 et
1779 2507 2000 2563 explicare

297 2585 392 2638 quis
421 2584 477 2627 sit
502 2586 708 2628 naturalis
737 2600 763 2629 a
799 2601 930 2630 causa
962 2587 1064 2631 belli
1099 2601 1235 2642 usque
1265 2587 1320 2631 ad
1350 2601 1540 2644 pugnam
1572 2589 1709 2644 ipsam
1741 2601 1998 2644 progressus

295 2682 463 2723 rerum,
497 2671 572 2725 qui
603 2671 747 2726 potius
777 2672 882 2714 illud
914 2685 1044 2716 unum
1082 2674 1200 2727 agit,
1240 2677 1288 2715 ut
1319 2672 1507 2715 nondum
1538 2673 1671 2716 fuisse
1706 2678 1795 2716 tum
1827 2673 1998 2716 terribi-

297 2750 382 2794 lem
427 2757 565 2795 artem
607 2752 791 2795 bellandi
837 2754 953 2796 dicat
993 2766 1122 2808 quam
1163 2754 1430 2808 gravissime.
1492 2756 1636 2809 Atque
1676 2755 1774 2798 huic
1816 2758 1999 2800 consilio

296 2837 579 2892 compositio,
622 2850 735 2891 quae
767 2835 972 2890 habetur,
1003 2837 1132 2892 plane
1163 2838 1376 2880 convenit.
1419 2837 1644 2902 ⁴Ceterum
1674 2837 1746 2879 ira
1778 2843 1846 2881 est
1879 2838 1999 2883 furor

296 2920 476 2963 bellicus
499 2925 547 2963 ut
568 2924 750 2973 constat,
781 2925 827 2963 et
853 2919 1100 2963 duxerat
1129 2926 1221 2963 est:
1250 2920 1524 2977 procuderet,
1555 2925 1603 2964 ut
1623 2922 1840 2966 Graecum
1871 2917 1999 2963 ἐλαύ-

298 3020 400 3054 νευν,
444 3003 629 3046 tundere
665 3004 851 3057 malleo,
897 3004 953 3047 cf.
992 3005 1180 3049 Vmctn.
1213 3006 1323 3048 Aen.
1354 3005 1452 3058 VII,
1484 3007 1584 3047 634.
1628 3010 1673 3048 et
1712 3018 1789 3046 aes
1833 3003 1999 3046 ductile

301 3088 437 3131 Pam.
470 3088 678 3140 XXXIV,
709 3091 752 3128 8.
795 3089 1013 3132 Graecum
1047 3086 1235 3131 ἐλαύνειν
1265 3089 1363 3133 vide
1393 3089 1515 3132 Hom.
1543 3090 1593 3132 ΙΙ.
1625 3089 1726 3143 XII,
1758 3092 1861 3134 296.
1895 3090 1996 3143 XX,

296 3174 400 3212 270.
434 3193 492 3201 —
534 3172 766 3213 Postremo
797 3171 979 3214 observa
1011 3173 1139 3215 etiam
1171 3172 1479 3216 adiectivorum
1513 3171 1582 3215 liic
1613 3173 1813 3215 similium
1846 3186 1996 3216 cumu-

298 3256 525 3296 lationem:
558 3254 815 3307 immitis‚
851 3269 1078 3308 saevus;
1115 3256 1301 3298 maxime
1333 3255 1447 3297 enim
1479 3255 1718 3298 detestatur
1748 3255 1996 3299 bellum.—

298 3337 350 3378 V.
384 3339 453 3378 49.
490 3339 563 3379 50.
625 3336 761 3379 Dictis
804 3351 914 3391 quae
960 3339 1042 3382 dici
1089 3341 1302 3383 debebant
1335 3340 1387 3382 de
1420 3351 1548 3381 aurea
1582 3344 1750 3392 aetate,
1793 3339 1903 3382 redit
1942 3341 1994 3382 ad

298 3431 499 3473 praesens
537 3423 729 3475 tempus,
764 3425 810 3463 ut
840 3422 1011 3463 claudat
1051 3426 1197 3465 totum.
1236 3444 1290 3452 —
1339 3421 1493 3464 Nunc
1524 3420 1658 3463 Iove
1690 3421 1790 3463 sub
1824 3421 1943 3464 dom
1960 3423 1995 3462 i-
