2158 3750
361 246 464 298 314
763 244 1234 300 COMMENTAR.
1267 246 1343 298 IN
1381 247 1669 300 TIBULLI

361 395 405 431 et
444 404 589 435 soror,
639 391 687 429 ut
729 386 867 441 quivis
906 385 1052 440 videt,
1098 384 1326 444 coniugem
1369 391 1515 430 autem
1559 388 1750 444 appellat
1799 391 1915 433 molli
1956 403 2053 434 cum

359 471 519 512 affectu
548 479 750 523 sponsam
779 480 862 510 nec
891 467 985 510 sine
1016 467 1231 522 exemplo.

479 551 646 597 Quodsi
678 550 867 605 denique
896 549 950 591 de
982 549 1134 591 ordine
1164 562 1372 604 quaeras,
1403 563 1490 605 quo
1521 552 1682 608 scripta
1707 553 1792 595 sint
1822 551 1929 596 haec
1959 566 2056 597 car-

358 634 498 686 mina,
539 633 734 690 primum
766 631 904 674 habeo
936 631 1052 686 quod
1083 632 1278 687 proxime
1309 633 1529 686 legemus,
1575 634 1814 675 secundum
1845 633 1959 690 quod
1990 640 2056 678 est

357 718 531 759 tertium
560 717 669 759 libri.
732 717 897 760 Secuta
927 720 1027 759 sunt
1059 723 1296 774 quartum,
1327 707 1594 764 secundam,
1633 725 1824 762 sextum.
1886 719 2055 776 Nempe

358 813 456 842 cum
488 799 642 842 dubius
675 799 813 843 factus
845 805 960 843 esset
991 799 1111 842 favor
1140 798 1362 853 Neaerae,
1403 802 1576 857 scripsit
1599 801 1793 858 primum
1824 804 2054 858 aliquando

359 883 454 936 hoc,
485 883 600 938 quod
628 885 822 938 sequitur
854 884 1065 939 proxime,
1097 896 1287 937 carmen,
1320 885 1358 927 si
1386 889 1535 940 posset
1564 899 1663 928 eum
1694 885 1836 929 denuo
1864 886 2055 930 resusci-

356 972 463 1009 tare.
526 966 615 1009 Sed
657 980 744 1010 non
775 966 946 1010 redibat
974 967 1147 1010 Neaera
1177 968 1230 1010 ad
1274 969 1441 1024 priores
1472 981 1650 1022 sensus,
1694 974 1738 1012 et
1777 969 1971 1012 videmus
2010 969 2054 1012 iu

355 1050 490 1093 tertio
523 1052 709 1096 carmine
751 1053 913 1096 frustra
953 1054 1065 1096 votis
1104 1054 1273 1095 caelum
1303 1065 1328 1094 a
1359 1058 1492 1108 poeta
1523 1053 1690 1109 impleri
1723 1067 1803 1110 pro
1835 1053 1950 1114 dulci
1981 1065 2054 1095 re-

353 1134 471 1187 ditu,
523 1148 651 1189 quem
696 1136 733 1178 si
774 1136 863 1177 fata
903 1140 1089 1189 negent,
1136 1136 1195 1178 ibi
1241 1137 1405 1179 Orcum
1447 1142 1653 1192 precatur
1698 1143 1747 1179 ut
1787 1150 1837 1179 se
1881 1140 2053 1179 avocet.

355 1216 501 1261 Etiam
544 1217 651 1261 haec
694 1221 870 1273 querela
911 1219 1014 1261 nibil
1055 1219 1242 1276 profuit,
1286 1220 1363 1263 sed
1396 1220 1561 1263 audivit
1591 1220 1748 1263 deinde
1778 1222 1852 1263 alii
1883 1221 2054 1264 cuidam

355 1299 499 1342 iuveni
532 1301 696 1344 nubere
727 1303 855 1345 malle
886 1304 1088 1359 puellam.
1148 1305 1214 1348 Ac
1246 1305 1430 1362 primum
1459 1304 1584 1359 fingit
1612 1303 1692 1347 sibi
1725 1302 1807 1347 hoc
1834 1303 1889 1346 ab
1918 1305 2056 1360 Apol-

356 1384 443 1427 line
473 1383 709 1428 indicatum
738 1386 783 1428 in
825 1393 989 1443 quarto
1029 1387 1247 1440 carmine,
1288 1386 1365 1429 sed
1397 1385 1585 1428 nondum
1616 1385 1779 1439 credit3
1825 1389 1945 1428 certa
1975 1399 2054 1428 au-

351 1472 439 1509 tem
482 1480 530 1510 re
575 1472 620 1510 et
661 1481 758 1510 cum
802 1469 928 1524 plane
969 1473 1191 1512 constaret
1235 1473 1430 1524 ereptam
1473 1467 1556 1510 sibi
1598 1467 1838 1522 Neaeram,
1883 1468 2055 1524 scripsit

350 1549 593 1590 secundum
628 1563 827 1603 carmen,
857 1550 931 1592 ubi
963 1550 1174 1594 moriendi
1205 1549 1430 1593 consilium
1462 1554 1631 1592 amatae
1661 1549 1842 1594 nuntiat.
1903 1549 2055 1594 Muta-

348 1633 411 1675 vit
452 1638 596 1675 tamen
632 1637 791 1688 postea
834 1634 1119 1686 sententiam3
1166 1634 1209 1676 in
1252 1639 1386 1674 sexta
1429 1632 1571 1686 elegia
1613 1631 1808 1675 oblivisci
1839 1631 2055 1677 Neaeram

351 1719 396 1756 et
423 1715 587 1770 pellere
619 1727 744 1757 curas
776 1715 874 1757 vino
906 1715 948 1756 in
981 1714 1178 1756 convivio
1210 1713 1448 1756 amicorum
1480 1717 1689 1768 conatur,
1734 1713 1851 1769 quod
1881 1717 2055 1769 postre—

348 1810 420 1839 mo
453 1798 582 1840 etiam
612 1796 821 1841 succedit.
895 1797 982 1839 Hic
1014 1800 1080 1839 est
1111 1809 1263 1840 cursus
1293 1795 1452 1838 amoris
1492 1794 1647 1849 huius,
1693 1795 1737 1838 in
1777 1808 1863 1851 quo
1893 1795 2052 1839 nemini

346 1891 434 1922 non
465 1879 712 1935 displicebit
743 1881 890 1936 inepta
920 1881 1211 1924 inconstantia
1252 1879 1464 1934 hominis,
1495 1880 1569 1935 qui
1599 1880 1786 1936 primum
1815 1879 2047 1936 desperato

350 1961 531 2003 consilio
569 1967 754 2004 mortem
798 1962 879 2004 sibi
922 1961 1081 2005 inferre
1122 1963 1320 2006 decernit
1365 1967 1410 2005 et
1448 1963 1599 2005 ultima
1639 1962 1842 2005 mandata
1872 1961 1947 2004 dat
1976 1975 2052 2005 so-

352 2043 575 2096 lemniter,
608 2043 764 2086 deinde
793 2059 898 2088 vero
931 2046 1043 2088 inter
1074 2047 1231 2102 pocula
1264 2046 1466 2088 amolitur
1496 2058 1622 2088 curas
1652 2049 1699 2088 et
1726 2045 1839 2088 ridet
1868 2044 2052 2101 puellas.

349 2123 521 2179 Quinta
554 2125 739 2180 denique
771 2127 914 2181 elegia
943 2127 1140 2181 ignotum
1171 2129 1284 2171 inter
1315 2140 1520 2181 amorem,
1550 2141 1604 2170 an
1630 2131 1732 2184 post
1761 2139 1861 2170 eum
1886 2126 2050 2181 scripta

348 2205 422 2247 sit.
489 2207 630 2248 Poeta
661 2211 829 2250 mature
860 2213 1055 2251 mortuus
1085 2209 1281 2263 videtur,
1320 2214 1366 2253 et
1395 2214 1495 2252 sunt
1525 2210 1580 2252 ab
1613 2211 1698 2253 alio
1731 2209 1902 2254 homine
1933 2209 2050 2253 edita

343 2288 558 2342 carmina,
594 2302 776 2344 quorum
809 2291 996 2333 maxime
1027 2290 1283 2347 imperfecta
1314 2293 1490 2335 tertium
1521 2296 1567 2336 et
1595 2296 1810 2348 quartum.
