2158 3750
334 235 411 295 12
851 233 1157 293 TIBULLI
1215 233 1354 292 Llss.
1387 234 1427 292 Ι.
1459 246 1501 292 3.

394 390 571 470 Quod
615 392 662 449 si
704 387 900 450 fatales
945 387 1057 447 iam
1102 411 1255 448 nunc
1300 385 1640 470 explevimus
1681 409 1891 465 annm,

478 500 592 559 Fac
640 498 785 579 lapis
829 495 1117 578 inscriptis
1162 509 1268 555 stet
1311 518 1484 577 super
1524 516 1652 554 ossa
1694 493 1859 552 notis,

326 605 539 664 55⁶Hie
585 604 730 662 iacet
770 602 954 662 inmiti
1002 617 1370 685 consumptus
1415 615 1595 661 morte
1640 598 1931 671 Tibullus,

477 709 781 771 Messalam
824 725 974 770 terra
1018 709 1155 770 dum
1200 710 1568 792 sequiturque
1611 706 1785 767 mari.'

391 818 508 878 Sed
551 841 674 891 me,
718 818 875 901 quod
914 817 1096 878 facilis
1142 832 1335 878 tenero
1380 840 1506 876 sum
1547 837 1771 897 semper
1812 813 2030 885 Amori,

465 927 599 1009 Ipsa
639 930 832 987 Venus
879 950 1109 1008 campos
1150 926 1319 986 ducet
1361 925 1422 984 in
1465 923 1705 1009 Elysios

385 1034 494 1095 Hic
533 1034 769 1094 choreae
801 1048 1110 1115 cantusque
1146 1033 1354 1113 vigent,
1395 1031 1721 1116 passimque
1763 1044 2028 1110 vagantes

319 1157 379 1200 60
477 1141 658 1200 Dulce
705 1156 911 1200 sonant
954 1140 1111 1198 tenui
1156 1155 1380 1218 gutture
1426 1162 1654 1198 carmen
1700 1161 1856 1209 aveS‚

381 1251 518 1309 Fert
561 1248 771 1308 casiam
815 1270 934 1307 non
979 1245 1127 1306 culta
1172 1269 1362 1326 sech‚
1416 1260 1675 1328 totosque
1719 1268 1823 1328 per
1859 1268 2025 1325 agros

463 1355 658 1417 Floret
698 1354 948 1415 odoratis
996 1368 1145 1414 terra
1187 1354 1439 1434 benigna
1482 1353 1660 1414 rosis:

382 1464 460 1525 At
500 1465 769 1524 iuvenum
812 1462 984 1523 series
1027 1461 1234 1522 teneris
1280 1461 1515 1522 inmixta
1558 1460 1762 1544 puellis

466 1571 669 1645 Ludit,
726 1586 779 1631 et
822 1570 1048 1631 assidue
1093 1569 1308 1653 praelia
1351 1568 1784 1632 miscet·Amor.

317 1694 374 1739 65
390 1678 510 1740 Illic
557 1694 669 1752 est,
725 1679 1043 1761 cuicunque
1087 1700 1263 1759 rapax
1306 1701 1460 1737 mors
1503 1675 1658 1736 venit
1701 1675 1935 1747 amanti,

467 1787 541 1846 Et
583 1786 728 1867 gerit
767 1785 982 1865 insigni
1026 1799 1243 1870 myrtea
1287 1799 1435 1844 serta
1480 1806 1657 1844 coma.

379 1894 456 1955 At
499 1894 767 1955 scelerata
810 1894 955 1953 iacet
998 1892 1161 1952 sedes
1205 1892 1266 1952 in
1309 1906 1474 1951 nocte
1518 1888 1810 1973 profunda

461 2001 704 2074 Abdita,
760 2024 931 2084 quam
978 2000 1191 2059 circum
1234 1998 1471 2059 flumina
1513 1998 1681 2078 nigra
1725 2011 1960 2057 sonant:

380 2109 809 2192 Tisiphoneque
852 2108 1076 2190 impexa
1124 2106 1276 2166 feros
1323 2130 1431 2189 pro
1479 2104 1733 2165 crinibus
1781 2127 1995 2185 angues

313 2236 374 2280 70
473 2217 687 2288 Saevit,
745 2231 799 2275 et
841 2215 953 2275 huc
998 2214 1132 2274 illuc
1175 2214 1352 2296 impia
1395 2213 1564 2273 turba
1607 2212 1784 2292 fugit:

379 2327 553 2384 Tunc
597 2323 762 2403 niger
804 2322 864 2381 in
911 2336 1078 2404 porta
1121 2335 1449 2403 serpentum
1492 2319 1771 2391 Cerberus
1816 2298 1922 2379 ore·

458 2430 674 2490 Stridet
715 2445 768 2490 et
813 2444 1027 2489 aeratas
1074 2429 1312 2489 excubat
1357 2443 1483 2488 ante
1531 2427 1699 2487 fores,

376 2539 497 2599 Illic
546 2541 826 2598 Iunonem
876 2553 1091 2597 tentare
1139 2536 1352 2597 Ixionis
1405 2536 1528 2596 ausi

460 2650 774 2706 Versantur
824 2644 990 2705 celeri
1038 2644 1208 2703 noxia
1255 2644 1510 2703 membra
1561 2657 1712 2714 rota,

429 2824 485 2866 V.
503 2826 576 2865 54.
608 2822 927 2876 inscriptis.
986 2819 1220 2863 Emendari
1252 2823 1395 2875 potest
1424 2815 1494 2858 his
1523 2814 1727 2871 scriptis,
1767 2815 1839 2858 ubi
1871 2819 2014 2859 tamen

310 2896 490 2952 scriptis
534 2895 848 2950 quodammodo
889 2907 1275 2950 supervacaneum,
1327 2897 1401 2934 aut
1442 2904 1539 2933 cum
1582 2891 1850 2943 Fms'rffluo,
1897 2890 2012 2944 quod

309 2971 441 3024 vulgo
487 2974 731 3024 receptum,
788 2968 859 3009 his
905 2967 1116 3025 scriptus.
1152 2990 1209 2996 —
1292 2966 1347 3009 V.
1378 2968 1452 3007 58.
1500 2965 1553 3006 in
1605 2963 1847 3017 Elysios
1892 2968 2013 3006 recte

309 3043 630 3086 LAGHMANNUS
672 3056 736 3097 pr.
772 3041 856 3094 ad,
897 3042 950 3084 cf.
982 3043 1301 3084 annotationem
1331 3045 1522 3082 nostram
1552 3038 1605 3080 ad
1637 3038 1830 3080 Doml'rn
1860 3037 2012 3080 MAnst

308 3117 462 3173 Epigr.
493 3117 536 3158 in
565 3118 650 3158 fine
681 3117 791 3157 libri.
824 3139 880 3146 —
941 3117 995 3159 V.
1015 3120 1086 3160 63.
1120 3118 1188 3158 At
1230 3119 1359 3157 recte.
1421 3113 1517 3154 Itali
1553 3111 1665 3163 Hic3
1695 3110 1773 3153 sed
1805 3124 1888 3152 non
1918 3112 2012 3166 pari

310 3193 407 3232 loco
448 3203 545 3232 cum
586 3189 940 3231 antecedentibus
982 3190 1157 3244 ponitur
1196 3187 1276 3230 hoe
1309 3185 1545 3238 distichon,
1591 3189 1640 3226 ut
1681 3186 1817 3239 repeti
1855 3185 2013 3226 debeat

311 3266 408 3318 hic,
470 3265 583 3318 quod
624 3265 754 3318 vulgo
798 3266 980 3320 probant
1019 3278 1118 3308 cum
1159 3265 1474 3308 Bnouxnusm.
1569 3259 1692 3302 Male
1740 3264 2012 3314 comparatur

310 3338 716 3382 v.73-81.111ic
748 3361 803 3370 —
838 3339 982 3381 lilio.

2114 1630 2150 1774 ἠῢ.

2136 2496 2139 2501 ⁴
2128 2184 2143 2482 *omnm-maizo--.
