2158 3750
696 217 879 272 LIBR.
914 218 957 268 1.
1026 215 1230 268 ELEG.
1267 214 1308 266 1.
1827 219 1853 262 7

165 366 245 409 ties
274 368 483 417 recurrat,
518 360 638 405 novis
661 373 756 404 eam
777 358 995 403 coloribus
1015 356 1188 414 prodire
1209 359 1414 399 ornatam.
1474 351 1758 408 Perspicuum
1787 355 1856 395 est

163 461 289 504 quam
310 447 451 490 suavis
473 446 530 489 sit
553 443 659 488 haec
680 444 952 499 compositio,
974 453 1100 496 quam
1113 440 1353 482 miramura
1369 436 1487 480 nullo
1505 435 1697 492 priorum
1718 433 1853 475 inter-

161 537 330 588 pretum
359 529 710 573 animadversam.
784 526 836 570 Si
864 525 1049 568 musicas
1077 537 1282 568 sonorum
1313 521 1647 579 compositiones
1675 530 1851 573 compa-

159 627 256 657 rare
286 615 414 667 licet,
453 617 502 655 nt
542 623 639 654 cum
666 609 712 651 in
740 608 817 650 tali
846 607 1158 663 compositione
1195 604 1414 649 harmonia
1444 605 1643 660 princeps
1673 614 1752 658 per
1784 601 1852 644 in-

159 699 337 742 tervalla
365 697 602 754 repetitur,
639 693 838 736 similiter
873 691 991 734 dicas
1024 691 1067 733 in
1097 688 1178 733 hac
1217 689 1396 747 pulchra
1425 691 1567 745 elegia
1594 686 1852 731 sententiam

159 781 399 837 primariam
431 778 574 821 redire
598 775 859 829 identidem,
889 787 1001 830 quae
1037 774 1100 817 vis
1131 775 1273 817 vitalis
1302 779 1371 816 est
1403 774 1510 816 eius.
1571 774 1714 827 Atque
1744 769 1850 813 haec

154 862 327 918 quidem
357 861 412 904 de
441 859 521 903 his.
582 859 632 903 In
673 858 919 901 universum
959 855 1145 911 denique
1185 855 1270 898 hoc
1306 868 1503 907 carmen,
1548 859 1597 896 ut
1626 853 1713 895 sert
1751 851 1850 894 talis

152 943 395 998 argumenti
425 942 562 994 ratio,
609 939 863 983 hilaritatem
899 937 1110 996 placidam
1147 939 1310 994 spirat3
1359 948 1499 990 neque
1539 939 1682 978 tamen
1713 934 1851 989 'plane

151 1027 279 1070 abest
316 1025 582 1080 querimonia
612 1022 884 1066 Tibullianae
924 1021 1094 1076 elegiae
1123 1020 1323 1077 propria,
1369 1016 1447 1060 sed
1477 1016 1723 1058 intermixta
1750 1018 1850 1056 sunt

150 1108 281 1152 etiam
310 1105 380 1150 hic
400 1106 585 1162 suspiria
615 1105 826 1161 quaedam
855 1107 1061 1159 suaviter,
1093 1116 1204 1165 quae
1235 1102 1437 1146 tristitiae
1468 1098 1570 1155 quid
1601 1102 1647 1140 et
1676 1096 1848 1138 deside-

148 1190 201 1233 rii
231 1188 385 1232 flebilis
419 1188 501 1231 toti
531 1188 707 1231 addunt.
766 1186 1079 1234 vehementiae
1109 1199 1213 1230 vero
1242 1184 1344 1230 nihil
1375 1183 1521 1236 adest,
1553 1192 1687 1236 quare
1716 1178 1846 1221 etiam

146 1270 351 1314 transitus
379 1283 589 1326 nusquam
618 1270 844 1326 abruptior
873 1268 1235 1326 deprehenditur,
1276 1267 1426 1323 quales
1456 1262 1750 1310 vehementior
1779 1260 1844 1304 af-

147 1354 286 1399 fectus
316 1354 423 1400 alias
452 1353 613 1412 passim
642 1352 783 1432 insert.

763 1659 1210 1714 EXPLICATIO.

263 1783 316 1825 V.
361 1783 454 1825 1-o.
528 1780 857 1825 Exordium.
928 1782 1180 1825 Divitias
1227 1783 1505 1836 quaerant
1554 1778 1649 1833 qui
1700 1778 1841 1820 belli

144 1865 375 1909 labores
415 1871 473 1909 et
506 1867 774 1923 pericula
809 1866 965 1909 ferre
1000 1879 1106 1908 non
1139 1868 1440 1916 recusant3
1485 1877 1590 1917 ego
1625 1864 1841 1918 spretis

140 1950 375 1994 divitiis
403 1950 677 1994 valedico
706 1950 959 1994 militiae
990 1955 1046 1992 et
1075 1948 1140 1991 ad
1174 1948 1423 1990 otiosam
1454 1946 1626 1988 vitam
1657 1950 1839 1988 trans-

108 2022 115 2029 ’
139 2035 222 2077 ire
251 2036 407 2078 malo.
468 2032 552 2075 Est
581 2031 687 2075 haec
714 2044 880 2075 summa
912 2031 1123 2074 sententia
1155 2031 1367 2073 carminis.
1398 2053 1460 2062 —

258 2118 313 2162 V.
343 2121 368 2160 1
404 2130 499 2172 sqq.
559 2116 772 2161 Redierat
801 2115 1002 2158 Tibullus
1034 2128 1089 2159 ex
1121 2114 1272 2158 militia
1300 2115 1582 2167 diuturniore,
1613 2112 1671 2159 cs
1699 2125 1737 2154 v.
1764 2114 1837 2155 26.

59 2238 64 2241 .
137 2215 250 2258 quae
279 2206 380 2244 sunt
408 2201 622 2257 stipendia
652 2201 898 2255 equestria,
940 2199 996 2242 de
1024 2199 1187 2254 quibus
1220 2199 1407 2241 diximus
1441 2200 1486 2241 in
1515 2197 1837 2240 Introductione

138 2285 196 2329 a‘d
225 2285 409 2340 elegiam
439 2283 650 2364 decimam
681 2288 728 2327 et
755 2284 800 2326 in
833 2284 935 2327 Vita
965 2289 1136 2339 poetae.
1213 2282 1340 2325 Nunc
1371 2283 1613 2336 relinquere
1642 2295 1691 2324 se
1726 2283 1838 2324 velle

140 2371 222 2413 hoc
251 2381 389 2424 genus
419 2370 533 2411 vitae
564 2367 793 2422 significat.
856 2367 1085 2411 Invitatum
1122 2379 1226 2410 vero
1262 2378 1360 2408 eum
1390 2378 1416 2407 a
1448 2364 1639 2407 Messala
1671 2363 1725 2406 ad
1757 2377 1837 2405 no-

139 2466 238 2495 vum
270 2452 455 2504 bellum,
498 2449 596 2493 huic
627 2449 918 2506 respondere,
952 2454 996 2491 et
1029 2448 1137 2491 hanc
1168 2460 1339 2491 causam
1372 2459 1468 2490 esse
1507 2446 1697 2500 elegiae,
1725 2445 1835 2487 infra

139 2534 310 2576 demum
341 2546 408 2575 vv.
433 2535 505 2575 54.
533 2536 608 2575 75.
640 2532 946 2586 intelligimns3
981 2543 1121 2585 neque
1150 2530 1263 2573 enim
1293 2529 1347 2572 ab
1376 2541 1459 2572 ovo
1490 2528 1714 2572 ordiuntur
1744 2527 1837 2569 ele-

136 2616 259 2670 giae,
294 2615 372 2658 aed
402 2627 428 2656 a
458 2626 623 2658 summa
655 2614 870 2656 sententia
903 2613 1159 2666 argumenti.
1191 2634 1250 2644 -—
1281 2625 1448 2664 auro,
1479 2625 1535 2653 ex
1564 2610 1723 2667 praeda
1753 2611 1835 2652 mi-

139 2699 267 2752 litari,
300 2703 350 2741 ut
378 2710 512 2754 saepe
543 2696 703 2753 praeda
735 2696 892 2739 bellica
923 2700 1210 2742 memoratur,
1242 2694 1296 2738 cf.
1329 2694 1427 2737 Tib.
1459 2693 1493 2747 Ι,
1523 2697 1568 2746 2,
1598 2696 1670 2735 68.
1705 2692 1759 2746 11,
1791 2695 1835 2744 3,

135 2789 208 2828 35.
270 2785 506 2827 Pnorssu'r.
539 2780 618 2834 111,
642 2782 686 2834 4,
721 2783 762 2824 l.
794 2783 837 2833 5,
863 2782 905 2823 3.
967 2778 1078 2821 Nam
1114 2778 1229 2820 bello
1253 2777 1424 2820 divitias
1452 2776 1718 2832 quaerebant
1745 2779 1836 2818 tum

138 2867 279 2920 vulgo.
311 2886 372 2899 -
413 2862 651 2919 Epitheton
686 2862 928 2915 fulvum,
973 2863 1055 2904 etsi
1096 2866 1352 2917 perpetuum
1388 2861 1481 2902 auri
1522 2858 1636 2913 quod
1674 2858 1835 2911 dicunt,

137 2958 277 2994 tamen
321 2947 494 2991 minime
534 2947 721 2989 otiosum
763 2959 858 2989 esse
898 2948 1072 2989 senties.
1136 2946 1330 3000 Denique
1376 2957 1460 2986 non
1502 2944 1655 2996 iunges
1694 2939 1835 2982 divi-

137 3034 247 3076 tias
278 3031 437 3073 fulvo
473 3041 612 3071 auro
654 3040 719 3085 pr.
749 3027 853 3071 fulvi
884 3029 1003 3081 auri,
1044 3029 1121 3071 sed
1166 3031 1444 3082 congerat
1488 3026 1652 3068 fulvo
1695 3036 1833 3066 auro

134 3122 298 3174 parato.
314 3138 372 3148 --
393 3116 446 3160 V.
462 3118 505 3159 2.
532 3115 585 3157 iu
599 3129 627 3169 g
641 3126 732 3157 era
755 3114 877 3157 soli.
911 3115 1058 3159 Possis
1075 3115 1313 3169 intelligere
1330 3118 1522 3156 coemtos
1539 3125 1562 3153 a
1582 3111 1837 3166 praedatore

134 3200 270 3243 milite
302 3202 400 3254 post
433 3197 590 3239 bellum
623 3207 767 3250 agros,
801 3194 855 3237 cf.
889 3195 945 3247 ll,
975 3199 1018 3247 3,
1043 3198 1130 3249 41„
1162 3197 1237 3238 sed
1271 3197 1481 3239 malumus
1513 3207 1610 3237 cnm
1643 3193 1832 3235 Hermo

136 3283 447 3337 assignationes
478 3292 680 3336 agrorum
714 3278 908 3334 cogitare
940 3280 979 3321 in
1013 3280 1136 3322 bellis
1167 3281 1362 3323 civilibus
1394 3279 1705 3328 usitatissimas,
1738 3277 1835 3329 qui-

138 3367 217 3409 bus
248 3366 512 3409 donabantur
544 3364 727 3414 milites,
767 3368 814 3405 ut
854 3367 1082 3418 utrumque
1121 3377 1260 3419 genus
1302 3363 1544 3405 divitiarum
1578 3361 1738 3415 pariter
1770 3359 1838 3401 di·-
