2086 3756
250 237 374 269 xxiv
932 210 1026 260 DE
1064 208 1233 259 VITA

256 363 518 415 servitium
561 359 771 421 dicitur,
822 366 879 407 ut
921 354 1004 405 hic
1041 354 1098 404 fit
1134 355 1188 403 in
1233 350 1393 402 exitu.
1462 349 1570 403 Nec
1607 367 1703 417 pro
1740 347 1955 401 Nemesi

256 462 388 508 'hanc
432 457 659 524 puellam
698 453 893 513 habeo,
953 466 1068 499 cum
1107 448 1279 499 statim
1316 448 1540 514 primum
1580 445 1836 497 distichon
1873 462 1955 494 ar-

260 553 388 604 ctius
432 549 614 602 foedus
651 547 866 610 indicet,
919 546 1012 597 ubi
1052 543 1208 597 fidem
1245 545 1346 597 sibi
1390 545 1688 596 iuraverant
1727 550 1957 592 amantes

258 656 588 714 perpetuam:
642 642 824 693 monui
871 641 975 691 iam
1022 658 1180 707 supra
1232 641 1332 691 hoc
1382 638 1608 690 alienum
1655 656 1685 687 a
1721 635 1960 688 Nemesis

261 760 462 805 amore,
500 750 553 790 at
583 741 715 790 bene
754 737 997 790 convenit
1031 738 1240 788 Horatii
1273 738 1464 801 verbis,
1505 735 1791 788 secundum
1826 749 1961 801 quae

259 848 440 905 postea
479 838 670 888 laesam
717 834 871 886 fidem
914 836 1232 903 querebatur
1277 835 1546 898 Tibullus,
1600 843 1657 883 ut
1701 833 1802 883 hoc
1843 831 1962 881 loco

259 935 462 1002 puellae
499 931 758 984 dubitanti
798 948 944 982 suam
982 929 1138 983 fidem
1176 931 1405 983 illaesam
1456 931 1695 981 affirmat.
1780 927 1965 978 Plures

263 1041 431 1083 autem
476 1039 667 1081 amatas
704 1028 903 1079 Tibulli
938 1045 1047 1079 non
1081 1029 1348 1091 novimuS,
1400 1038 1450 1077 et
1482 1042 1741 1094 provoces
1777 1041 1966 1092 perpe-

262 1147 374 1181 ram
412 1126 476 1178 ad
512 1127 552 1191 I,
578 1130 625 1190 5,
659 1131 756 1176 39:
793 1126 947 1193 Saepe
982 1127 1130 1175 aliam
1159 1130 1309 1187 tenui,
1352 1123 1443 1176 ubi
1478 1124 1691 1175 minime
1724 1121 1788 1173 de
1827 1139 1967 1172 ama-

261 1225 327 1274 tis
363 1222 549 1289 puellis
587 1219 783 1285 agitur,
824 1217 915 1269 sed
952 1217 1015 1268 de
1052 1219 1241 1271 vilibus
1280 1218 1664 1280 meretricibus,
1689 1235 1831 1285 quas
1865 1218 1966 1268 isto

262 1330 496 1385 tempore
533 1314 999 1386 adibatingentem
1031 1314 1268 1366 dolorem
1298 1315 1482 1365 Deliae
1519 1315 1733 1366 amissae
1764 1331 1970 1382 repres-

265 1430 432 1464 surUS.
506 1412 677 1479 Atque
720 1411 847 1462 haec
880 1410 1147 1461 hactenus·
1181 1436 1254 1448 ——

407 1509 533 1559 Post
573 1506 850 1574 Glyceram
891 1515 1113 1557 amatam
1154 1524 1272 1556 cum
1313 1507 1746 1558 iterumfivacaret
1795 1511 1972 1557 amore

267 1598 535 1666 Tibullus,
593 1618 703 1652 non
750 1601 925 1671 inepte
977 1601 1251 1668 suspiceris
1299 1603 1490 1669 scripta
1543 1604 1608 1653 ab
1651 1597 1722 1653 *eo
1759 1603 1974 1666 Elegidia

267 1701 373 1750 libri
403 1702 585 1766 quani,
640 1696 732 1747 ubi
769 1694 1027 1762 Sulpiciae
1071 1705 1121 1745 et
1158 1695 1394 1746 Cerinthi
1431 1713 1635 1748 amores
1661 1695 1973 1764 'depingun-

268 1805 368 1845 tur.
439 1793 580 1842 Haec
611 1792 749 1841 enim
782 1801 888 1842 tam
922 1791 1142 1856 pulchra
1181 1801 1317 1854 sunt,
1359 1789 1801 1858 quemadmodum
1834 1791 1974 1842 infra

267 1888 497 1952 videbis,
545 1897 601 1937 ut
637 1887 683 1937 si
717 1902 826 1937 non
865 1886 1122 1936 haberent
1162 1886 1432 1935 Tibullum
1470 1895 1763 1950 auctorem,
1815 1888 1976 1936 alium

269 2004 476 2038 necesse
516 1995 647 2036 esset
683 1993 909 2035 statuere
943 1993 1057 2033 tum
1088 1982 1279 2034 vixisse
1316 1982 1513 2048 pariter
1549 1982 1812 2048 egregium
1848 1997 1978 2048 poe-
2016 2006 2021 2011 ·

268 2092 376 2133 tam
433 2079 761 2147 eundemque
814 2078 1028 2128 Tibullo
1081 2076 1417 2127 simillimum.
1507 2074 1675 2127 Im‘mo
1734 2077 1977 2128 Tibullus

269 2176 484 2243 scripsit,
521 2186 580 2226 ut
619 2191 735 2227 cum
771 2174 1035 2242 plerisque
1070 2174 1196 2226 viris
1234 2171 1399 2223 doctis
1433 2169 1636 2224 iudico:
1675 2173 1825 2239 copia
1860 2167 1980 2223 sen-

268 2272 547 2323 tentiarum
576 2273 731 2338 plane
762 2269 1150 2323 accommodata
1178 2267 1528 2336 magnitudini
1558 2271 1861 2334 carminum,
1899 2269 1980 2321 vis

267 2369 444 2435 paullo
482 2369 658 2419 minor
686 2384 865 2435 >quam
913 2368 1004 2418 ubi
1047 2383 1170 2419 suos
1216 2366 1380 2434 ipsius
1420 2382 1624 2417 amores
1662 2366 1838 2434 canit,
1887 2363 1981 2416 sed

270 2464 390 2513 satis
437 2479 660 2514 nervosa
715 2472 765 2512 et
820 2471 1126 2527 argumento
1184 2471 1335 2527 apta,
1394 2459 1700 2527 compositio
1752 2455 1979 2527 partium

268 2557 646 2624 pulcherrima,
681 2554 838 2607 dictio
879 2557 1208 2608 Tibullianae
1251 2555 1528 2605 simillima.
1602 2554 1693 2605 Bis
1731 2565 2006 2621 expertus·

269 2649 538 2718 perfidiam
573 2651 869 2717 puellarum
904 2651 1125 2714 levium,
1169 2667 1308 2700 nunc
1346 2667 1470 2702 vere
1513 2649 1733 2699 amantis
1773 2650 1980 2716 puellae

271 2744 507 2795 sensibus
541 2743 912 2796 adumbrandis
945 2745 1178 2795 animum
1203 2754 1420 2795 recreat.
1491 2743 1602 2795 Nec
1639 2743 1823 2795 dubito
1859 2759 1979 2794 ‘cum

269 2841 461 2892 Vossio
499 2841 741 2907 epistolas
781 2841 1074 2903 amatorias,
1114 2858 1248 2908 quae
1284 2842 1341 2889 in
1374 2840 1497 2890 Vita
1533 2841 1750 2909 antiqua
1783 2841 1980 2891 'libulli

268 2934 564 2998 laudantur,
598 2934 692 2984 has
725 2935 866 3001 ipsas
905 2935 1090 2999 elegias
1127 2933 1358 2998 intelligi,
1397 2944 1454 2984 ut
1491 2934 1727 2986 codicum
1763 2936 1980 2986 Wittia-
2049 2959 2060 2978 ι

269 3046 367 3079 nus
406 3029 470 3080 A.
507 3038 802 3080 constanter
823 3038 1040 3091 ¹tantum
1073 3044 1183 3077 non
1221 3044 1400 3078 omnes
1441 3028 1677 3080 nominat
1718 3027 1978 3096 epistolas.

270 3124 378 3175 Nec
414 3136 626 3179 movent
663 3143 744 3175 me
786 3135 844 3175 ut
885 3125 1043 3175 aliter
1091 3124 1311 3174 sentiam
1355 3124 1414 3174 in
1450 3126 1573 3175 Vita
1615 3124 1814 3174 Tibulli
1854 3141 1978 3174 con-

267 3222 402 3271 fecta
439 3223 502 3271 ab
535 3220 861 3288 Hieronymo
893 3219 1267 3283 Alexandrino,
1305 3220 1394 3272 sed
1431 3220 1625 3269 nullius
1661 3218 1830 3285 pretii,
1869 3235 1977 3267 me-

268 3326 497 3369 moratae
533 3318 780 3385 epistolae
815 3317 879 3370 ad
909 3318 1188 3368 familiares
1214 3318 1449 3384 poeticae,
1480 3327 1527 3365 et
1555 3331 1713 3381 prosa
1739 3313 1973 3379 scriptae,

1388 3541 1414 3551 ,κ
