2158 3750
326 289 349 333 ί
360 287 386 332 6
396 289 424 332 6
715 283 754 331 C
761 278 1067 334 OMMENT
1070 279 1180 330 AR.
1219 279 1293 329 IN
1331 280 1616 330 TIBULLI

324 429 398 470 bat
439 426 595 470 malum
639 433 683 468 et
723 425 990 477 occultabat,
1033 431 1164 479 atque
1209 425 1268 467 ita
1311 423 1442 467 tacito
1484 423 1634 466 dolore
1674 423 2017 466 consumebatur.

326 510 415 553 Sed
445 509 642 552 Tibullus
670 507 980 561 animadvertit,
1010 513 1060 550 ut
1093 513 1186 551 erat
1217 508 1380 563 peritus
1413 506 1562 548 talium
1593 517 1762 557 rerum,
1812 510 1858 547 et
1887 506 2018 546 mise-

327 598 443 634 ratus
483 603 594 635 nnnc
635 591 676 632 id
713 591 804 644 agit
842 582 902 632 ut
929 596 1151 633 succurrat
1181 603 1316 647 puero
1348 589 1538 641 dilecto,
1579 587 1623 629 in
1653 599 1740 641 quo
1778 584 2019 640 opitulandi

326 674 467 716 studio
499 674 643 714 unitas
682 673 851 726 elegiae
892 677 1112 726 versatur,
1159 679 1349 716 ceterum
1387 672 1515 714 simul
1546 670 1682 714 ironia
1723 669 1807 712 leni
1847 669 2019 723 conspi-

327 769 460 809 cuae,
508 757 622 811 quod
659 758 834 800 meritas
871 771 1038 814 poenas
1076 758 1244 801 ferebat
1286 769 1407 814 puer.
1467 755 1657 800 Pholoes
1687 767 1844 797 nomen
1873 754 2020 794 fictum

326 842 393 879 est
424 843 468 880 et
499 840 715 894 poeticum
751 845 799 883 ut
833 840 948 897 apud
982 841 1163 884 Homvr.
1196 841 1231 895 Ι,
1263 844 1337 883 33.
1370 853 1450 882 nec
1481 837 1756 894 cogitandum
1787 836 1842 879 de
1873 835 2024 878 eadem

325 920 468 974 puella
507 921 714 964 ambobus
754 922 889 976 locis,
935 935 1005 965 res
1042 927 1189 966 autem
1231 923 1332 965 ficta
1372 935 1458 965 non
1490 926 1557 965 est
1586 922 1727 978 plane.
1789 919 2023 970 Videamus

325 1013 438 1043 nunc
469 1003 780 1046 tractationem.
841 1004 891 1046 Iu
922 1004 1163 1047 exordio
1203 1010 1304 1048 ante
1335 1006 1477 1047 omnia
1507 1005 1677 1047 nuntiat
1705 1017 1754 1046 se
1784 1015 1913 1046 nosse
1942 1002 2024 1045 do-

327 1084 442 1125 lores
473 1084 628 1126 tacitos
659 1085 780 1140 pueri
812 1089 858 1127 et
887 1084 1083 1128 hortatur
1111 1099 1209 1129 eum
1241 1100 1295 1129 ne
1326 1087 1566 1130 dissimulet
1596 1087 1782 1139 diutiuS,
1811 1086 2023 1141 siquidem

327 1165 434 1207 deus
465 1165 678 1208 crudelius
707 1170 806 1208 urat
835 1179 944 1220 quos
975 1167 1118 1209 videat
1158 1180 1357 1223 premere
1398 1181 1589 1210 amorem
1628 1169 1855 1223 superbia,
1901 1167 2023 1210 ideo-

327 1258 411 1299 que
442 1246 569 1287 etiam
606 1245 806 1289 Maratho
836 1247 990 1290 fecerit
1021 1252 1069 1290 ut
1098 1247 1287 1291 studium
1318 1248 1482 1291 formae
1523 1250 1618 1291 sine
1659 1261 1864 1291 successu
1894 1248 2026 1291 fuerit

327 1327 442 1382 apud
473 1327 665 1370 Pholoen
697 1327 932 1383 hucusque.
1005 1331 1167 1385 Aperte
1209 1329 1356 1372 fovere
1396 1342 1584 1372 amorem
1626 1329 1787 1372 debent
1816 1329 1891 1383 qui
1921 1329 2028 1372 deos

327 1423 413 1452 non
441 1410 597 1452 invitos
629 1409 786 1453 habere
814 1411 1006 1466 cupiunt,
1046 1415 1090 1471 et
1117 1411 1265 1453 amicis
1296 1411 1475 1454 credere
1506 1423 1658 1454 sensus
1687 1423 1804 1464 suos,
1834 1411 1871 1453 si
1902 1411 2028 1452 auxi-

326 1495 384 1536 lio
416 1495 651 1538 amicorum
681 1508 802 1553 opus.
862 1495 954 1539 Iam
983 1497 1026 1538 iu
1059 1497 1288 1550 reliquo
1334 1497 1585 1538 carmine
1624 1495 1679 1538 de
1708 1495 1901 1538 remedio
1926 1495 2030 1538 mali

326 1578 482 1632 agitur.
544 1581 765 1625 Quaenam
794 1579 928 1634 igitur
958 1580 1141 1636 primum
1173 1581 1298 1634 origo
1329 1579 1428 1623 rei?
1489 1579 1607 1623 Num
1632 1585 1760 1623 cantu
1785 1583 1862 1622 aut
1887 1578 2030 1622 herbis

329 1662 509 1706 devotus
538 1676 669 1719 puer,
716 1668 765 1706 ut
804 1664 973 1718 magica
1012 1669 1105 1706 arte
1146 1664 1287 1706 sanari
1319 1663 1518 1707 debeat?
1578 1664 1783 1717 Minime,
1828 1663 1907 1707 sed
1935 1664 2029 1720 ipse

329 1746 409 1788 sibi
442 1745 690 1802 imprudens
719 1748 932 1789 contraxit
963 1747 1147 1799 malum,
1190 1759 1288 1788 cum
1320 1758 1477 1802 corpus
1509 1746 1680 1801 puellae
1713 1743 2025 1801 pulcherrimae

329 1833 530 1882 tangeret
573 1830 752 1883 aliisque
797 1830 999 1884 nequitiis
1045 1829 1300 1885 periculosis
1340 1828 1600 1883 indulgeret.
1663 1828 1762 1872 Hoc
1806 1833 1872 1871 est
1911 1820 2028 1883 quod

329 1916 552 1966 tantopere
583 1913 741 1954 nocuit.
802 1912 967 1955 Tamen
999 1912 1126 1955 etiam
1157 1918 1204 1954 tu
1238 1925 1376 1966 nunc,
1412 1910 1604 1965 Pholoe,
1635 1924 1690 1954 ne
1720 1924 1834 1966 auge
1867 1912 2027 1955 malum

328 1994 584 2047 asperitate,
630 1993 707 2035 sed
755 1993 886 2036 redde
937 1999 982 2035 te
1030 1993 1256 2036 desideriis
1301 1994 1457 2047 tantis,
1509 1999 1558 2036 ut
1605 1995 1810 2036 tollantur
1856 1993 2028 2037 dolores

331 2076 463 2130 pueri.
525 2074 616 2117 lam
643 2079 772 2129 poeta
803 2074 1008 2128 quidquid
1039 2076 1146 2117 utile
1176 2076 1314 2117 visum
1345 2074 1400 2116 ad
1431 2075 1784 2117 commovendam
1816 2074 2024 2129 Pholoen,

329 2159 370 2200 in
402 2157 587 2200 medium
620 2159 775 2210 affert,
819 2171 915 2200 cum
947 2159 1088 2213 aptius
1119 2159 1262 2212 magui
1298 2158 1398 2200 mali
1428 2158 1663 2200 remedium
1694 2162 1901 2214 appareat
1930 2160 2026 2202 nul-

328 2240 426 2281 lum.
490 2239 703 2281 Dividitur
733 2244 875 2282 autem
906 2240 969 2283 sic
1000 2239 1184 2282 hortatio
1222 2238 1327 2282 haec
1357 2241 1540 2296 puellae.
1601 2241 1794 2284 Primum
1826 2242 2026 2286 iuventu-

326 2327 411 2363 tem
446 2322 567 2376 pueri
600 2321 639 2364 ei
674 2321 943 2364 commendat
980 2326 1025 2364 et
1065 2322 1175 2364 levia
1207 2334 1284 2363 ora
1322 2325 1368 2363 et
1401 2321 1610 2364 tumidum
1650 2335 1807 2378 corpus
1838 2328 1883 2366 et
1912 2326 2023 2367 mol-

327 2404 383 2446 lia
415 2409 615 2459 pectora,
662 2418 882 2460 opponens
915 2404 1069 2459 frigida
1110 2405 1299 2447 membra
1330 2406 1426 2448 cani
1456 2406 1685 2460 amatoris,
1725 2412 1957 2463 monetque
1987 2411 2027 2452 si

326 2488 610 2543 absumpserit
648 2492 834 2530 aetatem
865 2489 907 2529 in
942 2487 1065 2531 huius
1104 2488 1398 2544 amplexibus,
1448 2494 1722 2532 senectutem
1755 2490 1922 2533 tristem
1955 2490 2026 2533 fu-

323 2579 490 2625 turam3
542 2585 627 2614 non
668 2572 873 2614 iuvabunt
916 2573 1080 2628 lapides
1122 2586 1404 2627 gemmaeque
1446 2572 1655 2626 donatae,
1701 2586 1782 2616 nec
1823 2578 2029 2630 poterunt

325 2655 517 2697 revocari
548 2655 679 2696 etiam
711 2654 905 2707 diligenti
935 2655 1079 2698 studio
1114 2655 1279 2698 formae
1309 2657 1451 2700 dulcia
1486 2656 1644 2711 gaudia
1673 2658 1831 2700 amoris
1867 2659 2026 2701 amissa

322 2737 471 2778 semel.
539 2735 706 2778 Deinde
749 2737 892 2791 pergit
933 2737 987 2778 ad
1029 2736 1146 2778 aliud
1189 2741 1234 2779 et
1280 2738 1471 2780 secundo
1514 2739 1613 2781 loco
1655 2741 1854 2793 querelas
1903 2742 2023 2797 pueri

321 2821 488 2870 narrat,
531 2830 636 2871 quas
667 2798 936 2859 ille'absenti
964 2822 1131 2859 amatae
1162 2816 1278 2860 dicat
1308 2819 1534 2862 lacrimans
1565 2822 1771 2864 solitariis
1803 2820 1942 2876 horis,
1985 2824 2021 2866 si

321 2900 384 2944 his
415 2901 601 2956 cognitis
632 2900 771 2954 frangi
803 2900 960 2942 duritia
1001 2901 1191 2943 mulieris
1234 2903 1383 2957 possit.
1456 2892 1686 2948 Postremo
1728 2918 1776 2948 se
1817 2916 2024 2950 revocans

320 2996 583 3038 puerumque
615 2983 669 3024 ab
696 2982 760 3024 his
791 2981 1101 3025 hortationibus
1130 2985 1344 3030 exitum
1376 2985 1570 3041 imponit,
1603 2987 1871 3042 praedicens,
1901 2988 2018 3042 quod

320 3079 449 3108 unum
478 3065 695 3117 restabat,
744 3076 906 3118 poenas
936 3063 1139 3116 deorum,
1182 3065 1262 3106 nisi
1293 3064 1462 3108 desinat
1493 3079 1590 3109 esse
1619 3068 1820 3123 superba.
1883 3068 2018 3111 Vides

318 3146 613 3199 gradationem
636 3158 808 3188 suavem
832 3159 989 3191 rerum.
1049 3148 1222 3197 Pellicit
1250 3148 1577 3205 pulchritudinis
1597 3155 1835 3194 monstrato
1862 3150 2016 3203 fructu,

318 3228 491 3269 flectere
535 3227 681 3271 studet
724 3228 911 3282 querelis
953 3227 1130 3272 formosi
1160 3230 1282 3285 pueri
1326 3231 1596 3286 lacrimisque
1627 3231 1838 3285 narratis,
1881 3240 2017 3276 terret

315 3310 497 3364 denique
527 3311 651 3353 minis
680 3324 928 3366 poenarum.
991 3314 1132 3368 Atque
1165 3313 1223 3355 ita
1254 3313 1337 3357 rite
1361 3313 1599 3358 absolvitur
1627 3326 1778 3356 cursus
1803 3314 2015 3364 carmiuiS,

314 3395 520 3449 siquidem
563 3397 629 3440 vel
674 3395 798 3440 cedet
843 3398 985 3452 puella
1026 3398 1091 3441 vel
1136 3410 1297 3455 poenas
1331 3399 1420 3442 luet
1462 3398 1717 3454 superbiae,
1768 3403 1815 3440 ut
1852 3400 2013 3441 utrovis
