2086 3756
868 203 1176 256 TIBULLI.
1674 218 1874 250 cxxxm

178 339 479 411 Opponitur
532 346 618 397 hic
675 343 964 397 secundum
1022 342 1280 396 distichon
1338 339 1508 408 primo
1559 349 1611 391 et
1661 339 1872 389 tertium

176 450 393 506 quarto,
448 450 499 492 et
546 438 858 491 describitur
902 441 982 492 vis
1029 456 1178 506 sagae
1222 455 1320 505 per
1367 452 1558 503 supera
1607 443 1659 485 et
1703 431 1877 482 infera

172 534 288 586 loca
327 535 594 602 pertinens
641 532 847 584 duobus
885 534 1102 600 paribus
1141 533 1482 585 distichorum
1523 530 1621 593 sic,
1671 537 1733 578 ut
1766 524 1876 593 pri-

174 647 318 679 mum
345 645 564 695 superae
596 638 647 680 et
672 627 872 678 inferae
904 645 989 678 res
1019 638 1416 695 componantur,
1451 612 1638 676 deinde
1664 622 1876 674 inverso

176 721 357 771 ordine
385 723 586 772 inferae
616 731 668 772 et
694 737 931 788 superae.
1002 717 1149 782 Quae
1179 719 1459 771 admodum
1491 718 1664 770 suavis
1692 718 1880 767 forma.

173 816 466 866 Memoravi
498 817 641 867 hunc
675 816 851 867 locum
885 816 991 866 iam
1025 832 1209 881 supra,
1247 832 1367 864 cum
1401 812 1465 863 de
1503 812 1877 879 compositione

174 905 580 975 descriptionum
626 907 770 977 apud
812 910 1086 962 Tibullum
1127 908 1370 960 dicerem.
1452 905 1556 957 Sed
1603 923 1744 956 nunc
1785 906 1881 956 ob-

173 1020 322 1055 serva
359 1004 513 1054 etiam
547 1005 605 1054 in
640 1005 768 1073 ipsis
803 1003 1035 1056 distichis
1064 1014 1262 1074 quanta
1298 1003 1364 1053 sit
1399 1000 1718 1052 concinnitas
1749 998 1881 1051 divi-

171 1096 399 1147 sionum.
450 1093 672 1166 'Nempe
718 1100 936 1168 propria
982 1100 1084 1150 fuit
1117 1099 1330 1171 Tibullo
1369 1097 1498 1146 haec
1545 1095 1623 1146 vis
1669 1093 1880 1160 ingenii,

171 1202 231 1241 ut
281 1191 478 1260 ubique
529 1210 586 1245 se
638 1194 688 1246 ei
738 1193 1020 1246 divisiones
1069 1191 1251 1244 rerum
1304 1191 1511 1254 facile3‚
1577 1186 1882 1240 commodae

173 1286 428 1336 offerrent
453 1297 506 1337 et
532 1288 670 1338 hanc
692 1289 919 1340 formam
941 1290 1193 1357 pleraque
1228 1286 1403 1338 omnia
1430 1286 1711 1347 haberent,
1747 1300 1881 1352 quae

173 1379 447 1445 cogitaret,
490 1380 634 1432 unde
671 1383 865 1434 factum
902 1392 962 1434 ut
1006 1382 1266 1450 exquisita
1299 1381 1498 1448 pariter
1534 1397 1592 1429 ac
1628 1377 1882 1444 simplicia

171 1474 225 1523 in
262 1475 363 1525 hoc
396 1492 585 1541 genere
619 1475 915 1528 felicissime
953 1486 1225 1540 tractaret,
1270 1472 1715 1543 quemadmodum
1750 1471 1884 1523 nihil

174 1578 251 1619 est
301 1570 402 1621 hoc
455 1570 574 1621 loco
630 1569 688 1620 in
743 1569 838 1623 tali
894 1588 1082 1636 genere
1139 1569 1529 1637 compositionis
1583 1567 1882 1635 perfectius.

171 1660 320 1713 Adde
354 1680 496 1714 nunc
528 1662 672 1733 quod
699 1664 760 1714 in
788 1664 1114 1715 antecedenti
1144 1665 1308 1732 capite
1346 1665 1541 1715 formas
1578 1661 1891 1728 descriptio«

172 1773 327 1821 num,
362 1759 555 1826 quibus
588 1759 784 1810 referta
808 1759 1010 1810 Tibulli
1042 1759 1217 1827 poesis
1254 1769 1330 1810 est
1341 1796 1356 1822 ,
1397 1757 1464 1808 ad
1498 1755 1882 1808 distinctionem

173 1862 467 1903 accuratam
500 1854 734 1920 partium
769 1854 1068 1907 notavimus
1102 1853 1277 1905 redire
1315 1870 1522 1916 omnes,
1566 1850 1699 1902 adde
1738 1849 1884 1918 quod

172 1946 448 1998 universae
485 1949 676 2014 elegiae
705 1949 1036 2000 Tibullianae
1073 1959 1388 1999 structuram
1421 1948 1521 1997 hac
1555 1946 1750 1998 virtute
1788 1945 1886 1994 niti

171 2038 427 2094 vidimus:
480 2043 674 2094 senties
709 2061 870 2094 unam
908 2043 1234 2113 eandemque
1255 2026 1468 2108 ‘ingenii
1508 2040 1739 2109 artisque
1777 2039 1884 2090 vim

171 2136 446 2201 propriam
477 2147 784 2202 regnantem
819 2139 878 2188 in
912 2138 1140 2189 minimis
1178 2148 1231 2189 et
1268 2137 1511 2188 maximis
1551 2133 1887 2202 compositio-

173 2228 331 2279 nibus
364 2230 523 2282 huius
557 2247 799 2297 poeseos.
883 2233 1058 2299 Atque
1094 2233 1225 2284 haec
1262 2231 1463 2295 obiter3
1515 2232 1637 2282 satis
1673 2228 1786 2279 dixi
1821 2227 1884 2278 de

174 2321 446 2375 divisionis
499 2325 736 2375 artificio,
770 2349 845 2363 --
929 2324 1083 2375 Addo
1134 2323 1364 2392 denique
1414 2322 1558 2374 aliud
1605 2322 1889 2373 consimile.

174 2414 419 2468 Vidimus
451 2427 511 2468 ut
542 2416 889 2470 divisionibus
924 2429 976 2469 et
1005 2417 1129 2469 inde
1163 2429 1279 2468 orta
1313 2418 1646 2486 oppositione
1677 2417 1890 2467 exsistat

174 2527 401 2564 nervosa
438 2511 696 2581 quaedam
730 2513 1050 2563 concinnitas
1082 2515 1469 2577 membrorum3
1509 2511 1720 2564 exsistet
1755 2526 1883 2562 vero

175 2604 355 2659 eadem
392 2608 548 2657 etiam
583 2607 696 2658 aliis
733 2608 1156 2675 oppositionibus
1191 2609 1579 2672 membrorum,
1626 2605 1885 2674 siquidem

173 2717 283 2752 non
316 2702 375 2751 in
409 2702 533 2753 solis
569 2699 914 2754 divisionibus
950 2712 1136 2767 regnat
1168 2703 1448 2768 multiplex
1483 2704 1563 2753 vis
1599 2701 1888 2768 oppositio-

174 2797 285 2858 nis,
324 2794 417 2846 sed
452 2797 608 2846 etiam
641 2795 710 2846 in⁴
736 2792 849 2848 aliis
885 2797 1070 2848 formis
1107 2797 1359 2848 orationis
1398 2795 1470 2847 sic
1506 2796 1631 2862 fingi
1666 2807 1887 2862 possunt

176 2890 487 2954 sententiae,
524 2899 585 2940 ut
620 2907 873 2942 nervosae
907 2901 958 2942 et
993 2891 1281 2943 concinnae
1320 2891 1679 2957 oppositiones
1710 2890 1886 2940 orian-

174 2996 280 3036 tur.
349 2984 487 3037 Vide
523 2986 792 3052 exempla:

323 3102 548 3154 Ferreus
586 3104 674 3154 ille
707 3102 836 3169 fuit,
886 3105 1005 3172 qui,
1054 3115 1098 3155 te
1137 3121 1253 3156 cum
1292 3112 1468 3171 posset
1504 3103 1725 3165 habere,

394 3200 644 3251 Maluerit
675 3198 890 3266 praedas
925 3201 1115 3250 stultus
1155 3209 1205 3250 et
1241 3216 1386 3250 arma
1423 3199 1587 3266 sequi.

972 3318 1087 3328 ——--
