2158 3750
316 294 381 338 98
703 284 1169 342 COMMENTAR.
1209 289 1284 344 IN
1323 285 1611 346 TIBULL'I

324 443 378 486 ad
410 441 543 499 Sopli.
575 442 641 485 Αἰ.
676 457 715 497 ρ.
736 443 839 486 294.
860 467 918 474 -
949 455 1042 487 are
1058 445 1139 488 nti
1168 446 1294 500 siti,
1325 446 1379 492 cf.
1405 447 1543 493 Vme.
1569 450 1733 504 Georg.
1756 449 1813 505 II,
1837 453 1940 496 353.
1972 456 2018 496 et

323 532 456 574 Ovm.
490 529 670 572 Heroid.
701 528 777 582 IV,
807 531 905 572 144.
930 551 987 563 —
1022 532 1074 574 V.
1097 534 1154 575 43
1186 547 1247 587 sq.
1283 534 1448 589 picea
1480 533 1719 590 ferrugo
1748 542 1848 579 sunt
1877 526 2014 580 nubes

321 619 464 666 atrae,
507 613 660 668 quibus
691 614 858 657 caelum
890 617 1183 670 praetexitur,
1225 618 1425 672 cingitur.
1487 618 1555 661 De
1589 617 1856 678 ferrugine,
1901 620 2018 675 quod

319 700 538 752 nigrorem
569 698 810 752 significat,
851 698 961 741 bene
1003 699 1245 756 disputasse
1277 702 1480 745 Vossmu
1511 701 1568 745 ad
1597 703 1750 758 Virgil.
1781 705 1948 759 Georg.
1979 705 2017 758 I,

317 798 359 838 p.
396 786 496 825 189.
528 786 674 824 monet
704 782 1120 826 thnssnmcmtm.
1152 806 1212 815 --
1261 782 1528 826 admittat
1560 797 1644 827 nou
1676 789 1768 828 est=
1811 785 2014 839 adducat,

316 865 477 919 adigat,
496 863 590 920 'qua
616 866 782 909 ratIone
810 867 968 910 eximie
991 867 1214 922 langueret
1241 871 1555 915 venturam,
1587 867 1664 910 sed
1689 873 1782 911 est:
1812 870 2017 923 concitet,

313 949 542 992 acceleret.
603 947 716 991 Nam
746 948 936 1006 concipit
966 949 1055 992 Iris
1090 964 1260 1008 aquas,
1305 949 1607 1009 alimentaque
1638 949 1830 994 nubibus
1860 950 2015 1008 affert.

314 1031 369 1075 cf.
403 1031 539 1073 Ovm.
570 1031 680 1075 Met.
713 1031 748 1085 I,
779 1034 883 1077 271.
947 1031 1073 1074 Conf.
1108 1033 1234 1075 Voss.
1267 1032 1323 1075 ad
1354 1033 1476 1088 Virg.
1510 1034 1677 1089 Georg.
1707 1034 1744 1087 I,
1774 1037 1878 1077 380.
1938 1035 2016 1079 Sic

313 1115 527 1157 accelerat
570 1119 770 1156 venturas
813 1114 991 1169 pluviaS.
1054 1113 1248 1155 Verbum
1296 1115 1537 1157 Guunmus
1568 1115 1613 1158 in
1653 1116 1917 1173 Paralipom.
1955 1117 2014 1160 nd

309 1198 466 1252 Virgil.
500 1212 541 1252 p.
573 1199 676 1239 575.
709 1195 956 1250 explicavit,
995 1195 1238 1237 SAN'rENIo
1277 1198 1467 1248 notante,
1499 1199 1600 1250 post
1631 1208 1728 1239 eum
1758 1198 2013 1253 Sestiana,

309 1282 544 1334 Hermus„
574 1279 859 1332 Huscmcms,
889 1282 940 1322 ut
970 1278 1161 1335 postulat
1190 1291 1307 1322 usus.
1370 1280 1447 1322 Sic
1469 1280 1606 1324 Ovm.
1630 1281 1771 1326 Amm.
1797 1282 1836 1336 1,
1857 1286 1901 1337 8,
1925 1288 2011 1327 5οε
2055 1279 2057 1282 ⁴

310 1374 364 1408 ut
405 1365 519 1407 celer
560 1363 766 1406 admissis
807 1362 980 1405 labitur
1013 1362 1158 1405 amnis
1199 1362 1332 1421 aquis
1377 1367 1422 1406 et
1450 1363 1559 1406 Met.
1590 1363 1626 1417 I,
1655 1365 1768 1406 532:
1817 1364 2011 1407 admisso

309 1451 514 1510 sequitur
553 1448 748 1508 vestigia
787 1463 972 1508 gressu,
1019 1454 1064 1492 et
1110 1449 1183 1504 qui
1214 1448 1462 1491 notissimus
1491 1461 1620 1502 usus»,
1663 1448 1901 1492 Puornn'r.
1929 1450 2011 1503 ΙΙΙ,

309 1538 381 1588 11,
415 1537 499 1577 64:
546 1532 738 1574 admisso
783 1530 952 1574 Decius
992 1531 1166 1589 proelia
1210 1532 1336 1589 rupit
1379 1547 1503 1591 equo.
1564 1532 1726 1576 Errant
1765 1533 2010 1588 MURETUS,

309 1617 561 1658 Turmssnus
594 1615 773 1658 Advers.
803 1618 878 1668 29,
908 1617 1007 1668 31.,
1039 1615 1269 1667 Vum‘ms,
1313 1615 1387 1669 qui
1411 1614 1680 1670 portendat,
1717 1614 2011 1672 praenuntiet

308 1699 669 1753 interpretantur,
715 1701 917 1740 monente
949 1698 1076 1739 etiam
1108 1696 1316 1741 HssYmo,
1353 1717 1407 1729 -
1458 1697 1728 1742 imbrifer.
1788 1699 1865 1743 Sic
1894 1699 2007 1753 libri,

307 1786 356 1824 ut
387 1782 527 1824 S‘rA'r.
561 1779 699 1822 Theb.
731 1776 812 1832 IX,
843 1780 947 1821 405.
1007 1777 1295 1820 Emendatum
1338 1782 1406 1821 est
1445 1778 1500 1821 ab
1542 1779 1744 1823 Humsro
1782 1778 2007 1839 nimbifer.

305 1865 418 1909 Nam
462 1865 631 1907 laborat
671 1867 869 1905 metrum.
930 1862 1264 1904 Scnmnnnnus
1307 1862 1351 1902 in
1395 1862 1474 1903 Gr.
1520 1860 1619 1904 Lat.
1651 1861 1706 1904 T.
1737 1861 1794 1905 ΙΙ.
1827 1877 1871 1918 p.
1900 1865 2007 1906 749.
2051 1877 2056 1882 ·

305 1954 355 1990 ut
396 1952 515 1991 certa
557 1946 755 2000 exempla
797 1942 1092 1999 productionis
1139 1943 1268 1985 affert
1312 1943 1450 1987 Ovm.
1494 1956 1550 1986 ex
1593 1944 1722 1987 Pont.
1765 1944 1802 1998 I,
1842 1947 1886 1999 3,
1923 1936 2006 1990 74:

311 2029 698 2086 Thessalicamque
739 2027 854 2068 adiit
897 2027 1054 2082 hospes
1094 2026 1293 2069 Achillis
1337 2026 1520 2068 humum
1564 2032 1610 2070 et
1638 2028 1743 2072 ibid.
1773 2028 1811 2082 I,
1842 2031 1885 2083 4,
1917 2032 2005 2074 463

303 2112 383 2154 illo
425 2111 544 2171 quod
571 2109 712 2152 subiit
744 2110 920 2152 Aesone
950 2115 1090 2153 natus
1122 2123 1263 2166 opus,-
1306 2114 1462 2152 notans
1492 2114 1635 2153 tamen
1665 2112 1768 2155 talia
1799 2113 1927 2156 etiam
1959 2113 2005 2157 in

305 2196 565 2240 hexametris
609 2195 781 2250 saepius
823 2193 1034 2249 producta
1076 2192 1192 2247 legi,
1240 2191 1426 2246 denique
1458 2193 1628 2236 AusoN.
1659 2191 1814 2249 Epigr.
1846 2197 1920 2248 73,
1949 2197 2004 2238 4:

294 2283 478 2341 salsum
508 2279 730 2323 convincit
757 2277 878 2320 illico
908 2277 1240 2334 haruspicium,
1289 2278 1405 2332 quod
1435 2278 1574 2321 simile
1604 2283 1780 2332 nostro,
1825 2279 1903 2322 sed
1931 2291 2006 2322 se-

305 2366 430 2408 rioris
461 2364 629 2406 aetatis,
691 2362 857 2405 Tamen
888 2359 1003 2416 apud
1035 2359 1258 2401 Tibullum
1288 2372 1375 2402 non
1407 2359 1652 2403 verisimilis
1681 2361 1782 2404 talis
1816 2361 2004 2415 licentia,

305 2450 386 2492 etsi
417 2450 525 2492 alius
556 2447 797 2491 huiusmodi
827 2456 976 2489 versus
1009 2449 1151 2487 exstat
1183 2443 1293 2487 infra
1322 2444 1381 2498 II,
1411 2447 1454 2498 4,
1487 2448 1560 2489 38.
1592 2466 1651 2478 -—
1689 2446 1746 2490 V.
1777 2447 1852 2489 45.
1893 2447 2000 2491 Vei

304 2535 351 2577 si
383 2534 699 2576 caeruleas.
762 2531 860 2573 Non
894 2531 1078 2573 otiosum
1109 2533 1177 2572 est
1209 2527 1292 2572 hoc
1323 2542 1479 2571 ornans
1505 2527 1743 2585 epitheton,
1777 2528 1853 2571 sed
1876 2529 2005 2573 simul

303 2622 484 2673 propter
524 2616 839 2673 oppositionem
881 2612 1090 2655 additum.
1165 2610 1275 2653 Cum
1308 2611 1422 2654 enim
1451 2615 1552 2653 ante
1583 2610 1637 2652 de
1678 2609 1885 2652 terrestri
1921 2610 2006 2652 iti-

302 2714 405 2741 nere
436 2699 616 2752 dixerit,
647 2711 760 2740 nunc
791 2696 845 2738 de
876 2694 1098 2737 maritimo
1130 2694 1275 2736 dicere
1302 2695 1408 2736 vult.
1439 2716 1496 2724 —-
1528 2694 1716 2749 puppi.
1778 2694 2002 2748 Intelliges

302 2783 535 2837 voluptatis
567 2792 698 2823 causa
720 2782 965 2835 susceptam
995 2777 1311 2831 navigationem
1339 2777 1383 2818 iu
1413 2777 1496 2819 levi
1523 2781 1641 2830 rate,
1680 2776 1754 2819 ubi
1785 2777 1905 2820 littus
1936 2779 2002 2821 le-

303 2865 432 2920 gitur.
464 2889 524 2897 -—
581 2865 636 2908 V.
668 2866 727 2906 47
759 2875 853 2916 sqq.
915 2859 1123 2903 Succedit
1153 2858 1270 2902 aliud
1300 2871 1379 2914 par
1419 2871 1587 2912 rerum,
1630 2872 1741 2914 opus
1783 2857 2002 2901 rusticum

303 2955 347 2992 et
378 2948 572 2991 venatio.
604 2970 662 2977 -—
706 2943 915 2988 Restituit
946 2944 1267 2987 LAcHMANNus
1300 2943 1498 2986 codicum
1540 2941 1769 2984 lectionem
1811 2954 1999 2997 opera,

304 3044 557 3088 comparans
588 3031 726 3074 Vme.
759 3030 924 3083 Georg.
953 3029 990 3082 I,
1019 3031 1120 3071 277.
1151 3028 1210 3081 ΙΙ,
1243 3029 1344 3071 472.
1405 3027 1562 3080 Recte,
1594 3029 1643 3068 ut
1672 3023 1854 3068 videtur.
1914 3024 2000 3068 Est

302 3127 414 3157 nunc
457 3127 590 3170 opera
635 3113 903 3164 subiectum,
952 3115 996 3152 et
1037 3109 1213 3151 variavit
1243 3108 1443 3151 Tibullus
1485 3109 1658 3177 poetice
1704 3108 1998 3150 constructio-

301 3210 414 3239 nem.
444 3220 503 3228 -
545 3197 834 3248 insuetaS,
878 3194 1101 3248 absolute,
1148 3198 1196 3235 ut
1237 3192 1395 3248 passim
1434 3193 1497 3235 fit.
1558 3175 1768 3234 Similiter
1809 3187 1998 3243 nescius,

300 3279 454 3326 rudis,
490 3278 683 3325 inscius,
726 3278 942 3336 ignarus,
985 3277 1041 3320 cf.
1074 3278 1489 3321 thnuumcmtm
1523 3273 1591 3318 hic
1623 3278 1668 3318 et
1698 3274 1754 3317 ad
1785 3274 1818 3327 1,
1848 3277 1892 3327 7,
1923 3278 1996 3318 38.

302 3367 346 3406 et
395 3349 536 3405 Conr.
581 3362 637 3404 ad
679 3362 854 3404 Sallust.
899 3360 1027 3404 Catil.
1059 3363 1132 3413 51,
1175 3363 1250 3404 27.
1293 3384 1353 3393 -
1413 3358 1740 3403 atteruisse
1783 3368 1995 3407 manus,

301 3445 526 3488 conferunt
555 3460 595 3488 v.
630 3459 669 3487 c.
711 3446 888 3487 VALER.
921 3443 1043 3486 MAx.
1075 3443 1153 3496 lv,
1184 3446 1236 3486 5:
1281 3441 1389 3484 illae
1428 3439 1597 3485 rustico
1633 3452 1759 3498 opere
1800 3436 1995 3480 attritae
