2158 3750
740 265 924 320 LIBR.
961 267 1029 320 11.
1100 263 1302 319 ELEG.
1337 267 1379 318 1.
1765 274 1870 319 223

169 412 357 458 sonitus,
419 411 635 458 Hermus
665 411 779 457 latus
810 413 1006 457 textricis
1037 412 1324 468 intelligebat,
1353 411 1469 469 quod
1503 417 1622 457 recte
1651 411 1869 459 damnavit

168 498 372 551 vossms,
402 496 497 554 ipse
526 501 672 542 tamen
698 496 877 554 pectine
906 497 1120 554 recipiens
1150 510 1208 541 ex
1235 497 1504 554 interpolatis
1534 496 1704 542 duobus
1731 499 1867 554 libris,

165 595 253 638 quo
282 595 368 626 non
397 595 522 639 opuS.
582 583 771 626 Secutus
799 586 947 626 tamen
977 587 1045 626 est
1076 583 1296 625 Bicmus.
1356 583 1555 638 Denique
1593 583 1711 639 quod
1745 586 1865 628 soni-

165 670 255 708 tum
286 665 399 708 telae
428 665 608 716 attinet,
652 663 922 707 Huscnxms
963 669 1187 720 comparat
1225 664 1393 708 Etmn’.
1423 665 1566 722 Iphig.
1595 666 1731 712 Taur.
1758 671 1868 713 210.

163 746 314 803 (21.)=
355 742 427 789 Οιῗ
452 741 536 789 τάν
551 741 707 803 ''Aer-sn
734 741 940 796 μέλπουσ’
968 739 1120 804 εἨραν
1152 744 1262 790 Οὐδ’
1290 748 1428 797 ἷστοῖς
1456 751 1500 792 ἓν
1529 748 1868 809 καλλιφθόγγοις

164 829 351 888 Krouleis
386 823 627 875 Παλλάδος
670 823 884 875 Ἀτθίδος
927 822 1025 870 εἶκαὶ
1073 829 1171 870 Καὶ
1222 825 1416 872 Τιτάνων
1466 834 1760 880 ποικίλλουσα.
1806 859 1867 869 —

279 910 337 954 V.
375 913 555 954 67-78.
626 909 771 952 Post
812 908 1168 965 explicatam
1209 911 1416 955 artium
1458 914 1740 969 originem
1778 930 1863 962 se-

161 995 362 1049 quitur
388 992 638 1047 denique
681 993 897 1036 tertius
936 993 1126 1048 locus,
1170 994 1266 1050 qui
1296 999 1389 1038 est
1417 995 1484 1039 de
1515 998 1711 1043 Amore
1740 1002 1863 1044 ruri

158 1079 311 1119 nato.
369 1075 484 1118 Sunt
522 1074 762 1118 suavissimi
802 1072 859 1118 de
900 1071 981 1118 hac
1017 1074 1164 1118 fabula
1205 1089 1355 1120 versus
1383 1077 1428 1120 in
1458 1079 1737 1127 Pnuvmnro
1766 1083 1865 1127 Vn-

157 1169 299 1202 1⁴n311s
331 1169 373 1202 v.
402 1161 488 1202 762
526 1158 633 1215 Ipse
660 1157 807 1200 Amor
830 1169 946 1214 puer
974 1155 1152 1199 Dionae
1181 1173 1286 1202 rure
1314 1166 1455 1203 natus
1484 1160 1666 1207 dicitur.
1726 1165 1866 1206 Hunc

157 1255 292 1300 ager,
338 1255 439 1284 cum
474 1239 736 1298 parturiret
763 1239 892 1298 ipsa,
931 1240 1130 1299 suscepit
1156 1240 1259 1286 sinu
1274 1275 1286 1297 ,
1330 1245 1441 1300 Ipsa
1457 1245 1630 1302 florum
1660 1244 1867 1288 delicatis

156 1323 370 1367 educavit
412 1323 594 1367 osculis.
650 1324 889 1370 Videamus
917 1323 1155 1370 Tibullum.
1183 1349 1243 1358 —
1292 1326 1349 1370 V.
1377 1331 1454 1371 67.
1512 1326 1644 1384 Ipse
1686 1330 1866 1372 inter-

155 1419 265 1462 que
311 1419 532 1462 greges
572 1411 659 1452 etc.
728 1407 833 1452 Vim
871 1408 1047 1451 Amoris
1093 1421 1175 1465 per
1220 1409 1364 1452 omnia
1410 1423 1572 1464 genera
1613 1413 1863 1456 animalium

155 1494 410 1544 regnantem
452 1490 627 1546 saepius
666 1488 916 1534 describunt
958 1495 1142 1534 veteres.
1213 1492 1291 1534 Sic
1320 1493 1550 1536 Sopnocr..
1579 1493 1727 1548 Antig.
1757 1498 1864 1538 785.

152 1577 269 1618 ¹186:
313 1573 468 1629 φοιτᾷς
506 1569 551 1615 δ’
578 1567 861 1632 ὑπερπόντιος
902 1571 946 1615 ἕν
976 1569 1026 1623 ,τ’
1060 1569 1316 1631 ἀγρονόμοις
1355 1570 1526 1621 αὐλαῖς.
1585 1574 1648 1617 Et
1683 1575 1861 1631 Fragm.

151 1658 237 1700 inc.
265 1657 443 1701 XXIII:
487 1657 720 1715 εἶςὲρχεται
755 1657 833 1708 μὲν
862 1651 1034 1710 ἰχθύων
1062 1656 1219 1712 πλωτῷ
1248 1657 1372 1710 γένει.
1431 1655 1567 1698 ἔνεστι
1606 1653 1650 1699 δ’
1679 1659 1723 1700 ἐν
1755 1661 1860 1716 χέρ-

152 1757 232 1785 σου
275 1742 553 1801 τετρασκελετ
590 1742 712 1801 γονῇ.
785 1742 1089 1799 Imprimisque
1118 1741 1394 1802 ‘Emmaus
1438 1742 1669 1799 Hippolyt.
1713 1747 1860 1789 1272:

151 1827 358 1869 Ποτᾶται
394 1827 444 1869 δὲ
484 1835 616 1880 γαῖαν
655 1821 867 1883 εὗάχητόν
894 1822 947 1869 θ’
973 1821 1191 1884 Ἀλμυρὸν
1230 1827 1302 1868 ἐπὶ
1339 1820 1515 1870 πόντον.
1578 1827 1728 1879 Θὲλγει
1758 1822 1802 1868 δ’
1827 1812 1864 1883 ᾧ

150 1911 408 1959 μαινομέναν
437 1910 624 1965 κραδίαν
650 1906 831 1958 Πτανὸς
859 1906 1081 1969 ἓφορμάσῃ
1102 1941 1114 1962 ,
1146 1906 1401 1969 χρυσοφαής
1429 1906 1583 1961 φύσιν,
1615 1906 1861 1968 Ὀρεσκῴων

148 1986 394 2043 σκυλάκων,
432 1994 646 2047 πελαγίων
683 1989 736 2036 θ’
763 1987 885 2038 <Ὀσα
923 2011 972 2038 τε
1008 1997 1066 2050 γᾶ
1099 1997 1258 2053 τρέφει.
1319 1994 1434 2038 Hinc
1464 1994 1663 2037 Tibullus
1694 1996 1862 2038 suavis—

147 2073 258 2116 sima
294 2075 470 2118 fictione
509 2088 612 2119 rure
655 2080 806 2120 natum
846 2075 976 2119 deum
1017 2077 1203 2132 primum
1246 2077 1291 2120 in
1325 2088 1485 2133 pecore
1515 2075 1691 2131 figendo
1722 2082 1859 2119 artem

148 2156 384 2212 sagittandi
424 2159 699 2213 exercuisse,
745 2157 903 2203 deinde
942 2159 1108 2203 maiora
1146 2172 1402 2215 aggressum
1444 2158 1638 2202 homines
1679 2159 1857 2202 domare

67 2230 71 2233 ’
147 2241 347 2297 coepisse
375 2246 538 2285 narrat.
566 2265 623 2275 --
667 2232 986 2286 indom'itas
1023 2243 1180 2286 inter
1209 2255 1398 2298 equas.
1456 2241 1575 2286 Infra
1605 2242 1664 2297 11,
1694 2245 1738 2296 4,
1769 2246 1857 2287 57:

146 2320 376 2366 indomitis
403 2319 618 2381 gregibus
646 2324 798 2367 Venus
827 2321 965 2379 afflat
994 2338 1182 2366 amores.
1223 2325 1360 2369 Ratio
1390 2325 1477 2368 loci
1505 2326 1610 2368 satis
1640 2325 1772 2369 docet
1800 2325 1858 2369 ad

150 2402 374 2447 libidinem
421 2415 628 2458 equarum
682 2403 897 2460 insignem
949 2409 996 2447 et
1047 2403 1299 2448 indomitam
1347 2407 1566 2462 pertinere
1613 2404 1853 2463 epitheton,

146 2469 278 2543 quam
306 2489 446 2533 vm.
478 2489 645 2543 Georg.
672 2487 755 2542 111,
782 2491 886 2532 266.
918 2487 1147 2532 describm
1189 2487 1370 2531 scilicet
1400 2497 1510 2532 ante
1539 2505 1686 2533 omnes
1707 2490 1854 2549 furor

146 2578 218 2613 est
245 2569 438 2629 insignis
468 2584 710 2629 equarum,
737 2575 783 2614 et
810 2582 923 2626 quae
952 2574 1205 2625 sequuntur.
1267 2572 1411 2627 Atque
1441 2572 1503 2616 ita
1531 2572 1617 2617 iam
1647 2574 1855 2618 Vunpms

147 2654 374 2698 intellexit.
435 2652 518 2697 Est
549 2654 685 2709 igitur
724 2652 947 2711 epitheton
980 2667 1036 2697 ex
1078 2667 1230 2699 eorum
1261 2668 1449 2710 genere,
1499 2670 1612 2713 quae
1641 2664 1856 2715 perpetua

145 2735 354 2790 dicimus,
401 2736 577 2780 minime
607 2741 753 2781 tamen
784 2736 853 2781 hic
890 2738 1092 2782 otiosum.
1153 2739 1298 2795 Saepe
1328 2740 1440 2783 enim
1471 2753 1629 2785 moneo
1659 2743 1853 2798 vigorem

146 2818 354 2862 orationis
382 2819 541 2862 eximie
570 2819 765 2864 adiuvari
793 2825 840 2864 et
871 2821 1024 2877 augeri
1055 2823 1403 2879 oppositionibus
1433 2824 1652 2879 nervosis,
1695 2827 1853 2882 quibus

146 2914 218 2944 res
249 2905 295 2944 et
324 2914 490 2956 genera
531 2914 679 2947 rerum
723 2904 1018 2958 significanter
1058 2906 1403 2962 distinguantur3
1450 2912 1582 2963 atque
1620 2908 1683 2951 ita
1725 2909 1854 2953 etiam

147 2983 217 3027 hic
246 2985 411 3027 illatum
452 2984 496 3027 in
526 2985 658 3028 tertio
699 2986 894 3032 membro
934 2989 1157 3045 proprium
1200 3003 1406 3044 equarum
1448 2988 1669 3046 epitheton
1712 2989 1855 3036 denuo

147 3068 279 3124 erigit
308 3068 395 3111 vim
436 3069 671 3124 orationis,
711 3083 824 3127 quae
865 3073 946 3116 nisi
985 3073 1109 3116 novis
1149 3074 1331 3117 subinde
1367 3074 1671 3118 additamentis
1709 3079 1855 3130 aucta,

145 3152 190 3194 in
232 3151 557 3194 enumeratione
600 3163 746 3196 rerum
786 3152 916 3197 facile
956 3153 1184 3199 decrescit.
1255 3155 1372 3199 Hinc
1415 3161 1483 3199 est
1523 3156 1641 3211 quod
1684 3157 1857 3213 placent

146 3234 264 3278 talia.
288 3257 349 3265 -
401 3235 455 3278 V.
487 3237 548 3277 72
576 3247 670 3290 sqq.
728 3234 993 3279 audaces.
1053 3237 1165 3281 Cum
1207 3236 1474 3292 gradatione.
1537 3239 1680 3292 Atque
1726 3239 1857 3281 etiam

147 3315 334 3358 virorum
364 3315 587 3361 audaciam
619 3316 780 3360 domat.
811 3339 870 3349 —
912 3316 1174 3362 detraxit
1203 3331 1367 3375 opes;
1399 3331 1540 3374 neque
1569 3320 1682 3363 enim
1714 3322 1858 3376 parcit

146 3396 199 3441 iis
241 3398 407 3443 invenis
452 3413 601 3445 amore
643 3404 808 3456 captus.
885 3401 962 3446 Sic
1002 3408 1263 3447 evanescunt
1306 3411 1536 3458 antequam
1578 3404 1748 3447 sentiat.
1798 3424 1858 3435 --
