2158 3750
631 271 814 324 LIBR.
851 273 919 324 ΙΙ.
990 272 1190 326 ELEG.
1224 273 1294 325 V.
1706 281 1811 326 299

115 417 175 457 ita
219 416 447 462 manifesto
475 418 678 474 languida
708 420 905 464 iunctura
948 423 1017 463 est
1054 419 1306 463 ultimorum
1333 416 1563 462 verborum
1595 421 1640 462 et
1669 417 1812 462 ieiuna

110 500 379 552 epexegesis.
442 501 591 547 Quare
619 502 775 545 melior
815 502 985 546 videtur
1023 502 1163 545 altera
1191 501 1481 558 interpunctio
1511 501 1809 546 Laeuinum>

111 579 306 634 probata,
338 584 461 626 cuius
491 582 599 627 haec
627 585 768 627 ratio=
799 586 909 626 Cum
936 584 1110 627 saucius
1141 584 1224 627 iam
1255 588 1394 627 totum
1426 597 1582 628 aunum
1613 584 1736 628 iaceo
1766 589 1814 628 et

109 662 252 706 nutrio
282 665 506 719 morbum,
540 681 639 708 cum
669 666 861 710 delectat
885 667 980 723 ipse
1010 666 1136 710 dolor
1167 667 1304 722 (quae
1334 668 1467 711 verba
1496 673 1602 724 puta
1632 667 1812 725 empha-

110 747 239 790 ticam
281 750 582 806 repetitionem
623 754 850 806 protaseos
880 750 1034 805 esse),
1076 750 1136 792 nil
1168 751 1249 793 nisi
1280 750 1502 795 Nemesim
1544 753 1692 807 cogito
1732 766 1815 797 nec

109 843 281 874 versum
313 845 487 888 possum
517 832 662 876 facere
690 833 784 876 sine
814 846 881 876 ea.
958 833 1084 876 Haec
1115 834 1383 876 constructio
1412 836 1636 877 nervosior
1664 839 1710 877 et
1738 835 1815 877 fir-

110 913 220 955 mior
261 916 567 958 sententiarum
607 916 821 958 iunctura.
882 915 981 959 Nec
1022 929 1134 972 opus
1174 917 1347 959 videtur
1386 917 1635 961 coniectura
1677 918 1814 961 auda-

109 995 226 1038 ciore
256 1003 351 1037 tam
380 1009 447 1052 pr.
479 1011 602 1044 cum,
648 998 687 1040 si
727 995 812 1041 hoc
840 998 972 1041 colon
1000 998 1164 1054 accipis
1194 1002 1243 1040 ut
1272 997 1471 1042 indicavi.
1534 999 1677 1054 Atque
1708 998 1815 1043 haec

110 1074 329 1122 hactenus.
367 1101 429 1110 —
476 1079 707 1122 Postremo
749 1077 806 1122 de
848 1079 987 1122 forma
1034 1080 1168 1122 totius
1213 1080 1348 1135 partis
1394 1081 1596 1122 nonnulla
1641 1093 1815 1124 moneo.

108 1157 177 1198 Ab
222 1159 495 1215 oppositione
536 1160 814 1204 adversarum
856 1173 1001 1204 rerum
1046 1174 1073 1204 a
1119 1161 1300 1215 Sibyllis
1347 1163 1450 1205 olim
1494 1163 1815 1219 praedictarum

110 1242 263 1284 transit
303 1242 361 1285 ad
400 1242 531 1286 fausti
572 1245 672 1287 anni
710 1244 963 1288 felicitatem
1005 1244 1359 1299 describendam,
1405 1258 1534 1300 quam
1578 1250 1818 1301 auguratur

108 1321 310 1367 futuram.
374 1326 500 1372 Quae
526 1325 762 1385 descriptio
792 1329 996 1385 bipartita
1026 1343 1106 1386 per
1135 1329 1461 1385 gradationem3
1496 1343 1594 1372 nam
1625 1330 1811 1386 primum

111 1405 167 1449 de
206 1412 417 1463 proventu
449 1422 659 1467 prospero
689 1411 790 1454 anui
825 1411 945 1466 dicit,
976 1411 1132 1455 deinde
1162 1411 1218 1455 de
1249 1412 1419 1467 gaudiis
1450 1412 1658 1456 festorum
1690 1424 1818 1454 rura—

112 1490 232 1534 lium.
303 1491 418 1536 Vide
461 1505 576 1537 nunc
616 1495 748 1537 etiam
790 1493 942 1538 horum
986 1496 1181 1538 locorum
1222 1494 1396 1537 formas.
1468 1494 1520 1537 In
1563 1494 1703 1550 primo
1750 1496 1819 1535 est

110 1586 221 1616 nova
252 1574 451 1628 gradatio
480 1576 718 1632 tripartita:
759 1577 935 1633 ponitur
965 1577 1078 1620 enim
1107 1575 1281 1631 frugum
1312 1576 1515 1629 ubertas,
1547 1574 1718 1631 pecoris
1749 1573 1818 1616 fe-

113 1666 234 1713 tura,
280 1665 571 1706 matronarum
613 1661 872 1705 fecunditas.
934 1662 1058 1704 Alter
1100 1661 1145 1704 in
1185 1659 1477 1718 descriptione
1517 1660 1618 1703 festi
1660 1659 1816 1703 ruralis

113 1744 266 1786 transit
296 1744 351 1787 ad
381 1746 542 1788 amoris
581 1745 778 1787 iuvenilis
806 1725 1023 1787 licentiam
1063 1742 1294 1797 rixasque,
1341 1743 1582 1784 admiscens
1613 1742 1675 1784 sic
1710 1753 1817 1784 con-

116 1826 324 1870 rivalibus
353 1828 524 1883 gaudiis
553 1828 726 1873 dolores
756 1829 915 1872 amoris
941 1834 1276 1885 temperansque
1305 1827 1487 1870 alterum
1520 1828 1675 1870 altero.
1735 1828 1818 1869 At-

114 1911 186 1963 qui
230 1909 299 1954 hic
340 1917 560 1968 postremo
595 1913 725 1956 etiam
756 1925 931 1955 suorum
968 1911 1166 1954 dolorum
1208 1909 1490 1963 recordatur,
1537 1913 1587 1952 ut
1631 1922 1657 1950 a
1699 1909 1819 1952 nullo

111 1993 202 2035 fere
234 1995 425 2038 carmine
451 1994 576 2037 abest
606 1994 871 2050 querimonia
902 1999 1072 2050 poetae.

235 2077 288 2119 V.
337 2076 528 2120 lla-ad
570 2078 716 2120 finem.
789 2073 1013 2118 Exitus.
1091 2074 1168 2117 De
1227 2073 1536 2130 triumphis
1595 2070 1820 2116 futuris

113 2160 445 2213 Messalini,
490 2156 631 2215 quos
673 2158 955 2202 similiter
994 2157 1300 2202 celebrare
1343 2160 1506 2215 cupit
1547 2158 1696 2202 olim.

231 2241 286 2285 V.
318 2245 406 2284 113
435 2255 529 2296 sqq.
591 2242 661 2284 At
691 2247 762 2284 tu.
825 2242 953 2284 Amat
983 2238 1094 2284 hanc
1126 2242 1378 2296 particulam
1411 2243 1453 2284 in
1486 2243 1631 2296 exitu,
1682 2243 1819 2286 veluti

111 2322 148 2376 1,
180 2326 225 2376 2,
256 2326 331 2367 89.
374 2326 420 2378 3,
448 2327 522 2367 83.
598 2325 709 2368 Cum
754 2326 890 2367 Amor
932 2325 1132 2368 Nemesis
1176 2326 1292 2368 vires
1336 2325 1501 2368 Tibulli
1546 2326 1818 2380 infringeret,

115 2417 321 2461 perquam
352 2411 454 2462 apta
484 2411 552 2448 est
581 2403 688 2449 haec
718 2405 993 2462 apostrophe.
1030 2429 1082 2438 —
1126 2419 1324 2463 parce,
1364 2421 1419 2451 ne
1451 2413 1607 2463 torque
1639 2409 1817 2451 nimium

115 2487 275 2531 duritia
303 2494 348 2532 et
379 2489 597 2545 superbia.
627 2512 686 2519 —
730 2501 846 2531 nam
889 2488 1076 2531 divum
1119 2493 1320 2533 servat
1350 2494 1435 2534 etc.
1496 2491 1615 2533 Satis
1646 2495 1818 2533 constat

115 2572 171 2615 de
203 2574 279 2615 tali
312 2586 395 2616 usu
430 2572 738 2629 parentheseos
773 2572 827 2616 ad
870 2574 1043 2616 causani
1085 2573 1454 2629 praemittendam.
1502 2597 1562 2605 -
1612 2574 1823 2630 oppida

114 2657 297 2711 victa,
337 2656 538 2698 usitatius
567 2663 727 2711 capta,
774 2660 823 2697 ut
851 2656 1091 2698 Pnorssu‘r.
1120 2654 1200 2708 ΙΙΙ,
1230 2657 1275 2708 4,
1312 2658 1382 2698 16.
1426 2655 1502 2698 ubi
1532 2655 1630 2699 vide
1662 2657 1818 2699 Bumr.

117 2738 323 2781 Ceterum
352 2743 521 2781 constat
553 2737 834 2794 oppidorum,
865 2738 1100 2790 montium,
1140 2738 1366 2792 regionum
1399 2739 1609 2794 imagines
1640 2739 1817 2783 ferculis

114 2823 340 2879 impositas
382 2823 669 2879 praecessisse
698 2836 869 2867 currum
901 2822 1227 2880 triumphalem,
1270 2823 1326 2867 cf.
1358 2825 1496 2868 Ovm.
1529 2827 1623 2868 Art.
1654 2827 1749 2869 Am.
1782 2827 1823 2882 1,

115 2911 203 2950 21⁴1
236 2920 329 2961 sqq.
360 2930 421 2939 —
468 2907 629 2949 lauro
672 2904 978 2949 devinctus
1023 2907 1262 2960 agresti.
1324 2907 1628 2963 Decerpebant
1657 2909 1815 2951 milites

118 2988 451 3045 triumphantem
493 2989 684 3033 secuturi
729 3002 870 3032 ramos
911 3004 936 3034 e
979 2991 1124 3044 lauro,
1172 3003 1247 3034 eos
1280 3004 1405 3032 manu
1438 2992 1647 3045 gerebant
1676 2992 1816 3048 iisque

118 3072 286 3127 galeam
318 3071 540 3115 ornabant.
602 3070 731 3117 Quod
770 3071 948 3114 Fsss'rus
978 3072 1216 3115 Portemus
1253 3072 1413 3115 factum
1445 3073 1573 3127 dicit,
1616 3078 1665 3115 ut
1695 3075 1819 3129 quasi

122 3155 294 3209 purgati
326 3167 351 3196 a
382 3152 517 3196 caede
548 3152 697 3195 urbem
729 3152 950 3196 intrarent.
982 3176 1043 3186 —-
1088 3153 1185 3197 det
1225 3157 1569 3211 spectacula
1614 3156 1822 3200 turbae

123 3235 191 3279 Et
223 3237 485 3292 plaudat,
516 3235 736 3293 plaudens.
768 3260 827 3269 —
869 3238 953 3280 sic
983 3237 1093 3282 tibi
1122 3239 1264 3293 sint,
1295 3239 1350 3282 cf.
1382 3239 1498 3293 adl,
1528 3242 1570 3293 4,
1602 3243 1640 3284 1.

686 3385 1257 3408 *υ
