2158 3750
360 251 464 300 402
730 248 1199 302 COMMENTAR.
1237 251 1313 302 IN
1351 252 1640 305 TIBULLI

359 407 437 436 nos
469 392 590 436 redit.
653 391 752 433 Non
782 391 917 445 igitur
945 390 1002 433 ad
1031 391 1206 434 verbum
1236 394 1450 447 expressit
1480 399 1609 450 poeta
1636 393 1874 438 Homnmm
1898 396 2055 451 Odyss.

358 479 443 530 XI,
479 481 560 519 15:
605 471 706 516 οὐδὲ
736 472 832 516 ποτ’
861 471 1021 522 αὐτούς
1050 472 1222 524 Ἠέλιος
1253 480 1429 526 φαέθων
1463 480 1778 536 καταδέρκεται
1808 476 2058 531 ιῖκτίνεσσιν,

356 559 464 603 Οὐδ’
504 556 625 601 ὁπότ’
663 554 715 600 ἂν
757 564 952 616 στείχῃσι
994 556 1114 617 πρὸς’
1150 557 1331 617 οὐρανόν
1373 559 1648 619 ἀστερόεντα,
1704 560 1813 606 Οὐδ’
1844 558 1950 606 ὅταν
1992 559 2055 616 ἷὶψ

356 647 423 686 ἐπὶ
462 654 592 696 γαῖαν
633 639 708 684 ἄπ’
741 639 979 700 οὐρανόθεν
1016 640 1346 701 προτράπηται,
1389 646 1492 688 licet
1525 651 1625 689 ante
1660 649 1808 690 oculos
1839 647 2053 702 habuerit,

355 727 431 768 sed
475 728 580 768 alias
625 728 850 782 opiniones
891 733 1065 771 secutus
1108 734 1187 771 est.
1274 729 1542 772 Habitabant
1587 736 1731 774 autem
1774 733 1816 774 iu
1861 738 2054 775 extrema

354 816 494 853 terrae
532 824 606 853 ora
638 812 882 865 Cimmerii,
926 817 974 855 ut
1005 815 1074 855 vel
1111 816 1285 870 superni
1322 816 1388 856 vel
1428 814 1582 857 inferni
1619 817 1722 858 solis
1755 817 1914 859 lumine
1948 817 2053 859 tacti

352 896 556 944 fuissent,
616 897 695 937 nisi
739 896 899 939 densae
943 898 1125 940 nebulae
1167 899 1218 940 iis
1260 899 1579 953 incubuissent,
1636 898 1823 941 nebulae
1864 900 2052 959 caligine

351 978 539 1024 mixtae,
581 983 629 1020 ut
659 979 854 1022 Ovmms
888 981 997 1022 Met.
1021 981 1100 1033 XI,
1127 985 1230 1023 595.
1266 981 1383 1023 dicit.
1447 983 1593 1027 Quare
1625 983 1854 1038 expeditus
1883 983 2053 1026 videtur

349 1062 483 1103 locus.
574 1062 729 1104 Vossu
770 1063 998 1104 lectionem
1046 1061 1299 1114 „candente
1346 1061 1437 1103 dies
1477 1064 1694 1118 apparuit
1735 1066 1922 1117 aestu,“
1966 1078 2051 1107 non

347 1143 574 1199 probabis,
618 1145 777 1200 quippe
817 1157 900 1185 non
933 1156 1018 1185 una
1050 1142 1103 1184 de
1140 1155 1268 1185 causa
1302 1142 1610 1196 damnandam,
1651 1145 1728 1186 sed
1760 1145 1865 1186 illud
1905 1146 2050 1200 potius

346 1227 538 1279 tenebis,
582 1227 840 1268 candentem
871 1235 1019 1268 ortum
1052 1227 1138 1268 diei
1180 1228 1354 1283 proprie
1388 1227 1471 1269 dici
1502 1228 1712 1269 Romanis
1751 1228 1856 1269 solis
1891 1233 2046 1270 ortum.

346 1310 422 1352 Sic
461 1310 655 1351 Ovmms
698 1309 802 1352 dicit
843 1310 953 1354 Met.
991 1309 1078 1363 VI,
1116 1312 1199 1352 49:
1254 1310 1316 1351 Ut
1357 1308 1471 1351 solet
1509 1313 1591 1351 αέι·
1631 1312 1897 1366 Purpureus
1923 1309 2048 1365 fieri,

345 1408 443 1434 cum
479 1393 672 1448 primum
702 1393 888 1435 Aurora
927 1401 1150 1440 movetur,
1196 1395 1259 1434 Et
1292 1392 1416 1434 breve
1450 1401 1551 1450 post
1587 1401 1760 1451 tempus
1791 1394 2049 1436 candescere

309 1516 315 1519 .
342 1474 450 1517 solis
483 1473 539 1515 ab
570 1483 690 1516 ortu.
752 1476 907 1518 Differt
938 1474 1156 1516 albescere
1187 1480 1232 1517 et
1263 1473 1416 1517 albens
1447 1474 1635 1522 coelum,
1679 1475 1795 1530 quod
1827 1476 1881 1518 de
1910 1475 2046 1531 prima

343 1559 441 1600 luce
482 1564 547 1601 est
589 1563 688 1600 ante
730 1561 956 1601 Auroram.
988 1581 1046 1588 —
1107 1558 1160 1600 V.
1182 1561 1240 1599 68
1270 1571 1335 1612 sq.
1383 1558 1589 1611 Magna
1631 1557 1792 1600 deum
1836 1558 2045 1614 proleS,

341 1640 457 1682 θεῶν
497 1636 694 1696 ἓρικύδεα
739 1643 867 1681 τέκνα
901 1641 1072 1682 Onrss.
1105 1639 1194 1692 Xl,
1226 1643 1328 1683 631.
1390 1641 1606 1683 HssYmus
1637 1646 1871 1697 comparat.
1931 1642 2044 1683 Sunt

340 1720 506 1764 heroes.
569 1723 707 1764 Porro
738 1722 964 1764 levibus
995 1721 1357 1764 discurreret
1384 1723 1597 1765 umbris
1628 1723 1788 1766 dictum
1814 1729 1863 1766 ut
1891 1725 2041 1777 „ince-

340 1803 445 1845 dere
487 1803 625 1846 forma
667 1802 896 1845 bumana.“
967 1804 1079 1845 Sunt
1119 1804 1230 1845 enim
1278 1804 1359 1859 ipsi
1391 1803 1544 1848 heroes
1573 1820 1683 1849 nunc
1715 1808 1818 1850 levis
1849 1807 2042 1860 umbrae,

339 1893 387 1930 ut
417 1888 525 1931 vidit
554 1889 893 1940 PAssrmA'rms,
935 1900 1123 1941 ususque
1159 1893 1227 1929 est
1262 1893 1388 1942 poeta
1422 1890 1665 1944 locutione,
1710 1906 1875 1948 magna
1909 1890 2038 1932 deum

334 1971 503 2027 proles,
560 1969 685 2012 liuius
729 1969 864 2025 ipsius
907 1970 1191 2024 oppositionis
1233 1983 1376 2012 causa.
1459 1971 1724 2014 Discurrere
1767 1977 1833 2016 est
1877 1986 2034 2026 errare,

336 2054 484 2106 vagari
516 2065 593 2107 per
623 2052 798 2094 Orcum.
860 2050 973 2093 Nam
1003 2052 1066 2093 sic
1097 2051 1202 2093 alias
1233 2051 1399 2108 vagari
1428 2054 1626 2107 ponitur,
1656 2058 1704 2096 ut
1734 2055 1870 2098 Ovm.
1899 2055 2032 2098 Trist.

333 2135 421 2187 ΙΙΙ,
454 2137 506 2187 3,
537 2136 609 2176 63.
670 2132 779 2175 Met.
807 2131 912 2184 VII,
943 2135 1071 2184 611„
1117 2138 1161 2175 et
1193 2133 1352 2175 Graeci
1384 2130 1581 2175 ἀλᾶσθαι
1611 2136 1757 2178 dicunt
1787 2137 1841 2180 de
1872 2138 2035 2180 umbris

334 2221 378 2263 in
412 2221 555 2272 Orco,
588 2232 628 2262 v.
649 2232 687 2260 c.
717 2218 951 2261 Aesona.
977 2216 1204 2259 Eumenid.
1234 2230 1273 2259 v.
1291 2220 1363 2259 98.
1423 2217 1555 2261 Errat
1584 2225 1727 2263 autem
1757 2221 2034 2266 vehementer

331 2302 601 2345 Huscnxms
650 2298 910 2340 discurrerit
957 2299 1178 2351 scribens3
1240 2298 1395 2341 vidit
1438 2301 1645 2352 aoristum
1691 2316 1788 2348 esse
1833 2306 1903 2348 cui
1948 2319 2034 2349 non

329 2383 501 2438 liquet?
534 2405 592 2413 -
666 2382 720 2426 V.
750 2386 808 2424 70
838 2395 930 2436 sqq.
987 2383 1144 2426 inter
1189 2384 1452 2437 geminae
1497 2386 1758 2430 confinia
1811 2391 2032 2444 mortis,

331 2468 444 2509 inter
485 2467 675 2519 Scyllam
723 2470 768 2508 et
815 2465 1088 2520 Charybdin,
1144 2472 1400 2522 nantem,
1456 2471 1742 2526 navigantem.
1784 2509 1792 2519 .
1834 2473 2032 2517 Imitatur

333 2549 595 2591 CLAUDIAN.
625 2548 785 2602 XLIV,
818 2554 891 2591 70.
934 2556 1110 2594 notante
1158 2553 1320 2595 Vossm
1361 2558 1405 2595 et
1448 2555 1838 2599 memzmcmo.
1922 2558 2032 2602 Cum

328 2632 554 2674 Hommms
586 2634 743 2687 Odyss.
774 2635 883 2688 Xll,
914 2639 971 2677 73
1004 2650 1096 2691 sqq.
1137 2637 1244 2679 duos
1285 2640 1486 2694 scopulos
1526 2648 1757 2695 memoret,
1799 2655 1879 2698 per
1919 2656 2027 2698 quos

326 2717 632 2758 transeundum
683 2722 798 2760 esset
844 2719 1019 2773 Ulyssi,
1081 2720 1347 2764 Huscnxms
1391 2723 1646 2767 lectionem:
1704 2724 1822 2767 inter
1863 2726 2028 2783 gemini

327 2797 520 2853 confinia
548 2799 709 2841 montis
740 2802 967 2856 praetulit,
1009 2815 1094 2844 non
1121 2804 1309 2846 sentiens
1341 2811 1501 2858 quanto
1531 2807 1604 2849 illa
1633 2807 1690 2850 sit
1717 2806 1947 2863 pulchrior.
1966 2831 2026 2840 —-

325 2883 563 2936 Scyllae
603 2885 870 2940 impetus,
914 2886 1060 2938 Scylla
1092 2887 1295 2942 impetum
1331 2890 1494 2933 faciens
1522 2891 1566 2934 in
1597 2893 1740 2935 soclus
1770 2906 1901 2936 saevo
1933 2907 2023 2948 ore,

326 2980 508 3020 quorum
537 2981 617 3011 sex
647 2969 847 3025 abripuit.
909 2969 991 3012 Est
1023 2985 1124 3014 vero
1155 2987 1325 3017 saevo
1348 2976 1454 3019 'ore
1492 2977 1716 3021 collective
1747 2978 1932 3033 dictum,
1975 2985 2023 3023 ut

322 3062 451 3104 supra
492 3050 539 3103 1,
579 3053 636 3104 3,
665 3055 752 3094 71:
812 3054 922 3092 Tum
964 3053 1090 3111 niger
1134 3054 1181 3096 in
1224 3064 1360 3112 porta
1401 3067 1654 3114 serpentum
1698 3059 1907 3103 Cerberus
1949 3076 2022 3104 ore

318 3130 518 3179 Stridet,
567 3146 664 3176 nam
707 3140 829 3177 erant
869 3137 909 3178 ei
949 3136 989 3183 ἓξ
1032 3138 1175 3196 δειραὶ
1214 3138 1476 3198 περιμήκεες.
1510 3165 1570 3175 —-
1637 3143 1746 3188 Mox
1789 3149 2019 3189 construe:

320 3211 448 3256 Cum
490 3216 732 3259 canibus
771 3217 919 3271 fera,
966 3218 1007 3262 h.
1035 3235 1073 3266 e.
1107 3224 1230 3266 collis
1268 3229 1312 3267 et
1350 3225 1544 3268 saucibus
1585 3227 1725 3268 saevis
1764 3238 1916 3270 canum
1950 3228 2020 3270 in·—

317 3298 506 3348 structa,
535 3304 801 3353 serperet
832 3300 987 3343 inter
1017 3303 1206 3348 undas.
1274 3307 1409 3349 Unice
1439 3320 1587 3350 rerum
1619 3313 1685 3351 est
1704 3307 1831 3366 fera.
1892 3309 2018 3355 Hom.

312 3375 472 3430 Odyss.
495 3375 596 3432 XII,
620 3383 676 3422 79
702 3393 818 3436 sqq.:
863 3382 949 3438 Τῆς
981 3380 1023 3426 ‹5’
1051 3381 1147 3440 ἤτοι
1177 3382 1305 3435 πόδες
1336 3390 1415 3431 εἶσὶ
1445 3385 1643 3431 δυώδεκα
1673 3386 1828 3437 πάντες
1859 3387 2009 3448 ἄωροι,

2131 2579 2147 2690 ,ἐρισι
2138 2538 2141 2553 —
2123 2247 2152 2518 ‘av-*Wv‘
2142 2223 2143 2227 „

2107 3683 2136 3750 {53⁶
