2158 3750
308 279 372 322 32
706 267 1171 323 COMMENTAR.
1208 271 1284 322 IN
1322 271 1609 322 TIBULLI

307 428 386 469 pro
418 414 566 457 Deliae
594 426 687 455 usu.
751 412 957 456 Profecto
989 413 1202 457 concedes
1239 427 1349 456 nunc
1384 415 1558 456 ultimos
1587 416 1783 458 stimulos
1810 415 2006 458 admotos

307 503 350 540 et
400 497 722 539 blandissimum
766 496 1056 551 persuasionis
1098 509 1263 551 genus;
1322 496 1453 538 talem
1506 497 1618 538 enim
1658 510 1850 540 amorem
1894 509 2006 551 quae

306 581 474 634 viderit,
509 584 584 622 aut
608 579 780 621 omuino
816 591 902 621 non
938 579 1059 622 audit
1087 584 1132 623 te
1160 586 1235 623 aut
1267 594 1380 623 nunc
1409 580 1568 623 audiet.
1631 582 1772 636 Atque
1799 582 1861 624 ita
1887 587 2007 637 patet

306 663 501 718 perfecta
538 662 678 704 unitas
716 662 1053 717 compositionis,
1113 664 1368 706 Dominatur
1402 677 1480 718 per
1515 663 1659 706 omnia
1693 663 1850 706 ardens
1883 664 2009 719 cupi-

304 748 416 789 ditas
447 746 680 802 potiundae
706 746 902 801 puellae,
929 759 1056 800 quam
1090 747 1395 803 impedimenta
1429 748 1560 790 etiam
1588 728 1826 800 auxerunt,
1857 753 2009 801 estque

303 829 410 873 haec
440 831 588 873 intima
615 830 678 872 vis
695 819 930 884 'carminis3
960 830 1058 873 hinc
1084 832 1307 887 persuasio
1338 829 1440 872 nihil
1466 831 1723 874 intentatum
1749 831 2009 886 relinquens,

306 914 403 957 hinc
438 915 562 968 vigor
593 914 842 969 praeclarus
875 914 1106 957 affectuum
1146 915 1309 969 ubique
1341 927 1552 969 regnans,
1595 928 1682 970 quo
1719 913 1828 958 haec
1866 915 2008 970 elegia

302 998 490 1040 maxime
517 995 696 1051 insignis
729 1000 807 1038 est.
870 995 1174 1050 Maximopere
1205 997 1319 1039 enim
1355 1002 1468 1040 errat
1499 998 1687 1042 Vossius
1715 995 1785 1040 hic
1822 1002 1872 1041 ut
1902 998 2010 1042 alias

303 1081 464 1123 docens
501 1092 587 1121 non
618 1079 678 1120 ita
710 1077 825 1120 serio
861 1078 979 1130 loqui
1018 1055 1216 1133 poetam,
1259 1078 1375 1132 quod
1407 1083 1474 1122 est
1509 1084 1704 1134 apertam
1721 1082 1903 1123 „temere
1930 1092 2009 1123 ne-

303 1175 409 1216 gare
448 1161 675 1203 veritatem
714 1159 976 1210 affectuum,
1020 1171 1147 1211 quam
1194 1159 1334 1201 oratio
1372 1163 1466 1201 tota
1509 1161 1810 1217 ἀει-πομπαὶ,
1849 1162 2009 1205 Restat

301 1250 353 1288 ut
379 1245 434 1287 de
462 1243 622 1285 exitu
649 1243 856 1286 dicamus.
919 1242 1069 1285 Omnis
1091 1242 1231 1296 elegia
1247 1242 1494 1288 'I'ibuiliana
1519 1242 2012 1298 quassatusue-tran-

304 1327 558 1381 quillitatem
590 1326 958 1380 qualemcunque,
998 1331 1130 1381 atque
1169 1325 1238 1370 bic
1273 1325 1426 1380 ardor,
1457 1326 1500 1369 hi
1536 1327 1901 1373 dolon-esemona
1923 1330 2009 1376 :rel

304 1410 511 1465 imprimis
552 1409 785 1452 lenimenta
818 1413 870 1453 ,et
905 1408 1062 1450 solatia
1106 1407 1425 1458 desiderabant.
1496 1407 1730 1463 Quomodo
1749 1407 2009 1465 „hocnunc

303 1492 505 1534 effectum
538 1491 640 1533 est?
699 1490 882 1534 Factum
912 1503 1042 1545 saepe
1077 1496 1181 1546 puta
1218 1495 1266 1533 ut
1301 1495 1627 1555 amanoesgante
1659 1492 1809 1542 ianuas
1844 1492 2008 1548 puelia-‚-

302 1586 396 1616 rum
437 1574 588 1616 flentes
628 1572 874 1615 riderentur
907 1585 933 1614 a
967 1572 1366 1628 praetereuntibus,
1409 1541 1676 1627 quai-§mum
1718 1572 1800 1619 hoc
1837 1586 2009 1622 carmen

301 1656 720 1712 παρακλαυσίθτρον
751 1656 831 1708 sit,
880 1654 980 1698 inde
1020 1655 1145 1698 duxit
1189 1655 1332 1697 exitus
1375 1655 1555 1699 formam
1599 1656 1833 1713 aptissime.
1908 1654 2011 1711 „Tu

305 1738 377 1791 qui
413 1738 530 1780 rides
570 1739 684 1780 mala
720 1744 892 1791 nostra,
924 1743 1103 1791 caveto,
1144 1738 1233 1792 ait;
1274 1753 1360 1782 non
1401 1740 1474 1781 uni
1512 1741 1676 1783 saeviet
1714 1753 1852 1796 usque
1887 1741 2008 1800 deus.

2129 1148 2158 1176 .“;ἱ“

2139 1173 2158 1198 ν(

2136 1201 2158 1357 ¹⁴

2136 1371 2158 1396 ’.Δ

2146 1403 2158 1426 ’,“

301 1822 442 1865 Nemo
473 1825 620 1878 potest
654 1821 850 1876 effugere
889 1822 975 1864 vim
1009 1821 1299 1877 amorisyqui
1333 1823 1509 1864 iuvenes
1541 1836 1638 1866 eam
1673 1828 2006 1878 contemserunt,
2088 1859 2093 1866 .

300 1919 433 1960 saepe
461 1905 504 1948 in
535 1909 760 1949 senectute
790 1905 960 1947 ridiculi
993 1905 1096 1949 sacti
1131 1910 1243 1949 sunt.
1303 1905 1406 1960 Ego
1441 1919 1539 1948 cum
1569 1919 1654 1949 non
1690 1905 2008 1951 obfirma-verim

300 1987 486 2029 animum
525 1985 733 2029 adversus
769 1987 952 2030 Veneris
983 1987 1230 2039 servitium,
1264 1987 1366 2029 dato
1406 1987 1488 2029 dea
1523 2001 1774 2038 successum
1797 1993 2008 2038 ‚imorum

301 2069 531 2112 merenti-‘⁶
590 2068 726 2112 Vides
764 2075 937 2124 poetam
980 2082 1206 2113 aerumnas
1246 2083 1348 2114 suas
1390 2070 1733 2119 consideratione
1767 2048 2009 2125 communis.

300 2154 376 2196 fati
407 2153 582 2196 humani
612 2154 851 2206 consolari,
882 2159 1081 2197 eventum
1119 2167 1221 2197 vero
1249 2158 1446 2197 votorum
1473 2155 1774 2206 commendare
1801 2157 2009 2211 aequitati

300 2239 482 2282 divinae.
543 2238 604 2280 Et
631 2251 744 2280 nunc
774 2237 946 2282 demum
977 2238 1100 2282 adest
1125 2240 1220 2282 finis
1243 2240 1440 2295 poeticus
1470 2245 1515 2283 et
1546 2241 1767 2296 legitimus
1792 2242 2008 2290 carminis.

301 2326 447 2370 Quare
483 2323 586 2378 quid
624 2327 724 2379 post
759 2321 865 2365 haec
898 2322 952 2364 de
988 2323 1155 2365 Voss1o
1190 2322 1332 2376 dices,
1361 2323 1436 2377 qui
1467 2337 1567 2368 cum
1590 2324 1689 2383 ipse
1719 2331 2008 2383 poenesaet,

300 2406 442 2448 denuo
481 2406 637 2448 misere
678 2404 853 2446 dlvuisit
895 2404 1102 2460 optImam
1142 2405 1527 2460 compositionem,
1559 2409 1701 2463 &quasi
1738 2413 1859 2454 recte
1892 2411 2019 2456 finiri-

301 2491 438 2545 possit
462 2491 548 2531 tale
577 2501 749 2531 carmen
780 2500 915 2530 verss.
949 2492 1020 2531 65.
1041 2492 1132 2542 66„
1163 2494 1208 2532 et
1238 2502 1350 2544 quae
1379 2494 1620 2546 semuntnr
1647 2491 1831 2547 reliqua,
1857 2504 2008 2541 revera

299 2574 517 2627 integrum
549 2572 634 2614 sint
664 2569 943 2627 poematium.

921 2887 1372 2944 EXPLICATIO.

419 3070 471 3112 V.
502 3073 624 3114 1-14.
685 3071 1017 3120 Exordium.
1082 3078 1372 3122 Exclusus
1417 3083 1590 3135 poeta
1635 3077 1876 3136 p'raeter
1917 3093 2008 3125 ex-

299 3157 1024 3208 spectationem.custodia
1056 3175 1082 3204 a
1112 3158 1323 3205 marit‘o
1351 3164 1545 3218 posita
1575 3164 1801 3210 Deliae,
1847 3175 2006 3218 quam

299 3234 470 3279 hodie
503 3240 727 3294 copiam
761 3243 848 3284 sui
890 3243 1175 3289 facturam
1211 3252 1580 3302 speraverat,
1621 3247 1838 3290 frustra
1871 3248 2008 3292 vino

300 3323 611 3376 consopire
640 3324 836 3367 studet
869 3327 1166 3380 ingentem
1200 3329 1456 3373 dolorem
1486 3334 1540 3372 et
1571 3331 1779 3373 iterum
1817 3331 2007 3385 preci·-

302 3403 402 3446 bns
440 3407 782 3461 aggreditur
815 3408 1049 3453 ianuam.
