2158 3750
313 266 411 311 100
511 255 864 312 COLLATIO
909 253 1268 308 EDITIONIS
1313 254 1814 339 PINELLIANAE4

310 420 338 451 a
376 399 672 452 doctissimo
710 398 963 448 BARmmo
1012 397 1237 460 oblataS,
1289 396 1434 447 cuius
1477 397 1658 448 merita
1702 393 1902 463 egregia
1939 392 2002 445 de

308 495 521 546 historia
556 492 804 543 litteraria
843 492 1041 541 Tibulli
1086 502 1282 541 norunt
1325 489 1463 543 docti
1503 508 1570 540 ex
1605 491 1862 540 Huscnxn
1897 487 2006 539 edi-

308 589 446 637 tione
490 598 540 637 et
576 585 942 636 SUPPLEMENTO
982 595 1179 635 nostro.
1250 584 1386 635 Nam
1424 585 1580 634 huius
1617 584 1871 650 praeclari
1905 581 2008 635 viri

307 697 430 728 cura
480 677 755 747 studioque
806 678 996 728 eximio
1047 677 1337 746 disquisitio
1385 676 1448 727 de
1497 677 1813 728 editionibus
1860 675 2007 742 prin-

307 773 508 839 cipibus
544 773 742 824 Tibulli
777 770 843 821 ad
877 771 1135 840 liquidum
1170 771 1421 839 perducta
1459 782 1536 822 est
1572 782 1726 839 atque
1761 771 2009 838 perfecta.

306 866 410 917 Sed
456 884 611 934 pergo
652 884 867 917 narrare
915 878 1100 918 cetera.
1172 867 1482 934 Exemplum
1523 867 1731 916 Pmssm
1778 876 2009 932 emptum

306 979 426 1011 ann.
472 966 624 1012 1789.
669 979 787 1012 cum
833 962 1013 1011 ceteris
1069 961 1224 1011 huius
1270 962 1371 1012 viri
1422 961 1571 1012 libris
1611 971 1662 1011 et
1710 962 1760 1010 in
1801 960 2009 1009 Britan-

305 1055 445 1103 niam
485 1055 791 1104 translatum
838 1072 976 1104 nunc
1021 1072 1141 1121 pars
1188 1065 1264 1104 est
1302 1055 1684 1105 ΒΡΕΝΖΕΒῙΑΝΑΕ
1727 1053 2009 1105 bibliothe-

306 1164 422 1211 cae3
467 1147 556 1197 sed
596 1147 737 1197 aliud
775 1147 1007 1197 eiusdem
1045 1147 1286 1198 editionis
1325 1150 1620 1214 exemplum
1657 1149 1726 1199 V.
1758 1148 1830 1198 D.
1864 1147 2009 1196 BAR-

302 1258 466 1290 mmus
518 1259 686 1307 nuper
730 1251 923 1291 emerat
967 1241 1174 1307 publice
1222 1258 1386 1291 mens.
1426 1240 1570 1307 Sept.
1619 1259 1741 1291 ann.
1780 1241 1934 1291 1834.
1979 1258 2009 1289 a

306 1335 516 1385 libraria
564 1335 904 1385 Metzleriana
940 1332 1264 1400 Stutgardiae
1309 1352 1428 1385 cum
1479 1335 1591 1385 aliis
1631 1335 1780 1386 libris
1824 1333 2007 1387 vendi-

304 1441 443 1492 tum,
495 1428 652 1496 idque
706 1429 930 1479 excussit
986 1428 1274 1494 diligenter.
1371 1430 1542 1498 Atque
1592 1431 1726 1480 hanc
1776 1429 2008 1480 collatio-

305 1541 424 1573 nem
472 1541 610 1573 nunc
661 1524 1099 1574 communicamus
1151 1542 1268 1574 cum
1317 1525 1538 1588 lectore,
1604 1535 1664 1574 ut
1711 1525 1814 1573 iam
1864 1525 2009 1573 nulla

304 1616 588 1668 editionum
628 1628 875 1684 quattuor
908 1618 1205 1684 principum
1242 1629 1400 1668 restet
1434 1619 1711 1683 incognita.
1783 1619 2009 1685 Impres-

303 1729 390 1762 sus
439 1722 550 1761 erat
596 1713 793 1763 Tomus
841 1712 1042 1778 primus
1091 1723 1142 1762 et
1191 1713 1417 1762 maxima
1466 1731 1588 1779 pars
1639 1712 1853 1765 secundi
1898 1712 2008 1763 edi-

303 1805 460 1855 tionis
500 1816 736 1867 nostrae‚
783 1822 897 1854 cum
935 1822 994 1856 ea
1031 1804 1096 1855 ad
1130 1823 1226 1856 nos
1265 1803 1583 1868 deferretur,
1635 1805 1772 1856 unde
1812 1807 1870 1855 in
1903 1805 2006 1856 fine

304 1900 460 1949 huius
497 1900 650 1948 Tomi
691 1900 921 1948 subiecta
961 1911 1050 1950 est.
1122 1900 1495 1966 Apographum
1538 1918 1695 1968 quam
1732 1901 2007 1952 accuratis-

305 1995 431 2043 sime
468 2012 497 2042 a
534 1994 788 2043 BARmmo
828 1995 1021 2043 factum
1057 2004 1133 2043 est
1171 1993 1399 2045 adhibita
1434 1995 1635 2044 ALDINA
1673 2014 1796 2045 ann.
1836 1999 2007 2058 1502„

305 2104 422 2136 cum
464 2087 765 2137 Huscmuus
808 2088 960 2137 etiam
1002 2089 1376 2138 Bartolinianam
1424 2105 1541 2138 cum
1578 2091 1674 2139 hac
1714 2087 2007 2140 exhibuerit

306 2181 562 2231 collatam.
646 2179 1027 2247 Adscripsimus
1066 2182 1222 2246 igitur
1257 2199 1440 2233 ⁴versus
1478 2193 1528 2231 et
1563 2185 1723 2235 verba
1758 2182 2007 2246 Animum,

305 2276 494 2343 quibus
533 2292 664 2340 opus
709 2286 850 2338 erat,
901 2274 1340 2342 quemadmodum
1375 2276 1699 2340 Huscnxms,
1751 2287 1810 2326 ut
1845 2277 2009 2327 lector

304 2369 433 2418 nihil
462 2367 777 2418 desideraret
799 2367 864 2417 ad
893 2369 1348 2435 comparationem.
1417 2370 1823 2421 Praemonemus
1845 2387 2008 2437 porro

303 2463 429 2514 haec
465 2463 521 2511 in
559 2463 860 2514 universum
904 2461 968 2513 de
1002 2465 1291 2514 Pinelliana:
1340 2464 1546 2529 Elegiae
1591 2481 1700 2514 non
1741 2461 2008 2514 distinctae

305 2568 424 2606 sunt
478 2557 709 2606 numeris
760 2558 816 2606 in
862 2558 957 2606 hac
1006 2556 1248 2608 editione.
1334 2559 1488 2609 Initio
1541 2558 1821 2623 elegiarum
1866 2559 2009 2607 abest

303 2651 472 2717 prima
508 2652 695 2703 littera.
769 2651 1036 2716 Scriptura
1070 2650 1225 2701 valde
1261 2651 1536 2715 mendosa3
1574 2670 1631 2701 ac
1664 2653 1830 2702 tribus
1862 2651 2007 2718 prio-

302 2746 449 2795 ribus
510 2745 683 2810 elegiis
743 2746 871 2797 vitia
906 2746 1109 2795 >omnia
1165 2755 1344 2795 notata
1401 2756 1521 2794 sunt
1576 2746 1633 2795 in
1687 2747 2007 2812 apographo,

303 2849 485 2904 postea
526 2856 653 2890 vero
690 2839 915 2888 maxima
960 2839 1162 2890 omissa.
1246 2837 1420 2889 Editio
1457 2857 1564 2891 non
1599 2840 1757 2890 habet
1792 2857 2008 2903 comma,

305 2931 397 2983 sed.
422 2944 700 3003 punctum,
744 2934 896 2983 colon
931 2929 1008 3000 (z),
1047 2944 1095 2982 et
1118 2933 1536 2997 interrogationis
1567 2934 1786 2998 signum.
1853 2933 2007 2998 Legi-

302 3038 391 3078 tur
426 3044 630 3093 semper
663 3036 916 3093 tempiare,
952 3025 1196 3092 sedicem,
1237 3029 1454 3090 obscula,
1500 3046 1697 3090 scaeva,
1743 3046 1908 3090 neera,
1959 3039 2009 3078 et

306 3138 441 3189 quae
479 3130 600 3170 sunt
631 3121 748 3169 alia.
819 3119 1006 3187 Neque
1035 3131 1208 3170 tamen
1238 3121 1339 3171 sibi
1373 3132 1571 3172 constat
1599 3122 1795 3188 ubique
1827 3122 2007 3171 ortho-

304 3215 520 3281 graphia
562 3215 618 3262 in
657 3213 898 3264 omnibus
935 3217 1136 3277 verbis,
1185 3215 1257 3265 sic
1301 3216 1607 3282 plerumque
1651 3217 1869 3282 lacrymis
1913 3226 2008 3265 etc.

302 3309 517 3374 legitur,
568 3308 725 3359 semel
767 3309 1001 3371 lacrinu's,
1052 3319 1101 3358 et
1137 3326 1318 3375 saepe,
1370 3326 1476 3359 non
1513 3325 1741 3374 semper,
1794 3309 2009 3375 ponitur

2123 822 2158 1338 *mmmmm*
2127 711 2140 812 ⁶*·'
2126 656 2135 694 ’

2134 1959 2154 2023 534⁴oe
2127 1905 2141 1946 7⁸⁷
2127 1882 2140 1898 ιν
2126 1864 2132 1870 '

2137 2614 2144 2626 υ
2137 2550 2142 2562 -
2126 2131 2155 2543 zama—Q&
2135 2027 2155 2118 ἣκει,
