2086 3756
825 217 869 267 T
873 215 1109 267 lBULLI
1117 251 1130 265 .
1669 233 1829 268 Lxxx1

131 360 452 428 compositio.
523 361 642 413 Alio
668 361 785 410 loco
814 361 1081 425 praeclaro
1104 361 1142 422 I,
1161 364 1210 423 3,
1234 361 1420 410 10-50.
1456 359 1640 408 morbo
1675 370 1829 425 poeta

130 454 185 503 in
223 453 452 523 Corcyra
485 455 751 505 laborans*
770 455 1014 519 querelae
1062 454 1170 505 vim
1206 470 1414 505 omnem
1459 453 1700 504 exhaurit
1735 454 1828 503 tri-

130 552 230 600 bus
280 548 715 619 descriptionibus
764 562 862 611 per
916 545 1275 610 gradationem
1325 547 1640 610 coniunctis,
1704 545 1827 597 dum

130 642 356 709 primum
386 659 440 691 se
473 649 691 704 accusat,
727 637 872 707 quod
894 639 1059 690 invito
1083 641 1277 692 Amore
1302 640 1606 705 discesserit,
1641 639 1829 710 deinde

126 735 317 787 Isidem
360 734 509 787 deam
544 735 821 786 salutarem
858 752 887 784 a
923 734 1080 784 Delia
1116 735 1312 786 frustra
1350 738 1565 798 cultam,
1603 735 1830 805 denique

129 831 394 879 saeculum
418 846 666 896 praesens
695 837 867 893 totum
898 829 1047 890 bellis
1081 839 1132 878 et
1165 827 1391 895 praedae
1427 830 1672 883 deditum.
1745 831 1830 882 De
1875 880 1877 883 ,
1931 882 1951 891 „

131 927 504 992 compositione
550 906 877 990 singulorum
924 927 1166 976 locorum
1214 942 1375 991 supra
1419 924 1632 976 dictum.
1727 926 1833 988 Qui

129 1023 399 1071 Tibullum
437 1019 560 1072 artis
603 1022 843 1088 ignarum
885 1031 1096 1088 putant,
1151 1018 1350 1072 discant
1399 1020 1485 1072 vel
1529 1037 1597 1069 ex
1642 1020 1833 1069 talibus

129 1111 276 1182 (nam
311 1115 511 1165 maiora
544 1113 686 1166 infra
719 1111 1052 1183 videbimus),
1093 1125 1342 1182 quantam
1367 1114 1617 1165 iniuriam
1641 1115 1834 1166 faciant

130 1210 327 1275 optimo
373 1220 576 1276 poetae.-
646 1211 888 1273 Ingenium
928 1211 1234 1277 praeclarum
1283 1213 1481 1259 unitates
1526 1228 1684 1260 rerum
1731 1227 1834 1260 vere

123 1312 331 1373 poeticas
366 1306 686 1369 monstrabat,
732 1306 995 1356 accedebat
1029 1324 1114 1356 ars
1146 1323 1238 1355 non
1272 1309 1422 1355 minus
1451 1308 1735 1374 praeclara,
1784 1315 1834 1356 ut

126 1414 305 1471 posset,
347 1405 476 1472 quod
507 1407 766 1466 invenisset,
812 1405 966 1470 eloqui
993 1406 1175 1470 optime.
1248 1400 1353 1451 Sed
1389 1402 1546 1468 pauci
1585 1401 1649 1452 ad
1693 1418 1832 1465 com-

127 1501 441 1566 positionem
475 1480 765 1550 attendunt.
833 1499 1104 1550 Finiamus
1134 1515 1276 1548 nunc
1308 1498 1444 1548 hanc
1473 1496 1536 1547 de
1575 1497 1834 1563 gradatio-

128 1599 208 1647 nis
243 1614 342 1647 usu
370 1593 774 1662 disputationem
804 1594 1152 1663 explicatione
1187 1592 1415 1645 duorum
1444 1595 1682 1645 locorum
1721 1611 1834 1660 my-

126 1695 387 1745 thicorum
426 1692 558 1744 alius
603 1693 828 1758 generis.
905 1693 1116 1743 Primus
1166 1701 1243 1742 est
1277 1691 1351 1755 ΙΙ,
1391 1696 1448 1755 5,
1485 1696 1704 1742 39-62.
1741 1690 1836 1741 ubi

128 1787 330 1856 Sibylla
364 1787 429 1840 de
467 1787 667 1853 origine
708 1799 759 1838 et
800 1787 1155 1854 magnitudine
1203 1789 1382 1839 futura
1418 1789 1618 1840 Romae
1655 1797 1836 1838 narrat

124 1882 249 1934 inde
286 1885 352 1935 ab
386 1886 597 1934 Aeneae
631 1884 756 1949 fuga
792 1901 820 1933 e
857 1885 1043 1946 Troia,
1082 1895 1130 1934 et
1171 1884 1419 1935 continua
1457 1882 1684 1951 quadam
1719 1901 1835 1948 gra-

128 1977 338 2029 datione
385 1979 653 2046 praeclara
692 1976 852 2028 series
890 1978 1161 2029 *visionum
1203 1979 1502 2027 exhibetur.
1589 1974 1836 2027 Ceterum

46 2138 50 2142 ⁴
128 2083 188 2123 ut
223 2073 529 2124 historicum
563 2091 742 2124 rerum
781 2071 1020 2124 ordinem
1059 2084 1230 2125 servat
1269 2074 1458 2138 elegia,
1501 2074 1544 2122 si
1578 2074 1836 2140 poeticam

127 2167 351 2217 formam
388 2167 638 2230 admittit,
672 2169 746 2218 ita
781 2168 1186 2234 geographicum
1214 2169 1452 2218 locorum
1487 2186 1628 2218 nunc
1664 2178 1838 2220 servat

67 2268 72 2271 '
131 2280 272 2314 nunc
317 2273 511 2326 mutat,
557 2273 721 2328 prout
766 2263 866 2312 arti
903 2263 1139 2329 poeticae
1187 2265 1449 2314 convenit.
1526 2263 1751 2326 Conf.I,
1789 2271 1836 2326 7,

135 2363 199 2409 13
230 2374 377 2426 sqq.,
422 2373 586 2424 porro
633 2356 764 2409 ibid.
798 2363 1030 2410 v.9-12
1068 2369 1118 2409 et
1153 2359 1204 2423 Ι,
1231 2364 1285 2423 3,
1321 2365 1405 2409 71.
1490 2360 1604 2410 Hoc
1653 2359 1838 2410 obiter.

129 2453 278 2502 Alter
322 2455 472 2504 locus
522 2454 753 2518 egregius
803 2465 880 2505 est
929 2457 1055 2520 eleg.
1086 2456 1136 2518 Ι,
1177 2462 1224 2517 7,
1262 2459 1329 2504 29
1361 2473 1477 2523 sqq.
1519 2457 1611 2506 ubi
1653 2455 1836 2506 laudes

131 2544 352 2599 Osiridis
382 2565 479 2613 per
513 2547 704 2598 multos
731 2563 916 2598 versus
949 2548 1020 2598 sic
1054 2558 1328 2611 canuntur,
1365 2560 1424 2598 ut
1457 2548 1683 2615 quadam
1714 2568 1838 2601 con-

127 2644 275 2694 tinua
310 2640 613 2708 gradatione
652 2643 716 2692 ab
746 2643 896 2694 initio
928 2641 992 2692 ad
1020 2643 1176 2694 finem
1210 2642 1460 2710 procedat
1492 2647 1676 2696 oratio.
1747 2646 1840 2696 Est

130 2736 281 2788 dator
317 2734 508 2799 Osiris,
549 2737 647 2799 ait,
680 2737 910 2788 laetitiae
947 2749 998 2787 et
1029 2738 1284 2790 felicitatis
1316 2743 1616 2807 praeclarus
1648 2752 1697 2791 et
1724 2742 1835 2807 ipse

130 2835 285 2883 etiam
330 2831 639 2883 laetissimus
688 2830 832 2884 deus.
932 2836 1108 2903 Atque
1161 2834 1368 2887 orditur
1416 2838 1481 2886 ab
1532 2839 1836 2888 inventione

131 2928 379 2981 arationis
413 2927 676 2979 laudanda
708 2940 760 2981 et
788 2942 1019 2981 semente
1051 2949 1109 2982 ac
1141 2949 1422 2998 pomorum
1457 2934 1682 2995 satione,
1718 2936 1836 3001 qui-

130 3026 229 3076 bus
264 3026 423 3076 rebus
462 3025 606 3076 cibus
641 3022 828 3076 melior
852 3022 1088 3076 debetur.
1160 3025 1290 3075 Inde
1333 3026 1396 3076 ad
1433 3029 1644 3086 suavius
1681 3028 1838 3077 meri-

130 3129 242 3170 tum
275 3121 468 3186 pergit,
506 3119 692 3171 vitium
725 3132 1069 3172 monstratam
1107 3139 1285 3172 curam
1325 3132 1374 3186 et
1407 3122 1598 3174 vinum·
1627 3139 1837 3190 expres-

132 3230 276 3277 sum,
324 3214 471 3265 cuius
511 3214 619 3267 vim
655 3214 1033 3266 exhilarantem
1082 3233 1226 3267 nunc
1269 3234 1366 3282 per
1409 3215 1598 3282 gradus
1641 3215 1837 3268 laudat.

78 3357 82 3366 ,
131 3307 400 3358 Postremo
453 3309 883 3380 συναθροισμῷ,
948 3313 1186 3377 congerie
1238 3313 1510 3364 nominum
1559 3315 1839 3380 praeclara,
