2158 3750
694 271 875 323 LlBR.
911 271 953 323 1.
1023 270 1226 324 ELEG.
1261 272 1357 323 lx.
1766 278 1865 323 181

167 428 249 458 neo
286 419 465 472 propter
492 427 570 469 ea,
601 426 713 470 quae
743 414 798 458 ad
828 413 865 468 1,
895 418 939 468 8,
969 417 1042 457 48.
1075 413 1208 457 dicta.
1269 415 1501 458 Postremo
1530 424 1681 466 sensus
1710 413 1866 455 clarus.

165 497 374 551 Magnum
407 511 505 541 cum
536 501 653 540 esset
681 497 845 540 crimen
875 497 1141 552 periurium,
1172 497 1229 539 cf.
1258 496 1314 539 ad
1345 496 1382 550 1,
1411 499 1455 550 3,
1482 499 1588 550 fxi-,3
1614 494 1742 540 dicit:
1777 494 1867 538 fru-

164 585 253 621 stra
288 582 480 622 celantur
519 580 732 636 periuria,
778 580 897 623 venit
937 580 1089 622 Poena
1118 593 1259 634 eaque
1290 581 1512 622 ulciscitur
1552 583 1598 622 et
1637 579 1682 622 in
1724 579 1866 621 lucem

163 661 341 715 profert.
414 663 621 704 Ceterum
671 659 786 703 conf.
831 660 1006 704 Iacens,
1060 659 1118 702 ad
1164 660 1339 704 Antliol.
1385 663 1464 704 Gr.
1523 662 1577 706 V.
1616 661 1676 704 11.
1723 661 1774 704 P.
1807 660 1866 703 11.

164 757 206 796 p.
239 747 342 785 345.
374 767 432 775 —
471 745 526 787 V.
557 747 587 786 5
618 756 685 796 sq.
745 743 1006 796 Parcite,
1046 744 1352 787 caelestes·
1413 743 1601 788 Pulchra
1631 745 1869 788 mobilitate

161 823 368 877 affectus,
398 824 536 878 qualis
569 824 745 879 propria
773 823 978 876 Tibullo,
1006 822 1079 865 vix
1106 824 1279 867 locutus
1311 824 1366 868 de
1396 827 1559 879 Poena,
1590 827 1868 880 miseratione

162 908 353 959 tangitur
381 907 531 960 pueri,
572 919 699 960 quem
731 907 966 949 etiamnum
994 911 1135 960 amat,
1177 913 1222 950 et
1253 908 1512 964 deprecatur
1543 923 1726 966 poenam
1757 910 1869 953 divi-

160 1002 272 1031 nam.
334 991 398 1031 Ac
427 1003 524 1032 cum
556 990 729 1033 omuino
759 1004 916 1045 graves
945 991 1037 1034 irae
1068 1004 1145 1047 per
1175 1004 1353 1034 carmen
1380 992 1647 1048 propositum
1671 995 1867 1046 regnent,

159 1070 288 1112 etiam
332 1076 510 1126 propter
554 1074 677 1128 leges
715 1087 903 1130 poeseos
949 1076 1186 1118 amatoriae
1230 1077 1405 1132 placere
1445 1075 1576 1118 debet
1609 1075 1868 1130 intelligenti

159 1154 311 1196 lectori
352 1155 497 1197 mitior
536 1159 582 1198 et
619 1158 792 1200 mollior
824 1157 896 1202 liic
934 1159 1216 1215 interpositus
1257 1160 1406 1212 locus;
1449 1159 1590 1201 minus
1622 1158 1733 1200 enim
1764 1170 1871 1213 pro-

160 1236 284 1279 bares
326 1237 511 1291 elegiam
553 1242 691 1281 totam
731 1239 914 1293 iratam,
958 1242 1075 1282 nulla
1116 1241 1315 1283 suaviore
1358 1240 1672 1295 significatione
1712 1238 1870 1282 amoris

157 1319 368 1362 immixta.
398 1342 459 1351 —
506 1319 752 1364 Numina
793 1321 1035 1365 laedere
1081 1328 1306 1378 vestra,
1354 1323 1411 1367 cf.
1453 1323 1508 1366 ad
1552 1323 1587 1376 l,
1631 1325 1675 1375 3,
1702 1325 1776 1365 79.
1810 1343 1868 1353 -·-

156 1401 210 1444 V.
245 1406 274 1443 7
303 1415 400 1456 sqq·
474 1403 670 1446 Honesta
715 1407 918 1461 exempla
959 1406 1068 1449 lucri
1110 1408 1237 1463 petiti
1278 1407 1432 1459 affert,
1477 1408 1541 1449 sic
1584 1409 1870 1448 excusaturus

157 1498 352 1540 puerum.
411 1486 559 1540 Atque
597 1492 647 1530 ut
687 1493 804 1531 amat
833 1491 1033 1545 opposita
1064 1491 1236 1546 poesis,
1284 1491 1522 1532 arationem
1553 1494 1598 1531 et
1629 1487 1871 1540 navigatio-

155 1580 254 1610 nem
284 1568 612 1622 coniungitffi—
663 1567 872 1623 habili,
919 1583 1005 1613 non
1037 1576 1104 1614 est
1133 1572 1246 1625 levi,
1296 1585 1408 1626 quae
1438 1569 1696 1625 significatio
1729 1567 1870 1610 aliena

112 1688 113 1691 ,
154 1650 211 1692 ab
241 1649 324 1694 hoc
353 1652 477 1705 loco,
515 1651 594 1695 sed
624 1652 782 1696 idoneo
813 1667 848 1697 s.
881 1655 1000 1709 quod
1030 1662 1179 1712 aptum
1208 1656 1265 1698 sit
1297 1654 1531 1698 vertendae
1564 1657 1707 1695 terrae
1739 1650 1869 1692 lucri-

154 1745 240 1786 que
267 1733 443 1788 paraudi
473 1735 743 1779 consilio.—-
774 1740 968 1780 terrae
1001 1749 1166 1793 opus,
1199 1739 1465 1790 arationem,
1498 1741 1543 1779 et
1575 1739 1745 1789 urget
1777 1738 1868 1775 est:

154 1817 258 1858 totis
299 1817 460 1860 viribus
502 1819 708 1861 incumbit
736 1820 780 1862 in
810 1819 882 1875 id,
928 1826 976 1864 ut
1020 1827 1201 1875 notum,
1248 1821 1302 1864 cl'.
1338 1822 1478 1864 Ovm.
1515 1819 1626 1862 Met.
1658 1817 1737 1870 IV,
1765 1819 1870 1858 390.

154 1899 338 1944 Horum.
370 1902 463 1944 Sat.
493 1902 550 1955 11,
582 1907 626 1956 7,
656 1907 700 1947 6.
742 1904 886 1948 Vme.
915 1906 1024 1948 Aen.
1056 1905 1136 1958 IX,
1168 1907 1273 1949 489.
1307 1928 1365 1936 -
1414 1903 1686 1947 rusticus.
1751 1900 1869 1943 Nota

152 1986 395 2030 subiectum
436 1988 646 2031 ambobus
687 1990 894 2032 membris
927 2002 1159 2032 commune
1188 1990 1233 2032 in
1265 1987 1459 2032 secundo
1490 1988 1777 2037 collocatum,
1824 1988 1872 2024 ut

151 2081 283 2125 supra
322 2069 359 2122 1,
401 2073 446 2123 8,
490 2073 563 2113 62.
625 2071 755 2114 Conf.
795 2073 996 2114 Senum.
1037 2071 1095 2114 ad
1133 2070 1245 2114 Hor.
1285 2070 1427 2126 Epist.
1458 2069 1518 2122 ΙΙ,
1552 2071 1592 2121 1,
1627 2070 1728 2109 169.
1803 2066 1869 2106 De

151 2164 283 2194 causa
311 2153 612 2195 collocationis
652 2166 787 2209 saepe
826 2153 987 2202 monui.
1019 2175 1081 2185 —-
1129 2152 1475 2204 instabiles,
1521 2154 1642 2193 motu
1687 2147 1869 2211 incerto,

151 2233 196 2276 iu
231 2247 381 2278 omnes
412 2240 559 2291 partes
589 2236 877 2291 fluctuantes,
908 2242 958 2280 ut
987 2238 1398 2281 thnssnmcmus
1431 2235 1656 2286 observat,
1693 2244 1869 2284 compa-

152 2329 252 2360 rans
281 2318 420 2360 Ovm.
445 2319 553 2361 Met.
578 2319 635 2371 11,
662 2321 764 2362 164.
826 2319 1037 2362 Similiter
1067 2318 1301 2378 instabiles
1329 2316 1510 2371 cymbae
1540 2317 1679 2360 Vino.
1701 2315 1866 2366 Georg-

151 2401 229 2454 lv,
262 2405 391 2455 195„
432 2399 594 2443 dubiae
636 2409 762 2444 rates
804 2402 944 2446 Ovm.
989 2404 1082 2446 Art.
1123 2404 1221 2445 Am.
1265 2402 1322 2455 ΙΙ,
1354 2403 1458 2444 514.
1529 2398 1758 2442 Adiectum
1801 2403 1868 2439 est

153 2482 375 2539 epitheton
414 2485 470 2527 ad
502 2486 694 2541 pericula
724 2491 770 2528 et
799 2487 1022 2530 molestias
1055 2486 1345 2541 navigationis
1386 2482 1716 2539 significandas,
1761 2494 1868 2536 quas

152 2579 238 2608 non
269 2567 391 2609 timet
421 2572 637 2611 mercator
667 2568 833 2611 lucrum
863 2582 1090 2623 quaerens.
1119 2593 1178 2602 —-
1208 2569 1406 2612 sidera
1437 2571 1624 2619 certa,
1655 2569 1705 2608 ut
1727 2565 1866 2621 ipsum

149 2650 319 2692 caelum
361 2655 589 2703 quaestum
637 2650 843 2694 adiuvare
885 2651 1098 2695 videatur.
1173 2652 1484 2705 Intelliguntur
1532 2661 1637 2692 vero
1681 2647 1868 2690 maxime

149 2743 251 2773 ursa
282 2732 417 2775 maior
446 2737 491 2774 et
522 2733 674 2776 minor.
707 2756 766 2764 —
814 2734 866 2777 V.
903 2736 956 2776 ll
978 2747 1044 2787 sq.
1076 2738 1134 2776 at
1178 2733 1322 2776 deus
1365 2733 1470 2775 illa
1511 2732 1567 2774 in
1615 2731 1869 2773 cinerem

151 2826 383 2856 munera
422 2819 626 2859 vertat.
689 2817 863 2860 Parcite
893 2817 953 2860 dii
986 2831 1148 2874 puer0‚
1194 2830 1327 2872 supra
1358 2815 1552 2871 dixerat,
1597 2818 1643 2856 at
1674 2826 1866 2864 munera,

151 2899 208 2940 ob
239 2913 351 2954 quae
382 2899 512 2942 fidem
542 2900 668 2943 laesit
694 2901 792 2954 iste,
831 2903 951 2945 nullo
982 2903 1113 2946 modo
1145 2915 1320 2945 manere
1354 2902 1460 2954 vult,
1492 2899 1568 2942 sed
1603 2898 1657 2941 ad
1689 2897 1864 2941 nihilum

150 2982 273 3032 verti.
333 2983 410 3026 Sic
450 2983 657 3037 paulatim
699 2982 755 3025 ad
787 2983 872 3026 iras
902 2983 1028 3027 redit.
1092 2985 1324 3036 Ceterum,
1368 2987 1417 3025 ut
1447 2987 1621 3034 notum,
1669 2981 1710 3023 in
1743 2980 1865 3023 cine—

151 3080 255 3120 rem,
288 3069 525 3123 pulverem‚
557 3080 713 3122 aquam
744 3074 792 3110 ut
829 3072 1068 3121 vertantur,
1104 3074 1256 3125 optant
1287 3073 1460 3111 veteres
1491 3080 1602 3122 quae
1634 3066 1756 3108 irrita
1788 3080 1865 3108 vo-

151 3151 244 3192 lunt
286 3162 382 3192 esse
423 3155 499 3192 aut
541 3149 691 3193 deleri.
753 3149 864 3193 Vide
907 3152 1210 3194 Gnmrmnuu
1257 3152 1466 3205 aliosque.
1529 3150 1604 3193 Sic
1644 3148 1765 3191 Hom.
1813 3149 1861 3190 ll.

150 3234 250 3286 Vll,
279 3237 361 3276 99:
402 3230 497 3275 ἀλλ’
528 3229 644 3281 ὑμεῖς
679 3237 751 3274 καὶ
782 3229 939 3282 πάντες
971 3229 1090 3293 ὕδωρ
1125 3240 1198 3277 καὶ
1225 3244 1332 3288 γαῖα
1361 3236 1575 3288 γένοισθε.
1624 3233 1865 3275 PROPERT.

151 3317 209 3368 ll,
244 3320 312 3369 16,
340 3319 413 3360 43.
457 3317 595 3360 Ovm.
633 3319 804 3359 Amorr.
836 3316 914 3368 111,
952 3320 995 3370 8,
1028 3321 1102 3362 66.
1164 3318 1223 3360 Et
1263 3317 1344 3360 hoc
1377 3316 1551 3372 quidem
1583 3315 1681 3357 loco
1712 3312 1866 3354 Tibul-

152 3399 218 3441 lus
261 3399 322 3441 sic
370 3400 761 3442 manescere-suit
805 3412 980 3443 munera
1023 3406 1228 3458 accepta,
1272 3405 1319 3443 ut
1351 3412 1482 3454 supra
1514 3399 1548 3451 Ι,
1578 3402 1620 3449 6,
1652 3399 1720 3438 53.
1769 3406 1865 3436 cor-
