2086 3756
232 207 466 242 Lxxxvm
715 246 719 251 ¹
908 187 1002 238 DE
1040 183 1237 241 POESI

234 341 446 384 restant.
543 333 706 397 Igitur
754 329 987 379 tractatio
1041 331 1327 396 argumenti
1378 310 1653 382 instmedio
1705 335 1930 383 carmine

234 430 362 480 haec
398 439 497 493 est,
533 439 592 478 ut
626 427 816 494 partim
850 443 948 492 per
982 427 1248 476 breviores
1289 427 1567 476 sententias
1604 427 1930 494 procedatur,

233 526 425 592 partim
464 523 833 588 descriptiones
869 533 1136 587 ponantur
1170 524 1391 574 maiores
1427 525 1740 576 minoresve.
1822 525 1934 574 De-

210 605 541 686 scriptiones
573 628 746 667 autem
773 635 912 668 nunc
939 618 1234 682 singulatim
1259 620 1523 670 habentur
1546 621 1761 686 positae,
1794 638 1935 670 nunc

237 715 541 766 coniunctae
590 723 713 763 sunt
759 714 964 779 plures,
1017 732 1075 765 ac
1111 714 1333 765 vidimus
1368 724 1474 764 tres
1522 713 1651 766 adeo
1685 713 1831 780 iungi
1872 712 1938 762 ad

236 827 396 860 unam
429 811 681 861 maiorem
717 810 985 860 unitatem.
1057 811 1167 860 Iam
1206 809 1325 860 vide
1364 809 1646 873 elegiarum
1683 807 1939 858 diversam

237 903 662 970 magnitudinem.
746 902 807 953 In
844 904 1019 971 parvis
1059 905 1231 970 elegiis
1270 903 1500 955 medium
1538 920 1746 954 carmen
1781 903 1941 954 breve

238 1011 316 1053 est
351 1019 446 1052 nec
478 999 728 1053 dividitur
762 1002 918 1066 vulgo
956 999 1173 1052 diversis
1208 1002 1358 1063 lociS,
1399 1001 1495 1050 etsi
1528 1000 1613 1052 vel
1646 999 1731 1048 hic
1759 999 1944 1048 Tibul·

236 1098 378 1148 liana
413 1098 656 1148 nobilitas
693 1099 973 1147 affectuum
1010 1097 1282 1163 aliquoties
1311 1097 1535 1147 variavit
1568 1095 1944 1156 tractationem,

241 1201 300 1241 ut
337 1193 464 1255 eleg.
501 1191 594 1251 IV,
628 1196 676 1240 3.
711 1190 930 1256 pulchre
967 1190 1181 1239 sactum.
1265 1189 1372 1240 Ubi
1415 1206 1543 1241 vero
1582 1191 1805 1239 maiores
1842 1190 1946 1238 ele-

240 1285 381 1350 giae,
436 1295 723 1336 nascuntur
771 1286 928 1350 vulgo
970 1284 1183 1335 Tibullo
1229 1294 1402 1351 partes
1448 1300 1630 1335 rerum
1677 1281 1810 1333 duae
1859 1291 1948 1333 aut

242 1392 347 1432 tres
382 1382 436 1431 in
474 1379 648 1431 medio
687 1381 941 1444 carmine,
996 1398 1130 1448 quae
1167 1382 1253 1432 vel
1289 1380 1655 1447 simpliciorem
1693 1376 1948 1444 composi-

242 1475 440 1527 tionem
474 1476 692 1539 habent,
727 1459 792 1524 ut·
821 1475 877 1525 in
915 1476 1038 1539 eleg.
1063 1475 1102 1538 I,
1132 1478 1181 1524 1.
1217 1476 1282 1538 II,
1310 1480 1383 1537 6.,
1418 1476 1506 1526 vel
1539 1471 1948 1538 magnificentius

245 1588 298 1622 se
337 1569 649 1634 extendunt,
690 1570 859 1621 tribus
895 1568 1025 1619 adeo
1065 1579 1122 1619 ut
1158 1567 1268 1619 dixi
1301 1569 1735 1639 descriptionibus
1770 1568 1828 1618 in
1861 1567 1952 1617 tali

243 1677 391 1734 parte
431 1665 745 1728 coniunctis,
782 1664 838 1716 id
876 1664 1021 1732 quod
1055 1681 1208 1730 saepe
1244 1665 1303 1714 fit
1331 1665 1390 1714 in
1423 1665 1596 1728 elegiis
1635 1662 1699 1712 ad
1728 1662 1952 1724 Deliam,

246 1779 470 1830 quarum
496 1761 724 1811 maxima
748 1758 1052 1827 amplitudo,
1102 1758 1555 1822 Quemadmodum
1577 1773 1707 1810 vero
1733 1755 1955 1807 interior

246 1871 506 1912 structura
548 1861 737 1909 harum
781 1857 1012 1924 partium
1048 1855 1246 1924 ubique
1296 1865 1536 1907 accurata
1573 1864 1624 1905 et
1661 1855 1831 1916 clara,
1880 1851 1955 1901 ita

247 1958 390 2022 ipsae
439 1955 589 2004 facile
640 1963 830 2004 coeunt
877 1953 935 2003 in
982 1969 1236 2017 summam
1281 1961 1331 2001 et
1372 1951 1653 2000 maximam
1701 1949 1956 1999 unitatem

251 2049 518 2112 carminis,
576 2059 626 2100 et
672 2065 943 2115 nunquam
990 2065 1100 2098 non
1147 2058 1316 2098 totum
1353 2045 1606 2098 exhibent
1642 2045 1958 2095 absolutum.

250 2144 460 2208 Veluti,
519 2153 579 2194 ut
628 2145 926 2210 exemplum
982 2161 1206 2211 ponam,
1272 2144 1400 2208 eleg.
1435 2144 1491 2206 I,
1531 2145 1581 2191 5.
1630 2139 1688 2190 in
1740 2137 1957 2190 discidio

250 2242 419 2306 prima
462 2256 584 2306 pars
629 2239 815 2290 flebilis
860 2240 1121 2291 miseriam
1159 2250 1344 2306 poetae
1389 2237 1631 2304 exponit,
1679 2237 1843 2286 altera
1878 2233 1958 2284 di-

251 2336 441 2386 rectius
476 2334 779 2400 aggrediens
816 2334 1044 2401 puellam
1079 2345 1130 2385 et
1161 2334 1370 2385 fortiori
1404 2334 1460 2385 vi
1497 2347 1676 2383 causas
1714 2331 1959 2382 amolitur

254 2426 474 2479 discidii.
567 2427 806 2498 Utraque
856 2439 1028 2478 autem
1075 2427 1290 2479 diversis
1334 2427 1462 2478 locis
1507 2435 1733 2490 constat,
1787 2415 1959 2493 prima

251 2525 445 2587 tribus,
500 2527 662 2575 altera
709 2522 912 2574 duabus
960 2522 1395 2592 descriptionibus
1443 2532 1702 2575 contexta.
1783 2522 1959 2590 Atque

251 2621 325 2671 ita
359 2619 558 2688 ubique
601 2621 736 2670 bene
776 2637 1064 2686 congruere
1103 2621 1279 2671 omnia
1322 2636 1449 2670 mox
1483 2633 1730 2669 recensus
1774 2617 1960 2669 carmi-

256 2733 385 2765 num
423 2713 644 2766 docebit.
719 2711 877 2775 Quod
918 2711 1146 2780 denique
1185 2712 1566 2765 coniunctionis
1602 2713 1740 2777 leges
1777 2711 1961 2782 attinet
2007 2700 2010 2704 ⁴

253 2811 311 2861 in
346 2809 428 2860 his
470 2811 705 2876 partibus
744 2808 1047 2860 ordinandis
1083 2811 1406 2873 observatas,
1457 2807 1743 2859 secundum
1779 2802 1961 2871 grada-

254 2907 411 2958 tionis
445 2907 613 2971 legem
647 2907 958 2974 plerumque
997 2923 1082 2956 eas
1120 2906 1220 2958 sibi
1257 2904 1534 2958 succedere
1563 2901 1759 2958 videas·
1828 2901 1959 2951 Ter-

256 3004 466 3054 narium
502 3019 780 3053 numerum
822 3020 1095 3070 nunquam
1133 3013 1479 3069 transgressus
1523 3009 1625 3064 θεῖς
1679 3007 1961 3067 quaterna-

258 3099 368 3149 rius
419 3095 734 3148 iniucundus
783 3106 922 3147 recte
973 3094 1128 3147 etiam
1178 3097 1262 3146 hic
1311 3096 1479 3160 visus,
1533 3110 1651 3145 cum
1698 3090 1959 3143 difficilius

259 3193 630 3256 complectatur
665 3191 865 3240 animus
902 3200 1096 3240 tantam
1130 3190 1524 3256 amplitudinem
1555 3186 1962 3254 compositionis.

258 3290 547 3357 Aliquoties
605 3293 757 3340 etiam
821 3302 880 3340 ut
943 3291 1089 3340 facile
1147 3290 1418 3352 coniicias,
1491 3294 1677 3357 paritas
1731 3288 1958 3354 partium
