2158 3750
325 250 430 297 410
719 242 1188 296 COMMENTAR.
1225 241 1300 293 IN
1336 242 1623 294 TIBULLI

326 399 486 430 cornua
518 385 603 429 duo
635 386 760 427 unius
791 385 1008 427 exercitus
1039 383 1190 426 iisdem
1221 385 1263 427 in
1299 384 1451 426 castris
1481 383 1611 425 babiti
1643 397 1728 438 quo
1760 385 1853 427 iure
1881 392 2020 428 castra

328 471 500 524 gemina
530 467 614 509 dici
648 466 864 522 possunt?
935 466 1091 520 Neque
1123 468 1236 509 enim
1266 467 1322 509 de
1352 467 1518 509 duobus
1551 467 1809 509 exercitibus
1841 467 2021 510 duorum

324 552 478 594 ducum
510 549 579 592 hic
607 550 774 604 agitur,
811 549 945 592 veluti
975 551 1165 594 Vossius
1194 557 1366 604 censet,
1402 551 1480 593 sed
1511 551 1565 593 de
1595 551 1720 593 unius
1749 549 1871 593 ducis
1901 551 2021 594 Mes—

321 633 437 674 salae
468 632 607 674 laude.
633 654 692 662 —
752 632 806 676 V.
835 634 920 674 106
952 644 1046 686 sqq.
1109 633 1262 686 Pergit
1291 633 1345 675 ad
1376 646 1445 675 res
1476 638 1622 687 gestas
1650 633 1865 676 Messalae
1894 614 2023 688 prae-

320 716 536 758 dicandas.
569 739 628 748 -
697 715 973 772 Iapydiae
1013 716 1190 760 miles,
1251 716 1460 772 Iapydes,
1502 731 1610 772 gens
1640 718 1871 771 bellicosa,
1912 729 2023 772 quae

319 799 554 842 Liburniae
593 804 758 856 partem
797 799 1000 854 tenebat,
1041 813 1153 844 nunc
1191 799 1470 844 Morlachiam
1508 801 1751 857 appellant,
1794 801 1908 842 inter
1939 799 2022 842 flu-

321 895 418 924 men
450 884 619 926 Arsiam
651 882 992 938 et'Tedanium‚
1036 898 1133 928 cum
1173 886 1269 928 aliis
1301 886 1463 939 Illyrici
1493 890 1538 928 et
1569 885 1816 928 Pannoniae
1850 884 2023 940 populis

323 967 586 1009 rebellarunt
625 981 720 1010 ann.
752 969 845 1010 urb.
879 971 968 1010 718
1000 974 1045 1011 et
1075 973 1176 1012 719.
1210 974 1394 1024 suntque
1425 970 1574 1011 domiti
1612 969 1668 1010 ab
1704 967 1942 1010 Octaviano
1976 970 2022 1008 et

319 1050 500 1093 ducibus
533 1051 650 1103 eius,
672 1051 804 1092 -inter
833 1063 941 1105 quos
965 1051 1157 1093 Messala
1186 1051 1288 1104 fuit,
1324 1053 1397 1106 qui
1421 1051 1624 1106 Arupinis
1649 1050 1875 1093 debellatis
1902 1053 1948 1092 et
1977 1049 2019 1090 in

318 1134 541 1176 Pannonia
573 1123 743 1176 laudem
775 1133 994 1187 egregiam
1025 1137 1266 1186 meruerat,
1302 1137 1351 1175 ut
1379 1132 1447 1175 hic
1479 1133 1694 1176 discimus.
1756 1132 1822 1174 Ab
1853 1131 2020 1184 eodem,

318 1218 434 1273 quod
475 1222 620 1260 tamen
653 1222 807 1259 auctor
842 1230 928 1259 non
969 1222 1203 1271 memorat,
1251 1217 1415 1259 Salassi
1449 1229 1646 1271 quoque,
1687 1214 1908 1270 Inalpinus
1939 1227 2020 1270 po-

315 1301 469 1356 pulus,
516 1301 709 1343 incolens
754 1301 907 1343 vallem
952 1302 1114 1344 Aostae
1157 1300 1286 1344 hodie
1330 1301 1516 1355 dictam,
1562 1303 1635 1356 qui
1679 1301 1878 1344 similiter
1922 1313 2020 1342 cum

311 1385 462 1428 vicinis
502 1386 590 1427 suis
629 1397 845 1427 armorum
875 1386 1084 1428 societate
1117 1386 1223 1428 inita
1253 1389 1555 1439 surrexerant,
1598 1397 1696 1427 ann.
1724 1387 1829 1428 720.
1861 1382 2020 1428 devicti

312 1469 551 1512 traduntur.
613 1469 712 1513 vid.
741 1446 877 1511 Dloa'.
909 1469 1087 1523 XLIX,
1117 1473 1298 1513 34-38.
1331 1475 1375 1512 et
1405 1482 1514 1524 quos
1545 1474 1770 1524 praeterea
1800 1467 2018 1509 Bnoucx-

315 1565 474 1593 unsrus
514 1551 683 1604 laudat,
727 1552 962 1594 STRAnoN.
995 1552 1093 1594 libr.
1116 1551 1193 1604 IV,
1234 1566 1278 1607 p.
1297 1555 1402 1595 205.
1429 1555 1534 1595 20⁴1.
1573 1552 1668 1593 libr.
1696 1550 1800 1603 vll,
1839 1564 1878 1606 p.
1898 1551 2018 1603 314,

312 1635 507 1677 APPIAN.
540 1634 596 1677 de
633 1635 733 1677 bell.
763 1635 883 1689 lllyr.
919 1638 1124 1688 les-24„
1172 1636 1313 1678 FnoR.
1346 1636 1422 1688 IV,
1464 1649 1501 1678 c.
1531 1637 1560 1678 4
1591 1639 1635 1677 et
1668 1637 1764 1688 12„
1811 1635 2017 1678 Samon.

314 1719 428 1771 Aug.
459 1719 798 1770 21.‚,V131„1.131.
833 1719 902 1772 Π,
938 1724 1036 1773 90.,
1084 1720 1228 1762 Pion.
1263 1720 1402 1762 Onos.
1438 1719 1522 1772 VI,
1552 1721 1651 1770 21„
1693 1717 1794 1760 Lrv.
1825 1715 2017 1771 Epitoun.

312 1803 414 1843 131.
448 1804 549 1844 132.
584 1805 683 1844 133.
718 1805 848 1854 135.,
892 1802 1047 1856 quibus
1090 1802 1197 1844 locis
1240 1802 1438 1843 omnibus
1477 1799 1626 1842 horum
1659 1799 1915 1855 populorum
1945 1810 2017 1839 re-

309 1883 520 1925 belliones
564 1866 879 1926 describuntur.
958 1885 1228 1925 Annotarunt
1259 1881 1390 1934 llaec,
1433 1888 1604 1939 praeter
1634 1882 2016 1931 Bnoucxmsswn,

309 1966 528 2010 Hermus
545 1971 590 2009 et
606 1968 808 2010 VossmS.
826 1991 886 2000 —
916 1967 1100 2010 fallax
1125 1968 1470 2012 Pannonius.
1515 1967 1656 2010 Etiam
1676 1967 1718 2008 in
1737 1965 2014 2017 Pannoniam,

308 2050 490 2091 vicinam
525 2050 756 2104 Iapydiae,
799 2050 982 2092 duxerat
1012 2052 1274 2093 Octavianus
1317 2051 1568 2094 exercitum.
1629 2048 1838 2092 Fallaces
1871 2053 2014 2092 autem

310 2135 548 2176 Summanu
583 2147 657 2176 eos
690 2140 919 2190 propterea
951 2134 1036 2177 dici
1068 2121 1221 2191 putat,
1255 2136 1369 2190 quod
1401 2136 1568 2179 Sisciae
1598 2136 1787 2178 munitae
1816 2134 1934 2177 urbis
1966 2139 2012 2176 et

309 2220 522 2272 Segestae
555 2219 774 2260 deditione
818 2221 1027 2273 promissa
1069 2225 1217 2274 portas
1258 2220 1412 2261 iterum
1446 2221 1715 2276 clauserunt,
1758 2219 1844 2263 vid.
1877 2220 2011 2262 uma.

307 2300 480 2353 XLIX,
511 2305 584 2342 37.
617 2323 676 2332 —
739 2301 949 2355 passim
994 2301 1280 2344 disiectus
1319 2304 1372 2345 in
1414 2304 1598 2358 Alpes,
1659 2303 1848 2346 Annotat
1879 2277 2014 2346 flar-

308 2397 439 2427 Nms:
486 2382 701 2438 „Alpium
745 2383 928 2425 extremi
970 2385 1079 2426 fines
1121 2398 1199 2439 per
1239 2385 1461 2440 Iapydiam
1502 2386 1806 2428 continuantur
1839 2386 2011 2430 Sum.

308 2468 415 2520 VII,
458 2482 500 2523 p.
523 2469 626 2509 482.
658 2466 711 2508 Β.
772 2467 907 2522 Alpes
947 2469 1061 2510 enim
1091 2469 1227 2511 Iuliae
1268 2482 1302 2513 s,
1336 2469 1545 2511 Carnicae
1583 2469 1626 2511 in
1660 2473 1828 2512 montes
1862 2469 2014 2511 Albios

306 2551 520 2595 desinunt.
581 2550 732 2604 ltaque
774 2550 890 2592 bello
933 2552 1048 2595 circa
1081 2554 1264 2596 Sisciam
1303 2559 1429 2607 gesto
1467 2553 1714 2595 Pannonios
1753 2552 1927 2606 fugatos
1968 2552 2012 2595 in

306 2635 480 2689 Alpium
510 2633 686 2675 latebris
720 2646 768 2676 se
799 2633 1015 2676 abdidisse
1045 2634 1198 2677 mirum
1229 2649 1312 2678 non
1342 2636 1454 2677 est.“
1515 2636 1777 2689 Obloquitur
1802 2636 2009 2677 Vossrus:

304 2716 542 2769 „Nullam,
584 2715 747 2770 inquit,
790 2729 978 2771 pugnam
1009 2717 1226 2769 novimus,
1270 2731 1353 2771 qua
1398 2717 1526 2759 eiecti
1555 2715 1764 2759 Pannonii
1796 2729 1820 2758 e
1854 2716 2010 2759 finibus

303 2801 406 2843 suis.
468 2801 518 2842 In
549 2799 699 2843 Albios
739 2805 884 2843 autem
923 2806 1092 2844 montes
1130 2801 1259 2842 etiam
1301 2805 1533 2856 propterea
1573 2813 1657 2842 nou
1697 2799 1904 2843 credibile
1942 2805 2011 2843 est

305 2896 382 2926 eos
412 2882 599 2937 fugisse,
643 2883 743 2937 quia
773 2882 882 2925 hanc
921 2888 1087 2939 partem
1128 2889 1339 2928 terrarum
1371 2886 1558 2928 Romani
1600 2885 1850 2928 tenebant.“
1908 2885 2010 2942 lpse

305 2969 502 3011 coniicit:
532 2966 772 3025 gelidaque
793 2966 1007 3009 Salassus
1032 2976 1180 3011 tectus
1208 2970 1265 3011 ab
1283 2970 1414 3027 Alpe,
1445 2976 1494 3013 ut
1521 2970 1646 3014 huius
1670 2972 1818 3027 populi
1848 2971 2010 3014 mentio

304 3051 403 3103 fiat,
453 3047 815 3104 quemadmodum
857 3049 959 3091 olim
997 3052 1292 3095 AYRMANNUS
1332 3053 1375 3095 in
1416 3053 1501 3096 vita
1543 3054 1706 3097 Tibulli
1743 3057 1878 3107 §.35.
1909 3058 2008 3110 post

298 3132 471 3188 passim
510 3133 704 3174 inserens
743 3139 788 3172 et
829 3132 1027 3176 Salassos
1069 3135 1228 3179 inferre
1269 3137 1465 3190 volebat,
1515 3139 1638 3192 quasi
1682 3137 1841 3193 passim
1883 3135 2006 3179 habi-

304 3221 446 3259 tantes
474 3217 517 3258 in
549 3217 745 3271 Alpibus.
807 3216 897 3259 Sed
929 3218 1073 3274 inepta
1106 3225 1173 3262 est
1203 3219 1308 3264 haec
1341 3223 1473 3275 ratio,
1511 3223 1665 3266 Vossu
1695 3226 1837 3265 autem
1869 3221 2006 3264 auda-

303 3301 473 3343 cissima
514 3301 761 3342 coniectura
799 3313 885 3342 non
921 3302 1061 3344 minus
1099 3304 1346 3346 reiicienda.
1410 3307 1582 3359 Sequor
1610 3303 1722 3347 haud
1754 3309 2006 3348 cunctanter

306 3384 549 3427 Hermum.
625 3382 724 3425 Non
767 3395 792 3424 e
832 3383 987 3427 finibus
1030 3386 1119 3429 suis
1165 3387 1368 3442 fugeruut
1407 3388 1640 3440 Pannonii,
1697 3386 1773 3430 sed
1814 3387 1856 3430 in
1901 3401 2003 3431 suos
