2086 3756
189 228 386 261 cxxxvi
869 206 963 256 DE
1001 204 1201 259 POESI

185 352 255 400 his
307 368 482 402 secum
531 352 767 414 fruatur,
833 358 1114 416 antequam
1168 365 1294 398 mors
1343 347 1520 400 veniat
1569 359 1619 400 et
1665 331 1890 400 senectus.

185 446 455 497 Postremo
493 444 668 495 denuo
707 442 928 509 repetita
967 443 1228 510 oppositio
1266 443 1372 492 belli
1401 447 1568 511 otiique
1608 440 1892 508 domestici,

188 541 453 591 diuitiarum
501 550 552 589 et
591 542 761 606 paucis
808 547 1047 594 contentae
1095 541 1215 589 vitae
1261 535 1454 587 claudit
1484 546 1682 590 totum.
1765 539 1892 587 Per-

191 636 367 701 spicue
413 652 478 684 ex
525 635 606 683 his
654 649 932 698 cognoscas
978 633 1249 700 propriam
1295 633 1519 683 formam
1561 631 1893 682 Tibullianae

193 727 528 791 elocutionis,
577 726 699 778 licet
734 727 902 778 fatear
939 739 1305 794 argumentum
1339 727 1498 777 huius
1537 726 1728 792 elegiae
1763 742 1893 792 prae

193 823 305 872 aliis
350 823 528 874 favere
575 822 1012 889 oppositionibus.
1099 820 1450 874 Observatum
1491 838 1645 887 saepe
1687 830 1765 871 est
1802 821 1900 880 Al<

193 917 340 968 bium
366 934 476 967 non
506 917 706 968 imitari
725 917 979 983 Graecos;
1022 936 1195 986 neque
1222 924 1350 970 vero
1381 917 1550 968 solum
1587 914 1651 966 de
1684 915 1900 980 singulis

192 1012 547 1064 locutionibus
588 1022 638 1062 et
678 1013 1153 1063 constructionibus
1198 1011 1254 1062 id
1295 1011 1463 1075 dicaS,
1515 1009 1607 1062 sed
1643 1020 1746 1062 tota
1783 1012 1903 1060 haec

194 1108 430 1156 rhetorica
462 1105 634 1172 forma
681 1110 903 1156 orationis
947 1106 1174 1156 Graecae
1224 1106 1437 1170 originis
1484 1122 1595 1156 non
1645 1114 1749 1169 est,
1808 1121 1904 1154 nec

197 1201 411 1251 Graecis
450 1201 655 1264 elegicis
694 1200 1054 1266 frequentatae
1090 1208 1212 1248 sunt
1241 1199 1340 1248 hae
1374 1198 1655 1250 divisiones
1695 1207 1906 1248 exactae

197 1305 247 1346 et
288 1293 647 1360 oppositiones
688 1294 977 1360 plurimae,
1025 1303 1282 1361 quantum
1320 1293 1577 1344 coniicere
1612 1294 1763 1356 licet,
1813 1291 1907 1344 sed

198 1390 438 1444 Romano
477 1398 663 1456 poetae
704 1389 969 1455 propriae.

309 1501 414 1552 Sed
470 1501 720 1570 quoniam
783 1519 942 1568 supra
997 1500 1407 1568 amplificationem
1457 1519 1547 1570 per
1602 1506 1912 1570 repetitionem

201 1597 406 1647 eiusdem
439 1601 688 1647 sententiae
725 1594 837 1646 dixi
876 1597 1098 1646 alterum
1137 1596 1450 1662 palmarium
1492 1595 1764 1647 artificium
1801 1597 1911 1649 elo-

203 1691 426 1741 cutionis
475 1692 754 1755 elegiacae‚
804 1707 895 1755 age
943 1707 1085 1739 nunc
1131 1688 1407 1739 redeamus
1451 1691 1603 1739 etiam
1652 1689 1715 1740 ad
1758 1692 1911 1755 hanc,

205 1794 257 1836 et
307 1802 691 1852 persequamur
743 1801 877 1852 quae
933 1782 996 1832 de
1052 1783 1163 1837 eius
1215 1799 1319 1833 usu
1366 1783 1566 1833 Tibulli
1623 1801 1778 1835 causa
1829 1785 1915 1837 hic

206 1878 440 1930 notanda
484 1874 746 1932 videntur.
834 1876 1092 1928 Videmus
1139 1894 1254 1928 eam
1299 1877 1422 1926 satis
1471 1877 1657 1928 crebro
1707 1879 1810 1929 iam
1858 1881 1916 1930 in

210 1972 422 2023 Graecis
460 1974 785 2039 fragmentis,
823 1989 940 2024 cum
979 1983 1161 2022 contra
1193 1970 1476 2023 divisiones
1511 1971 1808 2024 rarissimae
1843 1975 1917 2026 ibi

210 2070 329 2121 sint.
399 2070 601 2120 Tibulli
633 2072 896 2121 rationem
931 2067 1060 2121 haec
1098 2070 1338 2137 exempla
1376 2067 1688 2121 ostendunt:

349 2183 556 2235 Fictilia
593 2183 841 2251 antiquus
878 2182 1109 2250 primum
1151 2181 1251 2231 sibi
1286 2181 1410 2231 fecit
1445 2181 1658 2246 agrestis

428 2278 654 2341 Pocula,
702 2275 767 2326 de
804 2276 944 2327 facili
980 2275 1378 2343 composuitque
1415 2276 1545 2326 luto.

1007 2371 1127 2379 —-——-›

356 2418 530 2469 Parva
567 2433 710 2481 seges
747 2414 868 2465 satis
907 2425 1011 2480 est,
1044 2415 1186 2466 ‘satis
1224 2424 1299 2464 est
1334 2413 1664 2482 requiescere
1701 2416 1838 2466 lecto
1908 2460 1911 2467 .

428 2511 486 2561 Si
524 2512 672 2574 licet,
721 2520 773 2560 et
809 2509 964 2560 solito
1004 2510 1242 2559 membra
1279 2510 1454 2562 levare
1490 2519 1629 2562 toro.

362 2650 452 2699 Me
489 2650 719 2700 retinent
756 2649 987 2700 vinctum
1029 2650 1291 2700 formosae
1327 2649 1499 2700 vincla
1533 2651 1765 2718 puellae,

433 2743 502 2794 Et
540 2741 698 2795 sedeo
741 2742 900 2794 duras
937 2744 1134 2793 ianitor
1171 2754 1289 2794 ante
1329 2745 1488 2796 fores.

1009 2843 1129 2853 ——-

361 2886 440 2935 Te
476 2894 696 2952 propter
731 2886 905 2935 nuHos
941 2885 1094 2934 tellus
1131 2894 1223 2935 tua
1263 2886 1492 2951 postulat
1528 2884 1722 2945 imbres
1734 2918 1749 2946 ,

437 2977 602 3031 Arida
638 2996 734 3030 nec
768 2977 956 3030 Pluvio
996 2979 1254 3045 supplicat
1293 2980 1458 3030 herba
1496 2977 1629 3030 Iovi.

370 3119 452 3170 Tu
483 3120 670 3185 procul
698 3118 822 3170 hinc
855 3120 1015 3185 absis,
1055 3120 1140 3172 cui
1167 3121 1391 3170 formam
1423 3116 1649 3171 vendere
1682 3133 1806 3169 cura
1838 3121 1928 3180 est‘,

437 3213 503 3264 Et
539 3214 765 3281 pretium
803 3215 960 3280 plena
996 3214 1189 3280 grande
1227 3213 1422 3266 referre
1445 3229 1637 3264 manu.
