2158 3750
304 280 404 328 336
695 269 1169 324 COMMENTAR.
1204 269 1280 321 IN
1319 270 1610 322 TIBULLI

306 435 347 474 p.
378 422 481 462 326.
513 440 572 449 -—
606 416 978 467 Aurataeque
1011 414 1223 457 trabes·
1285 415 1354 457 De
1385 413 1465 458 hac
1497 417 1668 458 luxuria
1699 418 1858 466 multos
1887 419 2008 463 locos

304 503 482 555 collegit
512 500 731 542 Vum’ms.
806 499 881 540 Sic
923 511 962 541 v.
995 512 1034 541 c.
1074 499 1376 552 Puopifflwms
1421 498 1527 541 dicit
1565 499 1645 551 111,
1675 502 1719 552 2,
1751 501 1833 542 loz
1881 499 2014 556 Quod
2098 504 2103 509 ’

306 601 391 626 uon
429 582 664 625 Taenariis
696 582 851 624 domus
881 589 951 623 eat
983 581 1092 622 milii
1112 581 1254 639 fulta
1286 581 1517 636 columnis,
1549 583 1644 624 Nec
1675 597 1852 624 camera
1885 582 2013 637 (Pla-

302 667 430 722 fond)
478 674 673 708 auratas
717 666 835 707 inter
881 664 1050 706 eburna
1096 664 1274 719 trabes,
1326 671 1372 709 et
1411 668 1615 709 STATIUS
1647 668 1758 710 Silv.
1789 667 1827 720 I,
1856 669 1900 719 3,
1929 667 2013 708 342

302 750 426 807 Quid
448 749 643 806 primum
675 749 917 791 mediumve
948 763 1132 796 canam,
1182 765 1270 808 quo
1301 749 1402 805 fine
1445 749 1696 808 quiescam,
1747 748 2016 791 Auratasne

302 830 454 874 trabes
495 846 556 874 an
587 834 780 874 Mauros
821 831 1018 891 undique
1049 840 1203 889 postes
1247 831 1428 874 Mirer?
1488 833 1614 876 Adde
1645 834 2016 876 BROUcKntJSItm

305 920 350 957 et
391 915 446 957 ad
491 915 674 958 HoRA'r.
713 916 770 970 ΙΙ,
815 919 886 969 18,
933 917 1027 960 init.
1076 917 1398 960 Tonmmnmn
1442 929 1540 958 cum
1590 916 2016 960 Mrrscnssumcmo.
2095 871 2118 909 ἠ

302 1003 368 1043 Ac
400 1013 484 1042 non
516 1001 718 1044 tenuibus
749 1001 1008 1053 bracteolis,
1052 1002 1129 1043 sed
1173 1001 1313 1044 solido
1346 1014 1454 1043 auro
1481 1001 1820 1044 ‘convestiebaut
1851 1001 2014 1054 trabes,

303 1090 353 1127 ut
387 1086 572 1128 Ln>sms
615 1084 670 1127 de
719 1084 902 1138 Magnit.
943 1084 1074 1127 Rom.
1106 1085 1187 1138 ΙΙΙ,
1222 1088 1291 1127 14.
1336 1085 1500 1127 docuit.
1563 1083 1690 1146 Conf.
1723 1086 1854 1127 etiam
1885 1085 2014 1129 Vtru-
2095 1071 2126 1119 Ξ

304 1183 431 1212 Pium.
465 1190 525 1202 —
564 1180 1054 1222 marmoreumque
1087 1169 1298 1221 solum,
1330 1168 1624 1223 pavimentum
1656 1172 1732 1210 aut
1762 1169 2013 1211 tesselatum
2112 1150 2121 1156 ’

303 1264 384 1295 seu
425 1251 636 1293 musivum
678 1253 753 1292 aut
789 1249 1045 1304 simpliciter
1076 1263 1101 1292 e
1133 1262 1348 1292 marmore
1379 1249 1560 1292 factum.
1630 1250 1830 1305 Denique
1861 1250 1916 1292 ad
1947 1254 2024 1293 to·
2109 1294 2135 1335 φ

304 1341 396 1378 tum
427 1337 571 1378 locum
603 1334 821 1378 HEYNms
853 1334 1020 1376 confert
1054 1334 1269 1377 Awruon.
1301 1334 1420 1376 Lm.
1460 1333 1695 1377 Burmann.
1726 1333 1808 1387 ΙΙΙ,
1840 1347 1911 1390 ep.
1935 1337 2008 1377 70.

305 1418 360 1460 Τ.
383 1418 419 1461 I.
451 1433 493 1473 p.
524 1421 636 1462 511:
669 1416 801 1473 Quod
830 1423 914 1456 tua
946 1414 1065 1456 mille
1095 1414 1250 1456 domus
1273 1413 1443 1456 solidas
1473 1412 1610 1456 habet
1640 1413 1743 1455 alta
1774 1413 2017 1462 columnas,

306 1502 438 1557 Quod
467 1509 550 1542 tua
582 1515 821 1542 marmoreo
848 1499 990 1540 ianua
1013 1506 1141 1554 poste
1165 1498 1296 1547 nitet,
1328 1499 1488 1541 Aurea
1522 1497 1644 1557 quod
1671 1512 1841 1541 summo
1869 1497 2020 1555 splen-

308 1586 414 1628 dent
453 1585 691 1644 laqueciria
733 1591 872 1629 tecto,
919 1584 1065 1624 Imum
1107 1591 1265 1625 crusta
1309 1583 1424 1642 tegit
1469 1583 1591 1642 quod
1617 1583 1821 1639 pretiosa
1861 1582 2019 1628 solum.

306 1670 442 1715 Vides
486 1670 555 1713 hic
597 1674 646 1711 ut
689 1669 803 1723 apud
847 1668 1122 1722 Lygdamum
1171 1669 1310 1722 primo
1360 1666 1546 1710 disticho
1595 1673 1821 1711 externam
1863 1667 2019 1711 faciem

306 1753 533 1797 domorum
562 1753 764 1806 describi,
794 1752 984 1796 secundo
1016 1764 1128 1806 quae
1155 1752 1271 1795 intus
1297 1758 1412 1797 sunt.
1435 1775 1497 1786 -
1529 1754 1583 1798 V.
1613 1756 1672 1796 17
1694 1766 1758 1808 sq.
1794 1752 2020 1799 Quidve

307 1839 362 1880 in
406 1836 734 1892 Erythraeo
766 1851 861 1892 sqq.
908 1838 1022 1881 conf.
1053 1837 1109 1879 ad
1139 1837 1196 1889 Π,
1229 1840 1272 1890 4,
1303 1839 1378 1879 30.
1407 1858 1468 1869 -
1513 1835 1779 1889 Sidonio,
1821 1838 2022 1891 correpta

308 1920 499 1963 secunda
530 1920 722 1974 syllaba,
764 1924 814 1962 ut
844 1920 986 1963 Vmo.
1018 1919 1126 1961 Aen.
1157 1918 1235 1971 lv,
1269 1921 1370 1960 137.
1432 1918 1520 1961 Alii
1560 1916 1817 1974 producunt.
1867 1914 2022 1972 syrio

310 2001 474 2042 murice
504 2002 614 2044 dixit
647 2003 808 2045 Tibull.
840 2002 898 2055 II,
931 2005 972 2053 4,
1006 2005 1081 2046 28.
1110 2025 1171 2034 —-
1220 2002 1416 2055 Singulis
1450 2001 1678 2055 explicatis
1710 2000 1767 2043 de
1796 2003 1890 2042 toto
1921 1999 2020 2042 loco
2103 1989 2127 2007 ⁸

312 2083 374 2138 (v.
410 2085 612 2140 11-18.)
653 2085 831 2127 verbum
876 2085 1002 2128 addo.
1078 2085 1188 2128 Cum
1219 2084 1473 2138 Lygdamus
1504 2083 1746 2126 delectetur
1777 2078 2022 2125 huiusmodi
2088 2088 2090 2090 “

311 2167 467 2220 rebus,
511 2167 623 2209 bene
655 2167 878 2210 elaborata
908 2171 1009 2209 sunt
1050 2167 1179 2208 etiam
1213 2164 1281 2208 hic
1311 2166 1484 2219 singula
1514 2163 1725 2218 disticha,
1768 2162 2024 2206 divisionem

311 2262 415 2291 vero
449 2254 585 2291 totam
617 2250 732 2303 quod
765 2251 944 2302 attinet,
989 2249 1190 2290 Tibullus
1221 2250 1402 2291 meliore
1433 2250 1602 2292 ratione
1631 2250 1806 2292 inventa
1837 2247 2022 2290 dixisset

311 2334 466 2388 opinor
494 2334 675 2389 primum
707 2333 760 2375 de
789 2345 992 2386 agrorum
1021 2332 1311 2388 possessione,
1343 2331 1500 2374 deinde
1528 2331 1584 2374 de
1606 2331 1831 2374 domorum
1855 2330 2026 2384 magni-

312 2417 510 2469 ficentia,
555 2416 740 2470 denique
772 2416 826 2458 de
860 2428 967 2457 auro
998 2420 1043 2457 et
1074 2414 1285 2469 gemmis3
1332 2413 1412 2456 sed
1445 2427 1499 2456 ne
1530 2415 1594 2456 ita
1623 2414 1798 2469 quidem
1827 2411 2024 2466 dixisset,

313 2512 410 2541 cum
454 2513 539 2542 non
581 2501 855 2556 repetiisset,
902 2512 1013 2554 quae
1054 2499 1140 2541 iam
1174 2500 1218 2542 in
1259 2497 1616 2540 antecedentibus
1648 2496 1765 2540 dicta
1796 2499 1933 2541 erant.
1963 2517 2037 2529 -*
2099 2500 2103 2507 '

311 2584 368 2627 V.
405 2587 462 2626 19
494 2598 558 2639 sq.
619 2585 690 2627 Et
738 2598 884 2639 quae
930 2588 1244 2640 praeterea
1289 2584 1541 2640 populus
1585 2583 1855 2636 miratur,
1901 2580 2024 2637 quasi
2060 2591 2094 2625 .·

313 2681 418 2710 vero
450 2669 640 2711 nondum
672 2669 776 2712 satis
809 2669 866 2711 sit
902 2674 1245 2711 enumeratarum
1275 2680 1434 2709 rerum.
1462 2689 1516 2697 -
1550 2667 1603 2708 iu
1635 2666 1765 2707 illis
1796 2663 2025 2707 Invidia
2079 2715 2082 2722 Ι

314 2755 416 2792 est.
482 2751 716 2807 Comparat
748 2752 952 2794 Vncpms
991 2751 1172 2794 Aristot.
1215 2749 1351 2792 Rhet.
1379 2750 1413 2791 I.
1459 2763 1497 2792 c.
1529 2752 1582 2792 5:
1626 2741 1734 2796 ὅλως
1765 2749 1813 2789 δὲ
1843 2744 1900 2789 τά
1931 2763 2058 2798 'tom-s:

315 2831 431 2872 αὕτα
473 2833 560 2873 τῶν
604 2829 788 2885 ἀγαθῶν
832 2833 947 2874 εἶὀτιν
990 2828 1076 2873 α’πὸ
1119 2827 1282 2888 τύχης,
1333 2827 1396 2881 ἐφ’
1427 2827 1489 2878 οἷς
1531 2831 1646 2873 ἔστιν
1682 2827 1705 2872 ὅ
1745 2827 1938 2884 φθόνος,
1981 2819 2053 2875 ets

315 2917 456 2958 SOPH.
491 2916 602 2959 Oed.
635 2917 693 2958 R.
726 2919 816 2957 380
847 2929 965 2969 sqq.:
1009 2904 1042 2957 ὦ
1082 2915 1243 2957 rii-ofin
1286 2918 1359 2956 καὶ
1390 2917 1572 2971 τυραννὶ
1601 2917 1675 2956 καὶ
1715 2917 1844 2970 τέχνη
1875 2915 2027 2969 τέχνης
2149 2943 2153 2954 .

313 2991 630 3055 ε1ῖ“7τ.ιτρφέρουσα
673 2998 737 3052 τῷ
774 2993 998 3053 πολυζήλῳ
1040 3001 1147 3051 βίῳ,
1179 2990 1315 3043 ςὈσος·
1347 2993 1451 3053 παρ’
1479 2991 1580 3046 ὑμῖν
1612 2991 1635 3036 ὅ
1665 2992 1829 3046 φθόνος
1860 2990 2002 3045 φυλάσ
2149 2981 2153 3006 ³

317 3096 453 3125 σεται.
529 3081 661 3124 Addit
690 3081 959 3123 Huscmssus
992 3083 1162 3135 locum,
1205 3094 1335 3136 quem
1366 3081 1432 3123 vir
1471 3079 1627 3122 doctus
1667 3079 1711 3121 in
1747 3077 1883 3120 Actis
1923 3074 2027 3117 lite·
2099 3090 2114 3130 υτ
2136 3062 2149 3107 .'

316 3178 407 3206 rar.
456 3163 697 3206 Societatis
741 3163 1072 3208 Rheno-Trai.
1118 3165 1246 3208 Tom.
1290 3165 1370 3207 Ill.
1415 3179 1458 3220 p.
1505 3166 1605 3206 149.
1652 3162 1828 3215 laudat,
1887 3162 2022 3203 PLIN.
2107 3140 2138 3171 ἦ

317 3246 537 3300 Panegyr·
567 3260 662 3302 cap.
691 3250 765 3299 88,
797 3249 849 3289 5:
901 3247 980 3288 An
1021 3246 1172 3289 sotius
1203 3246 1301 3300 fuit
1333 3245 1520 3305 felicem
1551 3242 1746 3286 vocare?
1791 3242 1912 3302 quod
1938 3256 2024 3284 non
2115 3241 2141 3298 ᾗ

317 3326 513 3370 moribus
541 3327 622 3370 sed
648 3328 875 3385 fortunae
908 3327 1066 3369 datum
1096 3336 1192 3370 est.-
1242 3328 1392 3371 satius
1425 3323 1673 3384 magnum?
1718 3324 1792 3366 cui
1812 3322 1924 3381 plus
1953 3321 2022 3364 in·

317 3409 466 3453 vidiae
497 3425 633 3470 quam
657 3410 1016 3469 pulchritudinis
1050 3412 1180 3455 inest.
1245 3414 1329 3457 Alii
1372 3412 1557 3468 denique
1602 3411 1773 3455 dicunt:
1821 3389 2036 3452 invidiam'
