2158 3750
690 295 874 351 LIBR.
911 300 954 352 1.
1024 296 1225 352 ELEG.
1260 298 1356 350 IX.
1761 306 1860 354 179

167 438 230 484 vis
258 439 335 483 sed
367 451 571 494 nervosa,
615 439 817 496 periurii,
848 444 979 494 atque
1012 439 1144 482 etiam
1178 438 1384 483 ultionem
1413 436 1620 494 deorum,
1651 439 1753 485 licet
1783 440 1861 485 de·

165 534 373 578 precans,
418 520 652 578 praedicit,
691 526 738 564 et
775 522 861 564 iam
901 533 1014 564 nunc
1056 521 1250 576 conspici
1280 520 1522 566 huiusmodi
1563 522 1668 577 quid
1708 530 1860 568 censet

163 605 202 647 si
241 604 416 658 quidem
457 603 539 648 boc
577 605 674 660 ipso
715 609 911 659 tempore
949 604 995 646 iu
1035 603 1190 647 itinere
1225 604 1408 660 pedibus
1447 607 1659 655 comitans
1687 614 1859 653 amato-

162 698 256 729 rem
284 699 458 730 avarum
487 699 598 744 puer
626 685 834 735 molestiis
861 683 958 730 viae
988 685 1183 729 laesurus
1213 687 1271 729 sit
1299 700 1459 745 corpus
1486 693 1696 734 tenerum.
1758 690 1859 736 Hoc

162 769 390 813 exordium
430 774 522 823 est,
566 769 611 812 in
650 781 739 823 quo
769 768 900 811 etiam
931 769 1114 810 mutatio
1142 769 1326 812 affectus
1365 772 1531 825 placet,
1572 785 1599 816 a
1636 773 1762 818 minis
1802 774 1858 818 ad

162 853 484 895 excusationem
512 851 637 907 pueri
666 855 713 894 et
747 850 1097 907 deprecationem
1127 864 1296 907 poenae
1327 859 1538 908 pergente
1568 861 1724 911 poeta,
1764 862 1855 903 tum

160 934 216 977 ad
238 935 344 978 iram
364 934 587 977 redeunte.
647 933 762 976 Exin
792 934 836 977 in
865 933 1044 977 med—ia
1071 939 1236 990 parte
1268 935 1395 977 latius
1419 940 1462 978 et
1485 937 1622 981 fusius
1646 944 1857 983 tractatur

162 1014 330 1069 thema,
361 1021 585 1060 crescente
614 1016 737 1071 qnasi
765 1017 830 1060 ira
861 1021 907 1060 et
936 1017 1199 1062 verbositate
1227 1017 1412 1061 affectus
1440 1019 1554 1062 inter
1583 1021 1858 1078 loquendum,

159 1109 256 1140 cum
287 1097 512 1142 exordium
542 1098 680 1147 lenius
710 1097 875 1143 fuisset.
947 1098 1142 1156 Exponit
1182 1099 1318 1154 igitur
1345 1112 1459 1143 nunc
1489 1100 1674 1157 primum
1707 1103 1854 1147 obiur-

157 1178 334 1233 gatione
365 1179 566 1222 uberiore
606 1193 776 1223 omnem
815 1179 1015 1224 iniuriam
1051 1180 1201 1236 pueri,
1244 1183 1317 1236 qui
1348 1182 1574 1226 immemor
1601 1184 1858 1228 admonitio-

156 1262 223 1305 nis
265 1263 453 1318 Tibulli,
500 1264 774 1308 iurisiurandi
817 1265 884 1308 sui
932 1271 979 1309 et
1024 1265 1295 1308 lacrimarum
1339 1266 1589 1322 immemor,
1634 1269 1857 1312 immemor

158 1343 344 1399 denique
371 1344 611 1389 officiorum
637 1345 800 1394 Tibulli
816 1351 876 1397 ,et
899 1346 1139 1395 carminum
1168 1327 1479 1403 dedicatorum,
1510 1350 1698 1406 pessime
1727 1352 1855 1396 fidem

156 1425 335 1481 fefellit3
379 1424 537 1479 deinde
578 1427 868 1483 obiurgationi
897 1428 1073 1471 subiicit
1101 1441 1268 1484 poenae
1300 1429 1692 1476 denuntiationem
1737 1433 1857 1479 iubet

158 1508 273 1552 enim
312 1521 426 1553 nnnc
466 1522 650 1566 puerum
687 1511 840 1566 procul
862 1509 1040 1554 ·abesse
1079 1511 1127 1553 in
1167 1516 1416 1567 posterum,
1460 1516 1705 1571 corruptori
1750 1529 1855 1561 vero

152 1593 409 1647 gravissima
437 1593 550 1636 mala
579 1593 864 1649 imprecatur,
892 1593 1042 1636 uxoris
1062 1592 1296 1650 ,perfidiam
1325 1598 1481 1650 optans
1510 1600 1560 1638 ut
1590 1597 1855 1652 experiatur,

159 1674 291 1718 immo
320 1675 408 1719 iam
448 1687 563 1719 nunc
603 1673 714 1718 hanc
752 1673 975 1732 perfidiam
1015 1674 1169 1719 adesse
1212 1677 1493 1721 contendeus.
1566 1679 1709 1735 Atque
1747 1678 1854 1724 haec

159 1758 333 1813 quidem
362 1759 505 1803 media
535 1772 635 1816 pars
670 1763 754 1802 est.
815 1760 1024 1815 Sequitur
1065 1758 1250 1814 denique
1294 1761 1501 1805 exitus.
1563 1761 1759 1806 Tertium
1789 1763 1857 1805 in-

157 1839 327 1885 vehitur
355 1842 398 1885 in
429 1845 612 1900 puerum
640 1843 902 1898 obiurgans,
933 1849 978 1888 et
1006 1857 1119 1887 nunc
1149 1843 1323 1899 quidem
1354 1845 1469 1900 quod
1503 1844 1752 1902 decrepitus
1784 1859 1857 1890 se·-

155 1939 242 1969 nex
273 1928 329 1971 sit
358 1927 487 1972 foeda
517 1928 712 1986 podagra
741 1929 955 1982 affectus,
994 1930 1065 1972 oui
1095 1942 1144 1972 se
1178 1929 1348 1974 dederit
1376 1934 1424 1979 et
1454 1931 1748 1987 postposuerit
1777 1931 1858 1974 'ri-

155 2011 349 2066 bullum,
389 2013 650 2068 rediensque
678 2018 782 2069 post
809 2013 1156 2069 obiurgationem
1182 2014 1318 2061 ‚etiam
1346 2012 1402 2061 ad
1432 2006 1599 2069 poenae
1629 2013 1858 2056 denuntia-

156 2095 332 2150 tionem,
359 2109 458 2140 cum
487 2108 620 2154 snpra
647 2097 804 2142 abesse
833 2098 878 2142 in
908 2102 1130 2154 posterum
1158 2096 1335 2141 iusserit
1363 2109 1564 2153 puerum,
1593 2109 1706 2140 nunc
1736 2096 1858 2140 addit

154 2179 323 2222 tristem
350 2179 660 2236 poenitentiam
691 2180 732 2224 ei
762 2180 978 2234 futuram,
1021 2180 1096 2224 ubi
1135 2193 1186 2224 se
1226 2180 1422 2223 relictum
1464 2179 1622 2222 viderit
1651 2184 1696 2222 et
1725 2180 1856 2223 alium

78 2253 83 2256 ⁵
155 2273 339 2316 regnare
368 2263 412 2305 in
442 2263 610 2317 gremio
639 2266 823 2318 poetae,
862 2262 935 2317 qui
968 2262 1182 2304 resolutus
1212 2260 1356 2304 fallaci
1385 2274 1533 2304 amore
1562 2262 1747 2317 palmam
1778 2260 1858 2304 de-

78 2339 95 2351 ’
156 2342 318 2386 dicabit
347 2342 508 2387 Veneri
538 2355 618 2400 pro
651 2343 806 2388 salute.
835 2364 897 2376 --
944 2342 1080 2387 Vides
1120 2343 1445 2398 dispositionem
1489 2347 1653 2396 totam,
1699 2356 1780 2387 nec
1810 2349 1855 2386 te

157 2424 284 2467 latuit
328 2438 459 2481 spero
507 2425 554 2468 in
597 2422 682 2468 bac
715 2425 917 2481 metita
961 2425 1265 2480 obiurgatione
1309 2430 1355 2468 et
1409 2425 1644 2468 minatione
1689 2438 1857 2482 poenae

157 2519 287 2562 quam
319 2506 497 2564 pulchre
525 2520 606 2564 per
632 2507 795 2563 gradus
817 2507 1034 2564 procedat
1062 2512 1288 2551 crescente
1316 2507 1479 2550 affectu
1519 2509 1751 2564 explicatio
1785 2521 1859 2571 ref

158 2600 278 2642 rum,
308 2588 449 2633 donec
477 2590 522 2632 in
558 2590 644 2633 fine
675 2590 819 2637 omnia
847 2575 1049 2635 absoluta
1078 2589 1242 2632 videas.
1301 2589 1415 2633 Nam
1446 2603 1543 2633 cum
1573 2590 1615 2633 in
1646 2592 1857 2648 principio

135 2671 348 2729 ¹breviter
387 2672 682 2729 obiurgaverit
721 2675 884 2718 laesum
927 2685 1144 2727 amorem,
1195 2686 1299 2716 mox
1335 2674 1472 2716 tribus
1507 2674 1614 2716 locis
1643 2674 1857 2730 gradatim

156 2755 403 2810 levitatem,
434 2756 610 2813 periurii
640 2757 924 2814 pravitatem,
955 2761 1002 2799 et
1033 2757 1251 2811 ingratum
1280 2756 1467 2801 animum
1499 2757 1623 2811 pueri
1652 2756 1747 2800 fuse
1778 2767 1858 2798 ex-

157 2839 290 2896 plicat
333 2843 467 2894 atque
508 2841 728 2896 exagitat,
772 2842 914 2899 ipsum
948 2845 1094 2885 autem
1136 2839 1300 2884 sactum
1342 2840 1398 2882 ab
1442 2851 1495 2882 eo
1537 2838 1770 2882 admissum
1814 2838 1858 2880 in

159 2921 279 2965 exitu
322 2921 496 2967 demum
541 2924 660 2968 clare
702 2926 1007 2980 cognoscimus
1049 2926 1178 2981 quale
1220 2924 1379 2978 fuerit,
1429 2922 1680 2979 decrepito,
1728 2921 1859 2966 foedo

162 3004 360 3062 podagra
389 3007 483 3051 seui
512 3008 681 3053 scilicet
711 3022 811 3054 eum
841 3010 1096 3054 accubuisse
1117 3043 1131 3064 ,
1165 3008 1321 3053 callide
1351 3012 1480 3064 poeta
1512 3007 1572 3050 ita
1603 3018 1860 3063 suspensum

158 3094 333 3133 tenente
363 3091 571 3135 lectorem
603 3091 660 3136 ad
696 3092 840 3137 finem.
900 3094 1113 3138 Similiter
1154 3093 1248 3137 sere
1287 3104 1453 3149 poenae
1494 3090 1860 3134 denuntiationem

157 3171 375 3215 tractavit.
446 3172 645 3218 Divinam
675 3174 849 3230 quidem
879 3176 1086 3220 ultionem
1117 3174 1294 3232 periurii
1325 3174 1569 3231 graviorem
1601 3173 1861 3230 deprecatur

157 3256 202 3298 in
234 3256 462 3312 principio,
493 3258 727 3302 levioribus
757 3264 1002 3315 contentus,
1042 3260 1140 3318 ipse
1170 3271 1275 3304 vero
1306 3259 1350 3302 in
1379 3259 1518 3302 altera
1547 3260 1671 3314 parte
1701 3256 1859 3300 carmi-

161 3337 227 3380 nis
257 3350 351 3381 enm
381 3351 519 3395 puero
550 3353 735 3397 poenam
765 3342 946 3400 imponit
976 3347 1026 3388 ut
1054 3343 1209 3387 abesse
1241 3355 1339 3387 eum
1371 3341 1520 3386 iubeat
1549 3341 1592 3384 in
1623 3345 1858 3396 posterum·

161 3418 286 3461 cuiun
317 3420 377 3462 rei
411 3420 631 3467 tristitiam
663 3422 821 3468 deinde
851 3423 1046 3481 pluribus
1077 3425 1265 3482 explicat
1295 3424 1337 3466 in
1369 3424 1479 3476 iine3
1511 3422 1564 3467 de
1594 3420 1860 3475 corruptoris

1284 3508 1384 3554 12*
