2028 3796
224 280 277 312 ιν

223 405 351 477 quid
386 402 606 456 meditor
659 411 707 453 et
759 399 928 451 scribo
980 414 1107 465 prae
1157 398 1338 450 ceteris
1387 400 1453 451 ab
1501 401 1703 453 amicis:
1759 404 1839 455 his
1877 404 1922 454 si
1991 407 1995 412 ’

225 526 351 597 quid
388 527 555 594 placet
567 560 580 587 ,
621 519 847 571 maxime
885 520 1080 585 laetor,
1121 520 1185 571 ab
1210 520 1291 571 his
1329 519 1457 590 quid
1493 523 1778 575 erraverim
1813 525 1922 590 pri-

222 665 365 698 mum
400 643 603 696 moneri
643 652 691 693 et
727 640 903 692 doceri
939 640 1110 707 cupi0.
1181 642 1261 691 lta
1297 641 1450 692 etiam
1479 660 1618 694 nunc
1652 661 1810 712 quam
1834 661 1922 696 ve-

220 766 312 815 lim
346 764 512 815 Vobis
549 775 615 812 ne'
652 761 918 827 displiceat
951 760 1114 824 liber,
1156 778 1314 829 quem
1351 759 1477 812 edo!
1517 757 1756 828 Agedum
1790 765 1921 812 acci-

214 886 322 954 pite
359 881 486 953 quid
522 881 713 947 egerim
744 890 834 930 aut
849 881 1115 948 yoluerim
1149 898 1316 947 agere.
1386 882 1513 932 Post
1537 881 1790 947 egregiam
1821 881 1921 932 Ca-

217 1004 321 1055 roli
363 999 687 1056 Lachmanni
741 997 1099 1050 recensionem
1163 1000 1520 1068 maximopere
1574 1000 1784 1068 impulit
1835 1019 1918 1062 me

218 1119 447 1184 animuS,
484 1128 545 1167 ut
580 1132 794 1182 operam
831 1132 1000 1166 meam
1034 1114 1091 1163 in
1116 1112 1554 1180 ’interpretatione
1590 1115 1695 1165 cari
1734 1125 1920 1182 poetae

212 1255 488 1307 ponerem,
533 1252 692 1303 quam
738 1244 788 1283 et
842 1234 1011 1300 ipsam
1057 1232 1417 1284 emendatione
1462 1251 1612 1299 egere
1659 1234 1918 1288 videbam.

212 1358 383 1425 Atque
418 1356 518 1405 hoc
554 1353 669 1402 feci.
739 1350 947 1419 Sequor
991 1350 1150 1417 igitur
1200 1350 1559 1403 recensionem
1594 1351 1918 1404 Lachmanni

210 1476 341 1541 mei,
401 1474 501 1524 nisi
551 1470 694 1540 quod
751 1469 946 1537 passim
989 1467 1227 1534 discessi,
1290 1481 1340 1520 et
1385 1471 1586 1522 mutavi
1632 1473 1916 1523 nonnullos

210 1597 385 1658 locoS,
421 1590 515 1643 ubi
551 1588 679 1660 quid
720 1588 1007 1655 genuinum
1043 1599 1204 1653 esset,
1250 1589 1342 1642 vix
1379 1587 1608 1640 dubitari
1646 1607 1799 1657 posse
1828 1591 1914 1642 vi-

210 1714 449 1778 deretur,
491 1710 554 1762 de
592 1711 839 1763 universa
873 1727 1000 1763 vero
1023 1709 1247 1761 lectione
1289 1719 1348 1760 ut
1368 1710 1617 1772 habetur,
1654 1708 1720 1760 ad
1741 1709 1912 1760 Lach-

207 1831 387 1881 manni
419 1831 616 1879 librum
648 1829 822 1895 relego
856 1829 1129 1892 lectorem,
1183 1828 1276 1897 qui
1308 1828 1627 1885 recensionis
1663 1846 1787 1881 suae
1826 1847 1911 1881 ra-

205 1950 401 2000 tionem
447 1956 684 1998 accurate
730 1948 974 2013 exposuit
1019 1959 1071 1997 et
1111 1950 1359 2000 lectiones
1399 1949 1658 2001 librorum
1692 1965 1910 2001 suorum

205 2071 302 2122 sub
334 2078 484 2121 textu
518 2067 766 2120 indicavit
793 2085 990 2119 omnes.
1062 2069 1204 2118 Haec
1235 2067 1392 2120 editio
1418 2070 1685 2136 praeclara
1708 2065 1924 2119 dudum'

199 2188 258 2238 in
294 2187 530 2239 omnium
569 2187 810 2239 manibus
846 2199 946 2257 est3
999 2206 1092 2256 ego
1135 2190 1371 2257 excerpsi
1409 2189 1769 2242 tantummodo
1804 2207 1909 2258 po-

159 2347 162 2350 <
197 2308 359 2372 tiora,
398 2318 458 2358 ut
491 2309 574 2372 fit,
613 2325 680 2358 ex
702 2308 849 2359 varia
867 2309 1119 2373 lectione,
1155 2310 1346 2378 quibus
1371 2307 1547 2361 addidi
1571 2327 1746 2361 meum
1768 2326 1906 2379 'qua-

196 2431 455 2499 lecunque
499 2427 800 2493 iudicium,
828 2429 922 2505 ubi
965 2417 1164 2497 aliquid
1212 2430 1299 2482 vel
1351 2427 1766 2481 confirmandum
1815 2433 1904 2482 vel

196 2547 504 2601 mutandum
539 2546 832 2612 videretur,
883 2547 974 2600 sed
1024 2524 1281 2614 breviter,
1340 2561 1509 2602 cetera
1551 2549 1902 2618 Explicationi

191 2685 489 2734 reservam,
533 2670 627 2722 ubi
666 2669 923 2739 quidquid
958 2674 1148 2723 harum
1199 2689 1377 2723 rerum
1424 2690 1543 2724 cum
1587 2673 1898 2740 interpreta-

187 2787 331 2838 tione
369 2791 730 2857 coniunctum,
765 2791 1005 2845 disertius
1041 2795 1350 2864 plerumque
1383 2793 1616 2846 tractavi.
1695 2795 1780 2845 De
1814 2797 1896 2846 in-

186 2907 555 2971 terpretatione
593 2919 767 2959 autem
803 2928 920 2961 mea
962 2913 1067 2962 iam
1101 2912 1230 2962 haec
1266 2895 1486 2962 dicenda
1523 2913 1711 2964 habeo.
1790 2911 1894 2964 Re-

184 3020 473 3074 cordamini
509 3023 634 3093 quid
673 3035 901 3077 statuant
935 3027 1092 3093 vulgo
1141 3026 1205 3078 de
1238 3028 1443 3081 ratione
1477 3030 1670 3080 horum
1706 3030 1891 3080 carmi-

181 3155 333 3204 num,
383 3157 501 3191 cum
542 3159 609 3194 ne
664 3141 727 3195 de
778 3117 1046 3209 Scaligero
1088 3142 1280 3210 dicam,
1334 3147 1573 3215 Heynius
1617 3147 1675 3198 in
1710 3149 1886 3199 multis

175 3261 464 3327 fragmenta
505 3273 708 3316 tantum
743 3283 842 3318 nos
881 3277 1060 3318 tenere
1106 3233 1407 3332 crediderit,
1460 3269 1549 3319 alii
1598 3265 1884 3319 deleverint

172 3378 383 3446 quidem
421 3383 727 3435 lacunarum
766 3387 938 3452 signa,
995 3405 1166 3456 neque
1202 3398 1376 3440 tamen
1422 3388 1671 3440 unitatem
1711 3387 1879 3454 poeti-
