2158 3750
647 282 830 334 LIBR.
869 284 906 334 1.
983 282 1185 334 ELEG.
1221 282 1315 334 lx.
1737 287 1833 331 187

138 431 235 463 cum
267 423 381 478 turpi
413 435 576 478 puero,
621 427 839 468 renuntiat
870 424 1022 468 foedus
1051 425 1222 467 amoris.
1285 423 1376 466 Cur
1406 421 1624 466 Hsrmus
1655 419 1736 463 hoc
1769 419 1836 462 di-

134 501 304 547 stichon
350 506 535 549 alienum
579 507 766 562 iudicet,
811 522 911 552 cum
952 509 1048 551 aliis
1088 520 1175 551 non
1215 507 1440 562 intellig03
1494 505 1680 549 maxime
1722 503 1836 545 enim

134 592 467 631 consentaneum
498 589 627 632 etiam
658 602 796 646 puero
827 601 1010 645 poenam
1043 589 1231 634 decerni.
1291 589 1435 644 Atque
1465 587 1632 642 agitare
1661 589 1833 642 poetam

133 665 361 712 discidium
400 671 530 714 etiam
558 672 604 714 in
631 673 720 714 fine
747 669 1014 723 videbimus,
1054 670 1128 712 ubi
1159 670 1353 725 pluribus
1384 669 1575 726 explicat
1601 679 1694 710 rem
1722 677 1836 708 nuuc

133 748 323 794 breviter
357 751 602 812 indicatam.
674 751 768 795 Sed
808 751 880 795 adi
910 751 1307 806 Introductionem',
1351 753 1427 795 ubi
1457 752 1671 808 poeticam
1702 750 1838 793 ratio-

131 843 231 876 nem
261 832 409 878 barum
437 847 580 878 rerum
610 834 753 878 docui.
785 857 843 866 —-
888 835 944 879 V.
974 837 1034 878 58
1065 849 1161 890 sqq.
1220 836 1430 890 Sequitur
1458 834 1724 890 corruptoris
1754 835 1836 876 im-

132 917 351 970 precatio,
380 916 436 959 de
461 930 550 972 qua
580 915 663 960 hoc
692 922 819 960 tene=
862 916 1061 961 Vidimus
1090 917 1176 960 iam
1206 918 1383 973 saepius
1411 917 1456 960 in
1485 915 1840 959 antecedentibus

130 1010 292 1054 poenas
337 1000 500 1056 optime
544 999 894 1044 accommodatas
937 999 1212 1053 criminibus,
1257 1004 1388 1055 atque
1429 991 1513 1042 hoc
1553 1000 1684 1042 etiam
1725 1011 1839 1041 nuuc

130 1079 306 1124 factum.
369 1083 497 1128 Quae
529 1082 643 1125 enim
672 1082 1001 1126 convenientior
1042 1087 1185 1139 poena
1223 1081 1470 1138 corruptori
1512 1081 1661 1136 pueri,
1708 1093 1836 1134 quam

130 1168 179 1206 ut
211 1164 322 1207 alius
361 1165 404 1209 ei
446 1166 647 1210 similiter
674 1178 859 1210 uxorem
888 1165 1177 1222 corrumpat?
1237 1165 1379 1218 Hinc,
1413 1164 1643 1218 adultera,
1682 1162 1837 1217 inquit,

129 1252 226 1292 esto
253 1261 368 1293 uxor
397 1255 472 1294 tua
497 1263 580 1295 nec
610 1249 768 1295 cedere
807 1251 914 1294 velit
941 1250 1082 1294 sorori
1111 1253 1213 1293 tuae
1244 1248 1446 1306 pessimis
1473 1247 1723 1291 libidinibus
1755 1245 1837 1288 de-

129 1329 260 1385 ditae,
289 1332 435 1386 immo,
463 1334 623 1389 pergit,
652 1335 739 1379 iam
769 1333 895 1377 adest
928 1333 1008 1377 tibi
1039 1346 1180 1390 poena
1210 1331 1344 1386 hae03
1386 1336 1558 1376 constat
1589 1332 1702 1375 enim
1732 1328 1836 1374 mibi

129 1413 260 1456 certis
300 1415 436 1469 signis
475 1429 658 1460 uxorem
701 1421 819 1460 tuam
864 1417 949 1460 iam
990 1415 1153 1460 habere
1192 1429 1320 1460 usum
1359 1417 1564 1459 furtivum
1607 1427 1706 1458 cum
1751 1413 1838 1455 allo

129 1493 238 1538 viro.
298 1496 422 1540 Haec
451 1499 760 1542 sententiarum
805 1500 916 1543 ratio
961 1505 1056 1555 est3
1103 1499 1159 1543 ad
1189 1499 1492 1542 tractationem
1521 1497 1638 1553 quod
1669 1497 1839 1548 affluet,

128 1577 172 1619 in
202 1577 583 1634 imprecationibus
611 1581 857 1624 memineris
886 1581 1109 1624 Tibullum
1153 1581 1284 1624 etiam
1325 1581 1469 1637 turpia
1507 1593 1594 1623 non
1625 1578 1836 1632 defugere

129 1661 280 1717 effari,
321 1665 464 1719 qualia
491 1666 608 1709 alias
650 1679 737 1710 nou
766 1671 896 1711 -amat
939 1667 1100 1711 castior
1128 1667 1258 1710 Musa
1287 1666 1396 1708 eius·
1457 1665 1533 1707 Sic
1563 1665 1676 1718 eleg.
1707 1663 1762 1707 V.
1795 1662 1836 1703 in

129 1745 436 1802 imprecatione
465 1750 591 1794 lenae
619 1749 750 1794 foeda
778 1751 924 1807 legisti
954 1751 1010 1794 ab
1041 1752 1140 1794 aliis
1171 1749 1434 1794 carminibus
1465 1748 1620 1792 aliena.
1694 1747 1837 1790 Acce-

129 1828 195 1872 dit
223 1830 339 1884 quod
370 1831 412 1874 iu
443 1845 626 1888 puerum
656 1819 819 1888 scripta
851 1834 995 1888 elegia
1028 1838 1122 1886 est,
1169 1831 1288 1887 quod
1320 1843 1459 1886 genus
1490 1841 1675 1886 poeseos
1706 1828 1836 1870 lasci-

130 1912 237 1955 vius.
267 1935 329 1946 —
368 1913 586 1957 Rideat
614 1915 825 1968 inulta,
869 1915 1017 1968 ludat,
1056 1913 1246 1970 decipiat
1278 1914 1480 1970 impune,
1512 1917 1556 1955 te
1585 1923 1672 1954 non
1702 1910 1839 1952 resci-

128 2002 289 2042 scente.
349 1998 420 2042 Ad
452 1999 714 2043 locutionem
738 2000 1150 2045 ernmtmcnms
1173 1997 1343 2041 confert
1365 1997 1583 2040 ΤΕΒΕΝΤ.
1602 1994 1733 2038 Andr.
1759 1993 1838 2046 lll,

39 2107 42 2109 Δ
127 2083 171 2136 4,
196 2085 251 2125 4:
289 2082 488 2126 deridere
516 2083 644 2127 dolis.
675 2106 737 2120 —.-
780 2084 892 2132 Mox
920 2083 1146 2127 furtivo
1191 2095 1320 2136 usu,
1364 2080 1701 2134 consuetudine,
1733 2090 1836 2122 con—

128 2165 290 2208 cubitu.
322 2166 461 2210 Ovm.
491 2166 676 2210 Remed.
709 2168 805 2210 Am.
838 2171 943 2211 357.
977 2189 1036 2198 —-
1066 2166 1427 2223 interposita
1458 2169 1622 2208 veste
1651 2163 1835 2215 cubet,

58 2236 62 2238 ⁸
128 2261 213 2291 non
244 2248 444 2292 admittat
472 2251 699 2306 amplexus
729 2255 842 2293 tuos.
920 2248 1004 2292 Est
1033 2253 1181 2292 autem
1213 2246 1352 2290 vestis
1381 2247 1639 2290 observante
1670 2246 1835 2290 Vossro

129 2331 199 2376 bic
228 2333 460 2387 inmitium,
502 2334 596 2376 sive
625 2334 772 2376 tunica
800 2333 988 2376 interula
1017 2332 1301 2385 feminarum,
1348 2331 1404 2374 de
1434 2343 1519 2385 qua
1549 2329 1648 2373 vide
1677 2329 1835 2372 Bom-

131 2427 343 2458 'rrennun
389 2415 433 2457 in
474 2411 623 2471 Sabin.
667 2414 796 2459 Tom.
825 2414 883 2458 11.
924 2429 968 2471 p.
1000 2418 1101 2458 113.
1164 2414 1371 2457 Ceterum
1413 2417 1666 2470 comparant
1708 2413 1834 2456 Vm.-

130 2512 244 2552 prus,
275 2500 509 2553 Hermus,
536 2499 806 2542 Huscmuus
836 2499 1019 2542 Lucian.
1051 2499 1223 2554 Dialog.
1260 2499 1441 2540 Meretr.
1472 2496 1561 2539 XI:
1611 2497 1685 2538 καὶ
1713 2495 1835 2542 τέλος

128 2580 369 2637 δίετὲίχιζες
409 2581 461 2625 τὸ
501 2580 662 2634 μεταξύ
701 2579 820 2635 ὑμῶν
862 2584 926 2639 τῷ
959 2582 1145 2638 ἱματίῳ,
1191 2577 1344 2629 δεδιώς
1382 2575 1444 2638 μή
1485 2575 1704 2631 ψαύσαιμί
1741 2592 1835 2620 σοι’.

128 2668 260 2711 Addit
290 2667 511 2712 Hssrnms
541 2669 695 2712 Horat.
728 2668 870 2726 Epod.
900 2669 981 2724 111,
1012 2670 1113 2713 fin.:
1145 2675 1346 2709 extrema
1376 2664 1549 2722 sponda
1581 2661 1755 2709 cubare,
1791 2667 1836 2705 et

127 2749 398 2794 Huscnxms
438 2752 639 2808 Propert.
681 2750 739 2804 II,
790 2754 862 2805 15,
904 2754 959 2794 62
1013 2749 1243 2793 interdum
1290 2747 1448 2790 tunica
1499 2746 1631 2789 duxit
1678 2751 1836 2803 operta

128 2848 307 2877 moram.
339 2856 398 2866 —
443 2836 500 2879 V.
531 2839 604 2882 57.
651 2839 898 2879 externa
937 2835 1190 2890 vestigia
1221 2838 1324 2877 sunt
1355 2833 1484 2876 alieni
1514 2833 1620 2885 viri,
1661 2835 1710 2874 ut
1743 2831 1834 2874 Lu-

128 2917 266 2959 cretia
295 2928 366 2972 ap.
398 2915 500 2961 Ltv‘.
530 2915 566 2971 1,
596 2919 672 2962 58.
703 2916 808 2961 dicit
837 2917 1112 2961 laudantibus
1142 2917 1475 2973 interpretibus:
1512 2915 1557 2959 V
1553 2913 1717 2972 estigia
1748 2911 1836 2955 viri

128 2998 287 3053 alieni,
329 2997 572 3046 Collatiae,
611 2998 661 3041 in
689 2997 804 3042 lecto
835 3007 945 3042 sunt
975 3006 1073 3042 tuo.
1133 3000 1211 3043 Sic
1239 3013 1281 3044 v.
1314 3013 1352 3042 c.
1395 2999 1534 3042 Ovm.
1565 2995 1746 3040 Heroid.
1779 2995 1834 3048 V,

129 3086 241 3126 102:
279 3090 461 3125 externo
491 3081 644 3125 laesus
674 3095 847 3130 amore,
877 3082 921 3128 h.
953 3096 992 3127 e.
1023 3083 1236 3139 adulteri,
1269 3088 1315 3127 et
1345 3082 1530 3126 Metam.
1560 3081 1681 3136 XIV,
1714 3084 1830 3125 380:

134 3165 299 3208 Venere
335 3173 523 3208 externa
553 3164 754 3209 socialia·
773 3165 969 3225 foedera
996 3166 1188 3212 laedere.
1249 3168 1363 3213 Vide
1394 3167 1582 3211 maxime
1613 3167 1832 3209 Bnoucx-

131 3262 320 3292 nusum.
352 3273 410 3282 —
473 3255 674 3307 pateat
717 3257 944 3308 aperta,
992 3254 1234 3306 cumulate,
1278 3252 1320 3295 in
1355 3251 1497 3295 vivida
1529 3249 1740 3293 oratione.
1774 3271 1830 3279 —-—

133 3331 388 3388 cupidis,
417 3334 454 3387 1,
473 3337 606 3387 8,56.
640 3333 767 3377 Nunc
786 3332 1158 3379 moechisunt.—
1190 3335 1432 3389 V.59sqq.
1463 3332 1578 3375 Nec
1611 3331 1830 3374 lasciva

130 3428 305 3458 soror.
369 3415 652 3471 imprecatio,
698 3422 745 3459 ut
788 3428 917 3473 supra
960 3418 1173 3474 explicui,
1220 3430 1271 3460 eo
1315 3416 1504 3471 pertinet
1539 3418 1581 3456 et
1613 3411 1830 3467 pertinere
