2086 3756
167 211 316 247 cnxvl
841 194 936 243 DE
979 189 1177 247 POESI

165 333 217 397 I,
254 338 286 382 2
300 370 316 398 ,
355 333 455 382 40:

304 424 443 477 Nam
479 423 641 477 fuerit
677 423 978 494 quicunque
1022 427 1247 493 loquax,
1290 425 1335 475 is
1375 424 1624 490 sanguine
1662 434 1862 488 natam,

371 521 423 571 Is
458 522 678 571 Venerem
719 539 747 572 e
782 518 968 587 rapido
1005 521 1191 572 sentiet
1226 536 1336 571 esse
1372 520 1522 570 mari.

164 614 188 663 Ι
203 651 218 677 ,
257 620 287 664 8
304 649 319 677 ,
355 618 424 664 2:

305 706 431 758 Non
469 723 563 772 ego
602 707 759 759 celari
793 725 1038 777 possum,
1086 709 1213 778 quid
1250 720 1410 760 nutus
1456 707 1678 759 amantis

373 797 585 862 Quidve
608 801 779 868 fhrant
813 803 927 854 miti
961 805 1102 855 lenia
1137 805 1302 856 verba
1336 819 1486 854 sono·
1539 845 1542 848 .

164 888 376 960 Ubique
419 895 578 948 obvia
612 898 734 948 talia
772 896 914 964 apud
952 908 1160 965 poetas,
1212 915 1369 948 causa
1405 901 1579 947 autem
1611 911 1739 948 vera
1775 908 1870 943 cur

163 987 429 1052 placeant,
478 989 606 1042 haec
652 1001 756 1055 est,
806 1003 866 1043 ut
901 991 1038 1058 dixi,
1091 993 1215 1062 quia
1259 1010 1397 1044 nova
1435 993 1516 1044 vis
1561 991 1632 1041 sic
1677 987 1872 1039 accedit

164 1083 506 1149 sequentibus
532 1087 780 1137 membris
808 1086 1040 1153 periodi,
1079 1098 1235 1154 atque
1259 1088 1314 1136 in
1343 1087 1504 1150 elegia
1530 1087 1667 1135 hanc
1693 1098 1873 1133 curam

165 1185 491 1242 pentameter
538 1178 765 1229 maxime
818 1178 1093 1230 desiderat.
1180 1180 1323 1229 Haec
1371 1181 1640 1230 hactenus.
1723 1178 1874 1228 Post-

170 1284 327 1335 quam
382 1270 522 1320 enim
579 1270 643 1321 de
696 1273 987 1324 variatione
1044 1274 1330 1334 orationis„
1351 1273 1409 1322 in
1463 1272 1590 1339 ipsis
1643 1269 1874 1322 distichis

167 1361 394 1415 vidimus
428 1373 479 1414 et
508 1382 642 1433 quae
673 1383 792 1416 cum
824 1368 922 1418 hac
955 1368 1263 1430 coniuncta,
1303 1366 1702 1434 progrediamur
1734 1383 1876 1416 nunc

171 1459 326 1509 etiam
353 1460 561 1526 longius
591 1461 729 1512 ultra
756 1462 1084 1528 singulorum
1112 1461 1454 1513 distichorum
1481 1463 1630 1514 fines.
1700 1461 1875 1529 Atque

172 1554 266 1603 ubi
300 1554 632 1607 brevioribus
666 1557 934 1607 sententiis
970 1557 1034 1607 ab
1073 1558 1175 1608 alio
1215 1555 1277 1607 ad
1317 1556 1459 1606 aliud
1491 1555 1725 1620 venitur,
1764 1555 1878 1622 ipse

171 1647 256 1698 hic
304 1659 478 1701 motus
529 1651 684 1702 etiam
728 1651 1014 1702 elocutioni
1057 1669 1176 1701 cum
1219 1651 1509 1703 variatione
1555 1667 1734 1701 rerum
1771 1649 1879 1701 vim

173 1752 475 1808 conservat,
537 1762 633 1795 nec
679 1743 972 1796 verendum
1020 1763 1088 1795 ne
1137 1745 1290 1796 facile
1336 1748 1636 1812 languescat
1684 1746 1880 1810 oratio;

175 1847 227 1887 at
268 1837 325 1887 in
371 1837 807 1907 descriptionibus
849 1857 1010 1907 supra
1057 1839 1352 1907 explicatiS,
1405 1841 1499 1891 ubi
1546 1841 1882 1891 continuatur

176 1932 370 1982 diutius
415 1931 557 1983 idem
605 1943 761 1984 tenor
806 1951 1014 2000 rerum,
1069 1951 1261 2001 operae
1310 1935 1536 2002 pretium
1579 1944 1658 1986 est
1699 1933 1882 1986 videre

177 2024 446 2093 quomodo
491 2027 784 2093 intelligens
828 2038 986 2094 poeta
1025 2039 1205 2079 caveat
1249 2046 1316 2078 ne
1352 2027 1622 2090 minuatur
1661 2028 1721 2077 in
1755 2044 1883 2094 pro-

176 2137 354 2184 gressu
389 2121 469 2173 vis
507 2121 776 2173 orationis.
848 2120 996 2183 Quae
1037 2123 1252 2173 artificia
1294 2122 1449 2173 etiam
1485 2122 1570 2172 hic
1611 2121 1884 2188 simplicis-

179 2216 308 2265 sima
345 2226 493 2279 sunt,
546 2234 666 2266 cum
702 2227 875 2268 cetera
912 2217 1047 2268 ratio
1083 2217 1406 2268 tractationis
1452 2217 1632 2268 similis
1675 2228 1885 2268 maneat

179 2332 274 2366 nec
313 2313 602 2383 quidquam
639 2315 964 2366 artificiosius
1001 2325 1301 2383 quaeratur.
1353 2315 1463 2366 ·Ac
1501 2314 1730 2381 primum
1767 2313 1887 2382 qui-

180 2407 298 2459 dem
347 2427 465 2460 cum
507 2426 667 2477 supra
704 2407 767 2460 de
810 2411 1062 2478 anaphora
1099 2409 1293 2460 dictum
1342 2408 1436 2474 sit,
1488 2410 1635 2460 haec'-
1661 2409 1720 2459 in
1765 2410 1887 2460 lon·-

177 2504 322 2568 giore
360 2502 708 2571 descriptione
741 2505 976 2556 variatur
1010 2523 1060 2556 v.
1089 2524 1132 2555 c.
1162 2508 1228 2554 sie
1265 2505 1314 2568 I,
1346 2510 1406 2567 2,
1439 2506 1506 2555 45
1541 2521 1655 2573 sqq.
1723 2505 1888 2568 Hanc,

179 2599 328 2660 haee,
371 2599 531 2649 Haec.
565 2626 635 2636 —-
706 2601 840 2661 Iam,
886 2601 1012 2648 Iam.
1037 2625 1109 2635 —
1181 2599 1302 2648 Cum
1324 2599 1465 2662 libet,
1512 2600 1633 2648 Cum
1665 2599 1788 2649 libet.
1817 2625 1890 2636 —

183 2694 267 2742 Vel
310 2693 361 2755 I,
406 2699 466 2757 7,
508 2697 576 2742 29
620 2710 734 2760 sqq.
822 2695 1040 2755 Primus,
1093 2694 1302 2744 Primus,
1337 2720 1409 2729 —
1494 2694 1617 2757 Hic,
1668 2694 1784 2745 Hic.
1817 2719 1891 2731 —-

182 2787 432 2850 Bacchus,
480 2788 719 2838 Bacchus.
751 2814 823 2823 ——
893 2788 980 2836 Vel
1018 2788 1096 2851 ΙΙ,
1137 2790 1197 2851 1,
1237 2791 1304 2837 39
1344 2804 1459 2855 sqq.
1546 2789 1627 2838 Illi
1637 2826 1652 2851 ,
1703 2789 1783 2840 illi.
1817 2816 1891 2825 —

188 2881 345 2943 Tunc,
381 2890 519 2945 tunc,
553 2890 690 2944 tune,
726 2890 852 2931 tune.
888 2907 961 2918 —
1029 2883 1198 2944 Rura,
1241 2884 1399 2932 Rura.
1426 2909 1499 2919 -
1567 2883 1676 2933 Alio
1710 2886 1757 2933 in
1790 2884 1891 2933 loco

181 2973 248 3037 ΙΙ,
279 2978 326 3038 6,
356 2979 422 3024 21
455 2991 569 3042 sqq.
602 2973 832 3025 eiusdem
868 2976 1167 3042 anaphorae
1198 2975 1564 3043 repetitionem
1598 2977 1892 3043 longiorem

183 3069 518 3135 interrumpit
553 3069 654 3120 sic:
691 3071 823 3137 Spes,
853 3071 985 3138 SpeS,
1020 3071 1178 3134 Haec,
1211 3073 1346 3134 haee,
1378 3073 1510 3140 Spes.
1533 3100 1604 3110 —-
1646 3070 1889 3124 Secundo

183 3161 302 3212 loco
333 3162 497 3213 affero
529 3168 826 3214 mutationem
853 3169 1198 3231 pronominum,
1236 3166 1330 3216 ubi
1361 3164 1425 3216 de
1455 3164 1636 3216 eadem
1666 3146 1892 3233 persona

184 3273 382 3319 sermo,
433 3267 486 3308 ut
523 3258 574 3322 I,
612 3259 671 3322 4,
709 3259 775 3308 45
813 3275 928 3327 sqq.
1005 3261 1167 3321 Haec,
1207 3262 1348 3327 Ipsa,
1395 3270 1444 3310 et
1483 3259 1534 3319 1,
1573 3266 1627 3320 5,
1667 3261 1733 3309 49
1774 3277 1890 3328 sqq.
