2158 3750
304 258 371 301 22
703 250 1167 304 COMMENTAR.
1206 254 1280 303 IN
1319 254 1604 306 TlBULLI

306 408 466 450 locatio
499 406 648 448 eadem
681 407 885 459 usurpata
909 403 1106 458 Graecis,
1136 403 1192 446 cf.
1219 405 1360 447 Pmn.
1393 406 1463 448 Ol.
1486 407 1560 459 vl,
1579 410 1652 451 42.
1684 409 1810 463 Pyth.
1831 410 1909 462 XI,
1927 412 2001 452 64.

307 493 460 547 Neque
502 503 605 533 vero
648 488 779 531 verba
821 489 959 531 solum
1002 488 1062 531 ita
1104 489 1395 542 collocantur,
1437 495 1487 531 ut
1526 491 1737 534 Zmup'no
1779 493 1914 535 visum
1959 493 2000 534 in

305 571 609 623 Grammatico,
640 569 716 612 sed
749 571 875 612 etiam
905 569 1173 612 substantiva
1201 570 1370 613 duobus
1401 573 1603 615 membris
1634 575 1886 628 communia,
1915 575 2001 618 vid.

306 654 415 697 infra
453 653 507 696 ad
539 653 574 706 I,
605 656 648 706 2,
681 656 765 706 423
821 667 950 709 porro
992 654 1227 708 adiectiva,
1274 660 1321 698 ut
1361 655 1542 701 Honxr.
1574 657 1632 710 Π,
1663 661 1735 710 19,
1770 661 1853 699 28:
1890 657 2004 699 idem

301 736 430 792 pacis
459 750 560 777 eras
591 735 846 794 mediusque
877 734 994 783 belli,
1021 741 1150 792 atque
1182 739 1309 780 etiam
1343 739 1594 794 particulae,
1621 744 1670 780 ut
1698 739 1879 782 Horum.
1910 740 2002 782 Sat.

305 819 340 872 l,
371 820 414 872 4,
438 821 494 861 17
507 834 517 861 ε
552 818 696 875 inopis
727 833 792 860 me
824 818 1028 878 quodque
1054 818 1217 875 pusilli
1236 819 1479 875 finxerunt
1514 820 1665 863 animi.
1726 820 1842 866 Quid
1873 821 2006 874 igitur

305 915 461 945 causae
505 907 598 952 est,
646 902 790 956 dices,
836 904 873 946 si
915 904 1020 946 alias
1062 904 1172 947 aliae
1215 909 1359 960 partes
1402 905 1606 947 orationis
1637 905 1698 946 ita
1727 905 2006 955 collocantur,

306 983 422 1038 quod
450 983 651 1040 displicet
680 985 809 1027 lectio
833 998 859 1028 a
887 985 1181 1029 Licnnmuo
1206 1000 1231 1028 e
1262 986 1482 1029 codicibus
1513 988 1759 1030 melioribus
1787 967 2005 1030 restituta:

306 1068 342 1107 0
375 1074 594 1125 quantum
638 1075 706 1108 est
750 1067 854 1108 auri
891 1075 1051 1123 pereat
1090 1067 1333 1126 potiusque
1373 1067 1642 1126 smaragdi?
1702 1069 1916 1112 Nimirum
1946 1071 2004 1112 ita

304 1155 468 1192 tantum
499 1149 601 1193 ferri
630 1155 772 1205 potest
804 1149 910 1192 haec
939 1152 1181 1203 collocatio,
1214 1154 1253 1193 si
1282 1165 1431 1194 manca
1462 1157 1505 1194 et
1533 1152 1786 1207 imperfecta
1810 1158 1878 1195 est
1901 1166 2007 1195 con-

305 1233 485 1275 structio
517 1233 672 1287 prioris
699 1232 896 1285 membri,
925 1237 974 1274 ut
1004 1231 1104 1274 dum
1135 1232 1178 1273 id
1211 1234 1344 1287 legas,
1376 1234 1536 1275 sentias
1568 1233 1720 1275 deesse
1747 1244 1899 1276 vocem
1927 1233 2010 1278 ast-

304 1327 458 1368 quam,
493 1328 621 1369 quam
651 1314 806 1358 deinde
844 1315 999 1359 offerat
1033 1317 1288 1372 principium
1321 1318 1540 1371 sequentis
1569 1316 1762 1360 membri.
1823 1316 1898 1359 Sic
1929 1315 2007 1358 ha-

307 1397 381 1440 bet
410 1411 480 1440 res
510 1399 552 1440 in
586 1400 795 1455 exemplis
824 1399 964 1442 allatis
993 1400 1202 1442 omuibus.
1264 1400 1390 1443 Nunc
1417 1405 1560 1442 autem
1587 1401 1624 1443 si
1654 1400 1776 1443 dicoe
1808 1414 1833 1441 ο
1863 1412 2007 1457 quon-

305 1487 403 1522 ium
435 1489 503 1523 est
534 1468 641 1524 auri
665 1489 847 1537 pereat,
889 1495 970 1525 nec
1001 1483 1264 1525 constructio
1298 1495 1377 1524 nec
1409 1495 1560 1525 sensus
1586 1469 1888 1537 imperfectus,
1930 1480 2008 1526 de—

304 1563 595 1618 siderabitque
635 1577 762 1607 nemo
803 1565 930 1606 aliam
973 1571 1196 1620 praeterea
1240 1578 1387 1607 vocem
1431 1566 1570 1618 qualis
1594 1563 1775 1621 potius,
1820 1565 1897 1607 sed
1924 1564 2010 1608 hoc

305 1645 551 1688 adverbium
584 1645 636 1687 ad
673 1647 906 1689 secundum
940 1648 1079 1689 solum
1110 1648 1347 1691 membrum
1377 1649 1546 1703 trahet,
1592 1649 1706 1704 quod
1737 1656 1880 1693 tamen
1916 1651 2010 1693 fieri

304 1742 389 1772 non
418 1720 587 1773 debet(
626 1731 703 1774 Sic
725 1735 907 1786 apparet
933 1731 1090 1788 potius
1116 1740 1362 1789 pereatque
1392 1732 1664 1775 scribendum
1695 1746 1805 1776 esse.
1867 1736 2012 1787 Atque

304 1810 411 1854 haec
458 1812 677 1859 hactenus,
740 1815 980 1869 Pergamus
1023 1815 1080 1858 ad
1122 1817 1220 1858 alia.
1280 1816 1363 1858 Est
1407 1817 1521 1859 enim
1571 1816 1626 1860 de
1670 1818 1887 1860 sententia
1927 1819 2010 1862 loci

304 1901 530 1950 praeterea
561 1897 825 1952 notandum,
874 1900 1011 1953 quod·
1036 1900 1145 1942 bene
1186 1900 1291 1941 vidit
1321 1901 1540 1953 Vossms,
1583 1901 1677 1943 auri
1707 1900 2009 1956 smaragdique

303 1980 522 2022 mentione
553 1982 707 2023 iterum
750 1983 864 2024 illam
907 1985 1114 2026 adversus
1146 1985 1319 2027 Antonii
1364 1985 1597 2027 orientales
1638 1985 1786 2040 copias
1827 1984 2010 2042 expedi-

303 2062 464 2104 tionem
507 2064 769 2117 significari,
827 2066 943 2120 apud
988 2078 1096 2120 quos
1145 2079 1321 2118 aurum,
1375 2080 1591 2120 gemmaS,
1648 2067 1900 2122 smaragdos
1940 2068 2010 2110 in-

306 2150 477 2187 ventum
520 2146 573 2187 iri
615 2147 882 2202 sperabatur.
954 2147 1064 2189 Nam
1111 2148 1297 2189 Antonio
1339 2154 1485 2190 narrat
1529 2149 1615 2190 Dio
1651 2148 1839 2191 CAssws
1881 2149 1935 2201 L,
1967 2152 2008 2191 6.

303 2242 452 2271 omnes
483 2229 574 2271 fere
605 2243 733 2284 reges
765 2231 1023 2283 orientales,
1054 2230 1256 2272 Romano
1287 2232 1470 2286 imperio
1500 2231 1687 2284 vicinos,
1730 2231 1905 2273 affuisse
1936 2243 2007 2272 so-

303 2311 420 2364 ciOS,
453 2316 497 2354 et
527 2317 684 2366 poetae
717 2311 772 2354 de
804 2312 921 2354 Indis
963 2312 1072 2353 adeo
1106 2313 1338 2366 loquuntur
1369 2314 1424 2355 ab
1456 2314 1695 2356 Octaviano
1725 2313 1930 2366 devictis,
1962 2319 2011 2357 ut

305 2396 443 2439 Vme.
477 2396 582 2437 Aen.
613 2395 730 2449 Vlll,
748 2399 851 2438 685.
876 2399 977 2438 705.
1010 2396 1134 2439 Conf.
1158 2397 1286 2440 Voss.
1308 2397 1362 2439 ad
1393 2398 1514 2452 Virg.
1547 2398 1712 2452 Georg.
1747 2412 1789 2453 p.
1809 2400 1897 2438 339
1915 2410 2009 2452 sqq.

305 2480 420 2535 apud
451 2479 581 2521 ludos
611 2492 714 2522 vero
748 2494 913 2533 aurum,
947 2494 1159 2534 gemmae,
1193 2482 1466 2535 margaritae,
1497 2481 1727 2535 smaragdi,
1759 2479 1816 2523 cf.
1849 2479 2009 2522 Tibull.

306 2564 363 2616 11,
393 2567 436 2616 2,
470 2567 539 2607 15.
573 2565 648 2616 lV,
682 2567 726 2616 2,
760 2567 830 2607 19.
864 2565 1018 2607 LYGD.
1052 2565 1130 2618 Ill,
1161 2569 1203 2618 3,
1237 2569 1304 2608 17.
1338 2565 1575 2611 Pnopnnw.
1599 2565 1633 2619 Ι,
1664 2569 1708 2615 8,
1733 2568 1806 2609 39.
1840 2567 1910 2618 14,
1938 2569 2008 2608 12.

306 2648 385 2700 ΙΙΙ,
416 2650 458 2701 4,
491 2651 534 2690 2.
591 2647 730 2691 Ovm.
764 2649 872 2691 Met.
905 2649 962 2701 ll,
993 2652 1063 2691 24.
1120 2649 1267 2691 Cum.
1302 2650 1464 2691 Histor.
1498 2647 1668 2700 Vllya,
1702 2651 1773 2690 19.
1835 2650 2009 2691 Serme.

307 2728 488 2783 Thyest.
517 2733 620 2772 371.
656 2731 916 2773 CnAumAN.
950 2731 1004 2772 de
1023 2732 1100 2774 IV.
1130 2731 1292 2773 consul.
1328 2731 1494 2773 Honor.
1528 2744 1566 2772 ν.
1588 2733 1691 2772 563.
1735 2731 1880 2776 *Quae
1910 2745 2008 2774 cum

306 2813 368 2854 ita
399 2813 508 2866 siut,
552 2813 756 2855 discimus
789 2827 843 2855 ex
876 2812 957 2856 hoc
988 2816 1086 2856 loco
1117 2819 1286 2869 tempus
1318 2814 1499 2868 elegiae.
1576 2814 1633 2855 At
1675 2813 1816 2865 enim,
1863 2813 2010 2856 dicent

306 2897 526 2950 nonnulli,
577 2897 673 2950 quis
718 2897 780 2939 sic
827 2902 981 2950 urgeat
1029 2899 1160 2940 verba
1214 2898 1400 2950 Tibulli3
1460 2909 1612 2939 aurum
1665 2900 1710 2939 et
1757 2895 2008 2950 smaragdos

304 2978 476 3020 omnino
508 2991 570 3033 pr.
605 2977 765 3032 praeda
797 2978 931 3032 dixit,
963 2993 1043 3022 nec
1077 2981 1311 3033 loquuntur
1342 2984 1543 3022 accurate
1575 2984 1758 3034 poetae,
1787 2979 1866 3021 sed
1894 2983 2008 3022 stre-

306 3060 441 3114 pitum
472 3060 700 3102 verborum
730 3064 885 3102 amant.
949 3060 1161 3103 Nimirum
1196 3060 1262 3103 bic
1295 3066 1361 3103 est
1391 3061 1472 3103 iste
1506 3061 1717 3116 pessimus
1745 3073 1891 3113 error,
1934 3061 2007 3114 qui

304 3146 349 3183 et
380 3141 483 3183 olim
517 3142 746 3196 plurimum
778 3142 926 3184 nocuit
956 3147 1183 3197 poetarum
1216 3143 1492 3197 explicationi
1523 3147 1568 3186 et
1600 3143 1832 3184 etiamnum
1863 3148 2004 3184 nocet.

302 3221 450 3264 Etiam
489 3228 644 3278 poetae
681 3225 1008 3267 accommodant
1038 3226 1170 3267 verba
1202 3226 1500 3281 praesentibus
1538 3225 1668 3268 rebus
1709 3229 1753 3267 et
1783 3225 1909 3280 plane
1940 3226 2005 3267 in·

301 3308 403 3360 epte
433 3305 658 3359 Tibullus,
702 3308 739 3348 si
770 3320 808 3348 v.
842 3320 879 3348 c.
925 3313 1073 3348 contra
1106 3308 1256 3349 Gallos
1300 3313 1376 3350 aut
1413 3308 1653 3350 Germanos
1696 3306 1810 3348 istud
1847 3306 2005 3349 bellum

301 3393 497 3443 paratum
528 3395 657 3444 esset,
687 3390 940 3444 smaragdos
972 3396 1265 3434 memorasset.
1329 3391 1535 3434 Ceterum
1562 3389 1657 3432 vide
1687 3387 1741 3430 de
1767 3387 2004 3443 smaragdis
