2086 3756
200 279 358 312 cxxvi
867 258 959 307 DE
1001 257 1199 313 POESI

195 400 635 470 quemadmodum
668 403 907 469 pluribus
939 401 995 450 in
1027 398 1415 453 Commentario
1450 401 1514 453 ad
1545 402 1690 455 illum
1719 405 1888 457 locum

196 501 439 568 explicui.
511 498 703 550 Similis
742 514 827 548 res
862 497 918 546 in
954 498 1084 548 hoc:

247 647 250 652 -
334 609 567 660 Urentur
602 606 786 670 sacie8‚
832 614 1054 656 urentur
1090 605 1199 671 sole
1236 605 1436 672 capilli,

400 702 617 751 Deteret
647 696 907 751 invalidos
942 708 994 748 et
1029 698 1114 751 via
1149 699 1304 764 longa
1338 698 1513 767 pedes.

192 824 237 861 et
275 811 329 861 iu
368 812 494 862 hoc:

326 906 546 958 Frustra
580 907 684 957 iam
725 914 922 967 vestes,
971 905 1167 956 frustra
1203 913 1470 957 mutantur
1509 903 1751 967 amictus,

394 1001 640 1070 Ansaque
679 1017 1001 1067 compressos
1038 999 1232 1064 colligit
1267 1010 1379 1050 arta
1411 998 1596 1066 pedeS,

185 1112 277 1162 ubi
326 1112 632 1162 hexameter
674 1109 924 1177 bipartito
965 1107 1029 1158 de
1081 1108 1441 1175 superioribus
1491 1109 1729 1176 partibus
1777 1124 1893 1160 cor-

182 1205 354 1271 poris,
411 1215 734 1272 pentameter
769 1204 832 1254 de
870 1203 1091 1271 pedibus
1130 1206 1248 1268 agit.
1329 1206 1503 1271 Atque
1545 1204 1620 1256 ita
1649 1198 1723 1255 'in
1760 1205 1890 1256 aliis,

181 1300 376 1351 Vidisti
409 1301 467 1350 in
505 1300 750 1352 omnibus
782 1300 947 1351 allatis
976 1301 1228 1367 exemplis
1257 1299 1386 1351 duas
1418 1299 1694 1367 primarias
1717 1311 1890 1368 partes

183 1396 495 1460 sententiae3
555 1394 665 1445 dixi
711 1412 839 1447 vero
893 1395 1048 1444 etiam
1094 1394 1411 1463 tripartitam
1448 1382 1759 1450 divisionein
1805 1412 1893 1446 re-

178 1490 344 1555 periri
378 1488 659 1542 interdum.
729 1490 814 1542 Sic
848 1491 908 1542 in
942 1491 1072 1542 hoc:

320 1598 440 1650 Neu
485 1598 704 1666 strepitu
745 1609 934 1650 terrete
976 1596 1198 1666 pedum,
1252 1616 1354 1649 neu
1403 1600 1638 1666 quaerite
1677 1614 1888 1661 nomen,

390 1695 512 1747 Neu
548 1713 717 1764 prope
755 1695 975 1762 fngenti
1010 1695 1210 1746 lumina
1246 1695 1378 1746 ferte
1413 1696 1555 1760 sace,

178 1814 227 1854 et
262 1804 317 1855 in
356 1806 485 1857 hoc:

316 1899 427 1954 Ure
468 1919 645 1952 meum
680 1899 860 1968 potius
895 1900 1104 1952 flamma
1142 1909 1322 1968 caput,
1368 1911 1418 1951 et
1453 1909 1572 1968 pete
1592 1883 1754 1953 'ferro

388 1995 623 2062 Corpus,
673 2006 724 2046 et
755 1995 953 2046 intorto
989 1996 1209 2048 verbere
1248 2006 1393 2062 terga
1429 2013 1560 2048 seca.
1651 1980 1681 1999 '⁵

176 2107 362 2176 Neque
395 2117 572 2158 tamen
610 2107 858 2174 frequens
891 2123 1004 2172 res3
1052 2107 1280 2173 legitima
1317 2117 1395 2159 est
1422 2105 1670 2174 bipartita
1699 2084 1897 2158 forma-⁴

174 2202 258 2252 Ad
293 2205 428 2253 hanc
463 2202 619 2267 igitur
654 2199 960 2260 redeamus,
1017 2212 1067 2252 et
1101 2217 1480 2270 persequamur
1514 2220 1655 2253 nunc
1691 2212 1888 2273 ceteras

175 2295 518 2347 distichorum
553 2296 766 2359 formas,
799 2297 858 2346 in
887 2295 1078 2364 quibus
1111 2314 1173 2346 ea
1207 2302 1489 2370 comparet.
1559 2298 1634 2348 Ac
1657 2284 1888 2364 primum

174 2391 386 2458 quidem
424 2402 500 2442 est
535 2391 629 2442 ubi
663 2391 905 2459 opposita
933 2395 1190 2444 sententia
1221 2391 1515 2460 praecedit,
1550 2404 1664 2445 tum
1700 2392 1886 2448 divisio

174 2489 439 2557 sequitur,
487 2498 545 2538 ut
579 2487 636 2536 in
671 2487 784 2539 his:

314 2591 399 2640 Tu
438 2590 625 2638 Manes
667 2606 734 2638 ne
770 2586 921 2638 laede
961 2604 1132 2653 meoS,
1182 2587 1274 2641 sed
1314 2605 1471 2656 parce
1510 2589 1694 2640 solutis

391 2681 640 2732 Crinibus
679 2691 730 2731 et
761 2681 985 2745 teneris,
1033 2680 1219 2746 Delia,
1270 2700 1427 2750 parce
1465 2683 1626 2748 genis.

315 2825 426 2876 Nec
466 2823 615 2876 docet
650 2825 752 2876 hoc
791 2841 1002 2889 omnm,
1043 2825 1135 2877 sed
1175 2842 1308 2894 quos
1345 2843 1439 2877 nec
1474 2825 1659 2876 inertia
1698 2820 1881 2889 tardat,

386 2921 496 2972 Nec
534 2929 676 2973 vetat
714 2920 938 2972 obscura
974 2937 1185 2985 surgere
1223 2931 1375 2972 nocte
1412 2920 1587 2971 timor.
1751 2923 1758 2929 '

973 3014 1091 3024 --———

313 3063 423 3114 Nec
458 3060 686 3129 pecudes
722 3062 867 3114 velut
901 3071 1021 3112 ante
1057 3062 1189 3128 petit
1226 3059 1450 3131 (Amor):
1485 3063 1660 3115 fixisse
1681 3063 1881 3130 puellas

383 3158 551 3209 Gestit
591 3169 642 3208 et
680 3157 919 3209 audaces,
943 3158 1306 3225 perdomuisse
1340 3161 1501 3211 viros.

168 3272 228 3320 In
268 3269 380 3321 aliis
415 3271 546 3321 locis
582 3272 839 3322 sententia
874 3274 1022 3339 prior
1054 3273 1311 3339 generalis
1354 3283 1445 3336 est,
1487 3272 1725 3339 sequitur
1761 3287 1878 3338 spe-

170 3365 311 3415 cialis
354 3363 518 3416 divisa
558 3365 826 3432 partibus:
