2086 3756
289 252 413 284 xvnt
988 229 1084 278 DE
1127 227 1296 278 VITA

290 381 379 447 qui
422 378 620 430 medius
672 377 808 427 inter
848 383 1111 424 matronas
1160 383 1209 424 et
1258 372 1386 424 viles
1439 374 1733 425 meretrices
1786 390 1994 424 morum

289 476 540 529 suavitate
585 484 634 524 et
674 472 886 524 vestitus
931 470 1191 521 liberioris
1238 470 1511 536 elegantia)-
1528 470 1853 522 iuventutem
1888 468 1995 519 Ro-

291 589 495 622 manam
538 571 773 631 tenebat,
830 567 894 617 cf,
929 565 968 630 I,
1017 570 1067 629 6,
1104 570 1190 616 67.
1275 566 1349 616 Ac
1394 575 1542 632 pater
1586 574 1826 616 mortuus
1869 573 1995 624 erat,

290 678 457 718 mater
503 665 748 716 laudatur
796 663 1098 732 aliquoties,
1150 659 1256 715 vid.
1287 663 1344 726 1,
1385 667 1434 726 3,
1472 662 1557 712 84.
1607 661 1647 722 Ι,
1686 664 1736 722 6,
1774 663 1839 708 63
1883 674 1995 725 sqq.

289 763 413 811 Erat
453 762 672 810 honesta
705 758 901 810 familia
935 767 986 807 et
1020 773 1128 809 non
1165 773 1341 822 egena,
1378 773 1512 824 quae
1549 755 1760 806 ancillas
1797 753 1997 820 aliquot

286 857 506 907 haberet
539 850 601 923 (Ι,
645 862 695 918 3,
738 851 872 923 87.),
909 862 961 903 et
999 856 1241 904 servabat
1273 852 1507 903 illaesam
1546 843 1851 918 pudicitiam
1884 848 1996 898 De-

286 949 386 1013 lia,
421 960 481 1000 ut
522 947 756 1013 videtur,
805 965 922 999 cum
959 948 1192 1015 primum
1227 946 1428 998 Tibulli
1464 960 1695 997 amorem
1731 937 1995 1007 excitaret,

290 1044 381 1111 qui
413 1045 469 1094 in
505 1046 897 1096 matrimonium
932 1044 1144 1114 quidem
1185 1043 1375 1095 ducere
1413 1059 1528 1094 eam
1573 1059 1684 1094 non
1725 1041 1993 1106 cogitabat,

287 1149 346 1189 ut
379 1158 655 1209 perperam
689 1141 862 1194 visum
912 1141 1181 1208 Spohnio,
1231 1152 1282 1191 at
1328 1158 1427 1207 pro
1475 1157 1645 1192 uxore
1686 1156 1862 1191 secum
1899 1138 1996 1189 ha-

285 1236 410 1284 bere
451 1236 660 1285 volebat
711 1245 763 1284 et
810 1246 985 1285 tenere
1040 1233 1104 1284 ad
1157 1246 1412 1299 mortem,
1465 1236 1511 1285 si
1557 1235 1662 1286 fida
1710 1235 1996 1285 mansisset.

286 1325 442 1389 Quod
478 1346 586 1379 non
627 1329 765 1379 fecit.
847 1322 985 1380 Nam
1033 1329 1303 1394 Tibullus,
1353 1329 1446 1398 qui
1483 1329 1621 1381 civili
1658 1329 1800 1381 bello
1833 1322 1995 1380 inter-

287 1441 398 1475 esse
432 1425 690 1488 noluerat,
726 1425 905 1490 paullo
941 1435 1061 1491 post
1094 1425 1288 1475 iterum
1311 1426 1568 1478 invitatus
1603 1443 1634 1475 a
1668 1425 1894 1476 Messala
1928 1423 1995 1475 ad

283 1521 655 1590 Aquitanicam
689 1523 900 1586 bellum,
937 1539 1125 1588 negare
1161 1520 1435 1586 dubitavit,
1471 1533 1523 1573 et
1555 1523 1654 1573 sub
1684 1522 1844 1574 finem
1871 1533 1994 1572 ann.

287 1624 408 1670 723.
451 1636 568 1669 cum
602 1620 702 1669 hoc
738 1619 853 1671 viro
893 1620 950 1669 in
989 1612 1212 1670 Galliam
1244 1621 1511 1687 profectus
1549 1628 1651 1684 est,
1697 1636 1855 1688 quem
1888 1617 1993 1668 dis-

287 1734 486 1767 cessum
522 1709 767 1767 describit
801 1716 842 1780 1,
882 1722 911 1766 3
954 1722 984 1766 9
1025 1734 1139 1784 sqq.
1228 1717 1516 1767 Debellatis
1552 1715 1857 1784 Aquitanis,
1909 1715 1994 1765 cui

284 1811 360 1861 rei
399 1812 696 1862 interfuisse
730 1827 784 1860 se
822 1821 978 1877 poeta
1013 1811 1054 1874 Ι,
1085 1808 1134 1874 7,
1173 1816 1220 1864 9.
1253 1812 1530 1877 gloriatur,
1565 1805 1790 1862 Messala
1826 1812 1993 1863 conti-

283 1924 391 1958 nuo
441 1905 508 1956 ad
563 1904 834 1958 Orientem
886 1905 1308 1973 componendum
1355 1908 1420 1959 ab
1474 1907 1710 1973 Augusto
1757 1916 1991 1970 vocatur,

283 2003 523 2054 Tibullus
579 2003 881 2065 comitatur,
935 2001 1022 2053 sed
1072 2002 1127 2052 in
1179 2001 1410 2070 Corcyra
1455 2004 1642 2053 morbo
1698 2002 1993 2068 corripitur.
2079 2009 2086 2027 ⁴

282 2099 509 2149 Messala
553 2091 822 2149 continuat
855 2099 983 2161 iter,
1021 2108 1072 2147 et
1111 2096 1372 2159 Ciliciam,
1421 2095 1654 2164 Syriam,
1695 2097 1992 2164 Aegyptum
2078 2082 2086 2118 ³

284 2195 578 2260 componit,
633 2192 695 2243 de
735 2211 841 2260 quo
876 2191 1018 2259 apud
1053 2194 1323 2243 Tibullum
1359 2193 1399 2257 I,
1433 2200 1482 2254 7,
1524 2196 1588 2243 13
1624 2210 1740 2261 sqq.
1781 2191 1993 2259 dicitur3
2080 2203 2086 2246 3

282 2299 437 2353 poeta
484 2303 754 2337 remanere
803 2298 1009 2337 coactus
1063 2288 1240 2338 scribit
1287 2305 1444 2339 carm.
1487 2287 1528 2351 I,
1569 2294 1620 2339 3.
1673 2289 1772 2339 sub
1810 2299 1990 2340 auctu-

282 2400 463 2433 mnum
501 2401 623 2433 ann.
662 2384 782 2432 724.
857 2383 923 2432 cf.
962 2382 1161 2434 Introd.
1201 2381 1267 2434 ad
1307 2384 1536 2449 elegiam,
1566 2395 1616 2435 et
1648 2382 1792 2436 haud
1832 2383 1990 2438 dubie
2070 2415 2072 2434 ;

284 2496 393 2528 non
433 2479 598 2529 multo
642 2489 762 2545 post
808 2478 921 2544 ipse
963 2477 1118 2528 etiam
1154 2477 1288 2527 redit
1321 2477 1564 2528 Romam.
1645 2472 1746 2529 Hic
1787 2480 1991 2533 invenit

280 2572 488 2622 Deliam
528 2582 880 2637 aegrotantem
916 2572 1123 2638 opinor,
1159 2571 1261 2621 nisi
1290 2573 1470 2638 paullo
1506 2583 1627 2638 post
1657 2573 1715 2623 in
1742 2577 1987 2627 morbum

280 2667 484 2731 incidit,
541 2679 591 2719 et
637 2679 750 2719 tum
792 2668 1049 2735 praestitit
1095 2668 1266 2719 officia
1321 2667 1578 2735 descripta
1626 2669 1668 2731 I,
1710 2673 1760 2733 5,
1801 2677 1830 2721 9
1871 2688 1987 2739 sqq.

282 2761 346 2812 ad
372 2763 563 2812 lectum
589 2764 700 2813 eius
729 2763 843 2830 ipsa
870 2763 1057 2813 hieme.
1128 2762 1482 2829 Exposuimus
1512 2765 1569 2815 in
1595 2763 1986 2818 Introductione
2070 2788 2073 2796 ⁴

283 2857 348 2908 ad
386 2858 518 2908 illud
555 2876 761 2909 carmen
804 2858 867 2910 de
905 2860 1006 2910 alio
1046 2870 1281 2926 tempore
1322 2860 1536 2926 cogitari
1571 2859 1842 2912 commode
1877 2877 1987 2913 non
2063 2918 2065 2923 .

279 2972 449 3022 posse.
535 2953 987 3018 Quemadmodum
1024 2967 1197 3008 autem
1239 2975 1400 3025 supra
1431 2960 1488 3010 in
1524 2960 1693 3026 prima
1722 2960 1849 3011 libri
1881 2961 1985 3010 ele·
2059 2976 2075 3027 .'‘

280 3053 362 3115 gia
397 3048 625 3101 vidimus
660 3063 782 3119 post
818 3053 1052 3103 confecta
1077 3051 1334 3120 stipendia
1359 3054 1622 3124 equestria
1649 3053 1717 3106 ad
1739 3055 1984 3107 rusticam

278 3146 439 3197 vitam
467 3147 813 3199 transiturum
844 3158 1068 3215 poetam,
1103 3147 1176 3198 sic
1213 3166 1354 3199 nunc
1388 3159 1511 3217 post
1537 3148 1766 3201 reditum
1797 3168 1864 3202 ex
1899 3168 1983 3201 re·
2058 3133 2064 3178 ²¹

280 3243 585 3295 centissimis
627 3244 872 3312 periculis
908 3245 1098 3297 fortius
1137 3249 1360 3313 resurgit
1395 3248 1534 3299 ruris
1573 3256 1736 3299 amor.
1821 3249 1983 3300 Vole-

277 3341 367 3389 bat
414 3341 574 3407 igitur
610 3342 818 3396 tandem
858 3344 1026 3397 missis
1072 3344 1348 3397 itineribus
1398 3345 1595 3397 bellicis
1648 3343 1714 3395 ad
1763 3345 1980 3394 inertem
