2158 3750
343 246 448 289 230
748 237 1218 290 COMMENTAR.
1247 238 1327 288 IN
1365 239 1651 291 TIBULLI

353 383 596 437 praeferre,
644 387 692 424 ut
733 381 821 422 illie
865 378 1015 421 mollia
1059 381 1221 423 rectius
1262 381 1463 436 positum.
1527 383 1604 424 Sic
1651 384 1714 425 illi
1755 384 1851 427 loco
1894 384 2046 426 melius

351 466 550 508 convenit
589 462 751 505 collum
791 477 890 504 cum
932 460 1080 517 capite
1121 461 1366 504 redimitum
1405 463 1558 516 sertis,
1606 461 1704 506 huie
1741 477 1845 507 vero
1886 471 2049 508 sancta

352 560 489 588 coma.
549 547 692 600 Atque
725 544 830 588 haec
861 544 1082 587 hactenus·
1110 556 1168 577 ⁶-
1213 557 1407 600 purum
1447 546 1678 588 nardum
1715 551 1812 603 post
1839 547 1896 596 Is.
1931 549 2048 591 Vos-

346 642 453 671 snm
480 628 535 671 ad
562 630 719 672 Catull.
751 643 793 684 p.
813 632 916 671 267.
948 629 1203 672 observante
1234 631 1509 672 Smmmmo
1535 629 1590 671 ad
1617 628 1864 672 Callimach.
1889 629 2050 683 Hymn.

351 715 393 755 in
429 714 570 769 Apoll.
600 717 674 757 38.
717 718 785 756 est
824 718 955 756 tenue
996 719 1041 756 et
1080 714 1268 769 simplex
1301 715 1444 756 oleum
1475 713 1724 766 nardinum,
1761 725 1860 756 cum
1902 717 2052 756 contra

351 802 617 852 unguentum
649 810 840 842 crassum
870 803 987 842 esset
1017 804 1062 841 et
1092 800 1290 842 mixtum.
1352 798 1655 842 Assentiuntur
1679 797 2052 852 Bnmmxnnsms,

349 878 594 933 Hmmms,
636 879 916 926 HuscanS.
987 881 1117 927 Quod
1150 882 1262 924 enim
1294 881 1634 923 BERN-mmmm,
1670 881 1941 922 Cnmssmus
1973 893 2055 935 ge-

351 962 540 1016 nuinum‚
584 977 668 1006 non
700 963 986 1007 adulteratum
1019 966 1162 1009 oleum
1195 966 1397 1022 explieat,
1428 965 1588 1007 inutilis
1620 965 1806 1006 maxime
1837 968 1882 1006 et
1912 963 2056 1007 ieiuna

350 1043 456 1087 haec
487 1050 604 1087 esset
635 1050 792 1102 poetae
824 1044 1083 1100 observatio,
1114 1048 1214 1102 quia
1241 1060 1319 1103 per
1350 1060 1397 1089 se
1427 1048 1686 1102 intelligitur
1712 1060 1797 1090 non
1824 1047 2055 1089 convenire

350 1130 435 1173 deo
466 1131 596 1174 aliud.
671 1131 783 1174 Illud
814 1137 961 1174 autem
993 1131 1214 1187 epitheton
1247 1137 1439 1174 naturam
1472 1133 1556 1174 olei
1587 1132 1750 1174 nardini
1782 1132 1970 1184 indicat,
2012 1137 2058 1174 et

350 1225 408 1256 ,ex
441 1225 590 1255 eorum
622 1225 782 1267 genere
812 1218 906 1265 est,
952 1227 1063 1267 quae
1095 1219 1306 1269 perpetua
1341 1213 1554 1256 dicuntur.
1628 1215 1765 1256 Simul
1800 1220 1942 1256 tamen
1975 1214 2058 1256 ob-

351 1308 476 1338 serva
508 1302 556 1338 ut
586 1297 761 1339 minime
793 1296 860 1340 hic
902 1297 1087 1340 otiosum
1123 1298 1203 1349 sit3
1253 1311 1351 1350 nam
1394 1297 1629 1354 respondet
1669 1298 1832 1354 optime
1875 1299 2056 1341 consilio

354 1377 438 1420 loci
467 1379 596 1420 etiam
630 1377 736 1432 hoc,
781 1379 898 1433 quod
933 1379 1194 1435 pretiosum,
1235 1380 1380 1422 nobile
1411 1394 1550 1434 genus
1584 1381 1670 1424 olei
1701 1380 1968 1436 designatur.
1996 1405 2057 1413 -

353 1461 686 1517 destillent,
731 1469 819 1506 tam
863 1465 984 1518 large
1025 1463 1221 1507 delibuto
1264 1464 1406 1519 capite
1450 1469 1499 1506 ut
1541 1470 1694 1519 guttae
1737 1463 1906 1507 cadant.
1981 1464 2059 1507 Sic

355 1544 645 1590 CALLIMAGH.
677 1548 705 1590 l.
737 1549 836 1592 cit.:
881 1547 929 1588 αἶ
969 1548 1019 1589 δὲ
1050 1543 1179 1597 κόμαι
1210 1545 1401 1589 θυόεντα
1431 1549 1548 1602 πέδῳ
1580 1549 1794 1602 λείβουσιν
1823 1547 2061 1599 ἔ’λαια,”θῐ

353 1628 470 1682 quod
514 1634 740 1686 praeterea
780 1630 999 1673 HssYNms
1039 1630 1160 1673 addit
1189 1643 1245 1673 ex
1276 1631 1438 1684 Hymn.
1471 1631 1599 1674 Hom.
1631 1631 1673 1674 in
1704 1632 1827 1676 Vest.
1858 1634 1907 1674 3:
1957 1631 2060 1673 Λὶεὶ

353 1715 438 1754 σῶν
469 1709 701 1774 astantium
742 1710 1018 1767 οἷπολείβεται
1055 1710 1187 1772 ὖγρδν
1219 1715 1371 1758 ἔλαιον.
1403 1737 1462 1746 -
1513 1715 1712 1770 Denique
1741 1715 1933 1758 Vossius
1965 1727 2059 1757 mn-

351 1796 466 1839 vult:
513 1795 640 1837 illius
683 1803 728 1837 et
774 1810 800 1840 e
846 1798 1125 1852 quibusdam,
1171 1803 1220 1840 ut
1260 1799 1432 1841 mollior
1471 1799 1529 1841 sit
1566 1799 1765 1841 iunctura
1806 1803 1851 1842 et
1894 1811 2060 1842 versus.

354 1879 541 1942 Difficile
572 1885 639 1923 est
670 1879 711 1923 in
742 1881 900 1924 talibus
931 1882 1091 1937 ubique
1122 1895 1271 1925 verum
1302 1883 1481 1936 eligere,
1511 1895 1770 1937 quamquam
1795 1880 1863 1924 hic
1885 1881 2060 1936 quidem

355 1965 578 2008 meliorum
613 1965 818 2008 librorum
857 1967 1113 2009 auctoritate
1156 1968 1312 2022 copula
1354 1948 1694 2022 respuitur,’et
1732 1965 1969 2020 asyndeton
2013 1969 2062 2007 ut

356 2047 532 2100 gravius
565 2047 804 2102 praelatum
836 2047 1018 2090 videtur.
1050 2071 1109 2079 -
1140 2049 1194 2091 V.
1226 2053 1269 2090 8.
1316 2050 1501 2102 Atque
1533 2054 1691 2090 satur
1719 2048 1839 2090 libo
1867 2048 1946 2090 sit
1976 2054 2060 2092 etc.

358 2127 398 2170 h.
432 2142 471 2171 e.
517 2134 648 2183 atque
692 2127 927 2172 honoretur
968 2130 1106 2186 epulis
1139 2130 1271 2184 largis
1304 2134 1348 2172 et
1378 2131 1463 2173 sint
1503 2131 1644 2173 onmia
1675 2130 1824 2186 digna·
1844 2130 1970 2173 festo.
2005 2154 2060 2163 —

359 2211 502 2265 libo,
544 2211 598 2253 cf.
631 2211 684 2254 ad
717 2211 750 2264 1,
783 2215 826 2264 7,
857 2215 929 2254 54.
968 2235 1015 2243 —
1067 2212 1407 2266 madeatque
1455 2226 1617 2255 mero.
1680 2212 1781 2255 Non
1824 2212 1879 2254 de
1921 2213 2063 2255 ebrie-

358 2298 447 2335 tate
479 2293 770 2347 cogitandum,
801 2292 877 2335 sed
910 2293 964 2334 de
1000 2293 1124 2346 largo
1156 2290 1311 2334 haustu
1350 2294 1450 2346 vini,
1483 2299 1657 2337 notante
1687 2296 2064 2339 Wununumcfflo

361 2376 415 2419 ad
448 2377 505 2430 11,
533 2380 572 2429 l,
602 2381 674 2420 29.
738 2377 942 2419 Ceterum
977 2377 1032 2420 de
1065 2378 1195 2419 Genii
1229 2378 1349 2420 cultu
1383 2377 1544 2420 (fictum
1573 2377 1626 2420 ad
1659 2379 1693 2431 l,
1726 2383 1768 2431 7,
1799 2381 1871 2421 51.

479 2462 534 2504 V.
568 2465 714 2503 9-16.
790 2461 975 2504 Media
1022 2476 1153 2518 pars
1201 2462 1484 2505 carminis.
1565 2463 1722 2508 Quae
1769 2462 1884 2506 sint
1930 2466 2062 2505 vota

359 2545 596 2590 Cerinth
611 2548 637 2589 i.

477 2629 533 2671 V.
557 2632 609 2670 10
630 2642 723 2682 sqq.
765 2628 844 2671 En
875 2642 1004 2683 age,
1034 2629 1171 2683 quid
1205 2630 1438 2672 cessas?
1498 2629 1591 2672 Nisi
1614 2629 1753 2683 fallor,
1785 2629 2065 2672 adumbratur

358 2713 431 2755 ille
462 2713 602 2769 pudor
633 2713 853 2756 modestus
885 2711 1091 2755 Cerintho
1123 2714 1348 2768 proprius,
1399 2727 1527 2768 quem
1567 2714 1610 2756 in
1640 2722 1795 2769 quarto
1829 2714 1939 2758 libro
1970 2729 2063 2758 am-

360 2798 472 2853 plius
513 2798 850 2841 observabimus.
882 2821 942 2828 —
989 2799 1213 2850 annuit,
1257 2811 1461 2853 praesens
1506 2800 1547 2841 in
1592 2812 1641 2842 re
1685 2804 1804 2843 certa
1844 2812 1909 2856 pr.
1950 2798 2064 2842 haud

361 2881 492 2924 dubie
525 2886 697 2924 annuet.
729 2905 788 2912 —
819 2880 1026 2922 uxoris.
1090 2881 1461 2934 Bnoucxuusms,
1496 2882 1716 2934 mems,
1746 2881 1967 2924 Hermus
1997 2881 2066 2923 fu-

361 2969 500 3007 turam
532 2977 712 3006 uxorem
744 2964 1016 3016 intelligunt,
1044 2967 1093 3004 ut
1124 2963 1262 3005 VmG.
1295 2964 1401 3005 Aen.
1435 2963 1510 3016 lv,
1542 2967 1614 3006 35.
1646 2967 1750 3006 536.
1781 2961 1936 3004 mariti
1966 2967 2065 3005 sunt

362 3049 508 3103 proci,
556 3053 601 3090 et
634 3050 739 3090 Aen.
770 3047 828 3099 11,
860 3049 960 3089 344.
1007 3061 1165 3104 gener,
1212 3051 1287 3088 aut
1316 3046 1522 3090 Pmmn.
1554 3047 1624 3089 Ol.
1651 3047 1752 3101 VII,
1782 3048 1824 3089 4.
1870 3043 2066 3103 γαμβρός

2153 3085 2158 3109 .-
2147 3052 2152 3059 ·
2144 2798 2158 3030 r...*1·'=.-nn-.‘

361 3131 518 3173 dicitur
563 3132 635 3186 qui
678 3130 860 3172 futurus.
937 3132 1026 3174 Sed
1070 3130 1151 3175 hoc
1199 3137 1319 3175 recte
1370 3132 1574 3174 refutavit
1619 3132 1831 3175 Vossms:
1882 3131 2066 3186 primum
2142 3118 2158 3163 ἓ

363 3214 476 3255 enim
519 3216 720 3256 mulieres
769 3219 813 3255 et
854 3215 967 3256 viros
1010 3215 1171 3257 amicos
1202 3216 1371 3258 venisse
1406 3213 1599 3257 adhaec
1629 3214 1824 3255 natalitia
1866 3214 2065 3255 concele-

366 3295 525 3337 branda
558 3309 599 3340 ν.
633 3299 692 3347 2.,
725 3296 880 3338 deinde
915 3298 956 3337 in
989 3298 1072 3339 fine
1105 3299 1353 3352 progeniem
1389 3299 1549 3351 largam
1581 3298 1725 3351 expeti
1758 3297 1883 3348 votis,
1913 3296 2066 3350 quibus
2140 3293 2158 3328 ἑ

365 3379 492 3421 rebus
524 3380 649 3434 plane
681 3383 848 3421 constet
878 3391 1056 3422 uxorem
1086 3379 1284 3423 habuisse
1310 3379 1572 3422 Cerinthum.
1594 3400 1652 3410 —-
1685 3379 1795 3421 lam
1828 3392 1957 3421 reor
1981 3385 2070 3421 etc.
2147 3387 2150 3389 ’
