2086 3756
230 260 345 291 cxxv
922 240 1015 289 DE
1054 237 1251 293 POESI

237 384 471 451 promitti
514 387 613 436 hoc
659 383 831 451 potius
878 380 1176 446 coniugium
1214 383 1278 431 ab
1317 383 1578 449 Apolline.
1648 387 1789 436 Haec
1835 388 1937 436 ille,

234 484 395 532 Poeta
435 499 560 533 vero
599 481 651 531 in
692 481 835 531 exitu
873 479 1098 529 affirmat
1132 479 1307 529 multis
1346 479 1546 539 verbis,
1591 496 1646 530 se
1685 496 1790 529 non
1830 490 1936 530 tam

236 579 419 630 duram
464 580 655 628 habere
699 593 851 642 posse
888 575 1145 626 Neaeram
1182 586 1240 625 nt
1276 585 1456 641 neget,
1509 568 1559 626 et
1601 585 1846 642 precatur
1880 585 1939 625 ut

235 674 361 725 deus
415 674 468 723 in
522 672 707 723 melius
760 682 928 723 vertat
979 673 1197 722 somnia.
1282 670 1569 723 Videamus
1618 690 1758 722 nunc
1811 669 1939 739 quid

235 769 455 820 indicari
501 767 686 819 debeat
726 767 788 819 de
831 769 929 819 hac
968 767 1360 836 compositione.
1443 769 1535 818 Est
1572 769 1726 820 unica
1763 767 1940 833 elegia,

238 885 372 934 quae
406 877 514 917 tres
550 866 866 934 principales
905 859 1080 932 partes
1130 866 1202 916 sic
1240 866 1349 916 fere
1388 863 1654 916 distinctas
1690 865 1849 915 habet
1883 875 1944 914 ut

238 972 374 1013 amat
424 961 697 1026 Tibullus,
751 971 801 1011 et
853 971 1024 1011 tamen
1080 961 1312 1026 singulae
1368 966 1528 1028 quam
1575 950 1942 1038 ἱωρότέεοῇἱᾳρέ

234 1060 308 1109 Ac
337 1060 563 1125 primum
595 1055 808 1126 quidem
837 1056 1134 1121 exordium,
1173 1055 1238 1107 ad
1265 1055 1516 1107 maiorem
1547 1039 1945 1125 amplitudinem

237 1154 615 1220 compositum,
683 1151 837 1202 etiam
888 1160 1113 1201 mutatae
1163 1150 1447 1201 sententiae
1500 1149 1718 1218 Βςψῇιι
1769 1152 1944 1211 habet,

237 1248 328 1299 sed
378 1249 476 1298 hac
524 1247 638 1312 ipsa
687 1248 820 1296 male
868 1247 1051 1297 utitur.
1137 1245 1296 1296 Recte
1346 1243 1571 1309 orditur,
1599 1252 1658 1298 α(
1668 1252 1830 1310 voto,
1879 1254 1946 1294 ut

237 1341 456 1393 meliora
509 1342 678 1392 ferant
726 1339 824 1403 dii,
884 1358 979 1391 nec
1026 1339 1159 1392 illud
1205 1341 1426 1406 malum,
1463 1325 1634 1409 quod
1684 1326 1944 1392 crescente

238 1439 425 1491 affectu
465 1437 595 1488 adeo
632 1437 813 1487 inania
854 1437 976 1488 dicit
1011 1438 1187 1488 omnia
1227 1437 1432 1488 somnia
1474 1447 1526 1487 et
1562 1433 1719 1488 fidem
1753 1437 1818 1487 iis
1854 1434 1945 1486 de-

239 1543 413 1599 negat,
456 1532 614 1584 modo
652 1530 838 1582 deinde
874 1549 928 1582 se
962 1542 1255 1584 revocasset
1289 1549 1412 1583 vere
1448 1520 1514 1582 al)
1554 1533 1652 1583 hac
1689 1530 1953 1582 sententias

240 1644 357 1678 cum
400 1625 597 1677 rediret
643 1625 707 1677 ad
754 1626 980 1676 initium.
1065 1625 1223 1677 Nunc
1261 1626 1518 1677 relabitur
1554 1625 1766 1695 quidem
1806 1636 1946 1678 recte

240 1721 301 1773 ad
350 1733 474 1774 vota
516 1732 576 1772 ut
618 1722 796 1773 irritos
840 1722 994 1772 faciat
1029 1722 1232 1773 Lucina
1263 1722 1374 1795 llos
1413 1723 1655 1785 timores,
1708 1719 1800 1773 sed
1837 1737 1945 1771 non

238 1827 404 1868 mutat
451 1817 523 1868 sic
570 1827 630 1868 ut
675 1815 831 1867 debet
867 1817 1016 1867 istam
1066 1815 1402 1881 sententiam,
1457 1815 1708 1884 quam.in
1743 1815 1946 1866 incerto

235 1912 504 1980 relinquit.
589 1910 673 1962 Sic
711 1912 909 1962 factum
954 1921 1010 1962 ut
1053 1927 1162 1962 non
1208 1912 1414 1968 sublata
1448 1910 1677 1964 vanitate
1715 1911 1947 1962 somnio-

236 2024 384 2071 rum,
437 2022 597 2074 quam
638 2004 851 2055 nonnisi
894 2022 990 2071 per
1029 2014 1351 2056 momentum
1392 2003 1672 2056 defendere
1709 2003 1947 2067 debebat,

240 2101 517 2154 exordium
565 2110 822 2168 repugnet
873 2101 1082 2168 reliquo
1138 2099 1356 2151 carmini
1406 2101 1639 2169 ipsisque
1686 2101 1947 2168 Apollinis

239 2199 436 2261 verbis,
474 2199 566 2266 qui
601 2215 725 2250 vera
757 2214 810 2249 se
839 2199 990 2266 loqui
1017 2208 1213 2248 monet.
1285 2196 1531 2248 Ceterum
1561 2205 1772 2264 praeter
1801 2196 1945 2247 hunc

237 2297 409 2346 locum
447 2311 571 2344 usus
610 2304 687 2344 est
720 2292 1019 2361 Lygdamus
1055 2295 1221 2360 figura
1256 2303 1485 2345 mutatae
1528 2289 1947 2358 sententiae-‘per

239 2401 406 2442 totum
447 2400 654 2442 sextum
699 2407 932 2453 carmen,
985 2389 1077 2442 sed
1121 2408 1218 2441 nec
1260 2389 1338 2440 ibi
1379 2388 1530 2452 scite,
1578 2397 1640 2439 ut
1673 2388 1778 2438 iam
1811 2384 1948 2439 vidi-

236 2503 370 2537 muS.
442 2485 585 2536 Alias
623 2502 733 2536 non
769 2484 1002 2550 admisit,
1045 2504 1103 2536 ac
1139 2483 1474 2552 tranquillior
1509 2484 1618 2534 fere
1655 2483 1783 2534 haec
1818 2498 1947 2549 poe-

237 2582 333 2642 sis,
402 2597 562 2648 quam
609 2590 668 2630 ut
718 2578 946 2632 vividior
994 2581 1160 2644 figura
1210 2577 1500 2630 conveniat.
1591 2577 1764 2644 Atque
1817 2578 1946 2627 haec

236 2676 506 2724 hactenus.
608 2674 823 2723 Praeter
872 2671 1151 2722 exordium
1199 2671 1346 2740 quod
1393 2671 1447 2720 in
1500 2671 1646 2722 exitu
1693 2668 1831 2721 redit
1879 2669 1946 2722 ad

234 2769 375 2821 idem
429 2779 611 2822 votum
667 2779 822 2837 poeta
841 2807 855 2833 ‚
933 2779 991 2820 ut
1043 2770 1101 2820 in
1155 2769 1341 2819 melius
1395 2778 1603 2820 vertant
1654 2765 1727 2819 dii
1778 2765 1945 2822 tristia

237 2864 463 2930 somnia,
499 2875 638 2916 recte
677 2876 728 2916 et
763 2867 897 2916 bene
929 2866 1146 2929 factum,
1185 2882 1356 2933 neque
1388 2865 1528 2916 enim
1559 2863 1747 2915 melior
1774 2861 1944 2914 exitus

236 2975 304 3008 ex
350 2959 510 3010 huius
559 2960 850 3024 argumenti
893 2959 1098 3011 ratione
1144 2960 1348 3027 imponi
1391 2969 1600 3026 poterat
1645 2974 1803 3026 quam
1846 2973 1944 3024 per

234 3052 602 3119 repetitionem
649 3053 816 3120 initii3
869 3056 1004 3105 male
1052 3072 1182 3106 vero
1232 3055 1412 3123 inepta
1461 3057 1611 3122 copia
1655 3057 1941 3119 imaginum

236 3147 460 3198 affirmat
504 3165 614 3199 non
659 3147 845 3197 duram
886 3165 996 3199 esse
1032 3148 1307 3200 Neaeram.
1385 3149 1675 3199 Veniamus
1714 3146 1941 3214 denique

235 3241 302 3293 ad
336 3236 567 3294 medium
605 3260 831 3294 carmen.
899 3244 1133 3310 Apparet
1169 3243 1341 3294 statim
1375 3259 1484 3294 non
1521 3244 1656 3293 clare
1694 3241 1940 3306 cogitasse

235 3349 474 3404 poetam,
542 3338 668 3405 quid
718 3339 802 3389 hic
850 3338 963 3390 fieri
1014 3338 1243 3390 deberet.
1338 3339 1473 3392 Nam
1519 3342 1562 3389 si
1613 3355 1940 3392 commovere
