2158 3750
659 282 842 336 LIBR.
879 282 969 334 111.
1039 280 1243 336 ELEG.
1276 280 1373 335 lv.
1756 284 1858 332 345

161 421 434 466 Crnnnmus
464 423 636 480 aliique,
665 429 767 470 sunt
797 438 902 471 vero
932 439 1029 470 cum
1060 433 1168 468 exta
1197 425 1429 482 iungenda.
1490 424 1555 470 Ac
1585 435 1642 470 ne
1673 439 1856 482 quaeras

161 516 240 546 cur
281 505 325 546 in
366 507 508 550 altero
547 507 741 552 membro
783 509 977 565 posuerit
1020 514 1151 566 poeta
1189 509 1306 566 quod
1349 514 1493 553 tamen
1535 522 1615 567 per
1644 522 1693 553 se
1725 510 1855 553 etiam

159 589 295 642 priori
327 592 578 635 conveniret
606 592 874 646 sententiae,
913 592 1098 636 vidimus
1128 592 1183 636 de
1213 592 1296 637 boc
1334 606 1416 637 usu
1450 606 1581 651 supra
1609 592 1666 648 ΙΙ,
1700 597 1744 648 3,
1775 597 1848 638 68.

160 670 396 714 Praeterea
436 673 624 716 Vossms
665 675 888 730 postulans
927 679 976 716 ut
1016 674 1147 717 verba
1187 676 1398 731 repetitas
1446 690 1555 719 vera
1597 683 1773 718 monent
1813 676 1856 719 in

161 754 376 811 principio
406 756 493 798 siut
522 756 700 799 secundi
730 755 927 809 membri,
955 755 1121 798 fallitur
1149 756 1279 799 etiam
1311 757 1352 799 in
1385 755 1481 803 boc.
1542 758 1713 813 Logica
1746 758 1858 802 ratio

160 840 335 895 proprie
378 838 484 884 baec
523 845 614 884 est:
670 841 766 884 Divi
810 853 914 884 veru
957 845 1159 894 monent,
1210 846 1313 884 exta
1354 856 1457 885 vera
1497 849 1698 898 monent3
1743 857 1858 888 nunc

162 928 291 979 poeta
323 937 404 980 pro
435 929 634 966 extorum
662 924 836 967 nomine
865 923 1163 980 praedicatum
1194 930 1394 968 extorum
1419 925 1463 968 in
1487 926 1698 982 principio
1720 939 1860 970 mem-

158 1005 224 1048 bri
266 1006 434 1062 posuit,
481 1005 596 1061 quod
638 1019 790 1050 revera
828 1006 943 1051 idem
987 1010 1033 1050 et
1073 1006 1305 1052 innumeris
1347 1007 1455 1050 locis
1498 1007 1658 1051 factum
1697 1007 1850 1052 eodem

154 1086 374 1130 modo.-—
402 1086 611 1130 Tuscis
639 1088 883 1144 probata
913 1088 952 1132 h.
972 1102 1012 1135 e.
1042 1090 1286 1133 examinata
1312 1090 1478 1144 viris,
1510 1103 1691 1146 quorum
1718 1091 1850 1135 fuisse

156 1168 265 1212 hanc
310 1168 580 1226 disciplinam
626 1170 798 1214 abunde
843 1175 1037 1224 constat,
1085 1169 1184 1215 vide
1231 1171 1504 1216 Mt‘inmmmu
1549 1173 1593 1215 in
1638 1173 1749 1216 libro
1795 1172 1850 1216 de

154 1250 353 1294 Etruscis
384 1252 510 1295 Tom.
541 1251 598 1295 Π.
630 1267 671 1309 ρ.
700 1255 787 1295 180
815 1266 912 1309 sqq.
972 1253 1179 1297 Ceterum
1208 1254 1362 1297 mirum
1394 1254 1528 1297 videri
1559 1260 1707 1312 potest
1737 1256 1853 1312 quod

154 1334 249 1376 sola
290 1332 561 1391 haruspicina
589 1336 858 1391 nominatur,
904 1350 1003 1382 cum
1035 1337 1165 1381 etiam
1195 1339 1279 1381 alia
1309 1351 1472 1392 genera
1503 1344 1672 1394 essent,
1713 1341 1858 1384 nomi-

156 1416 291 1459 natim
322 1421 462 1460 sortes
492 1422 539 1460 et
566 1431 681 1461 aves.
742 1418 832 1462 Sed
865 1417 930 1461 his
960 1431 1045 1462 non
1075 1418 1216 1462 credit
1246 1419 1501 1474 Lygdamus
1536 1434 1679 1476 neque
1715 1436 1857 1477 agno·-

153 1499 236 1540 scit
268 1512 336 1543 ea.
396 1499 610 1543 Dissentit
636 1499 771 1555 igitur
798 1513 825 1543 a
855 1499 1059 1555 Tibullo,
1103 1500 1228 1544 cuius
1266 1503 1523 1545 sententiam
1566 1503 1707 1546 discas
1747 1502 1784 1555 Ι,
1815 1507 1859 1556 8,

155 1583 200 1622 3.
230 1583 273 1624 4.
306 1587 352 1625 et
390 1581 449 1637 11,
479 1587 524 1637 5,
556 1587 610 1626 11
645 1597 766 1639 sqq„
808 1588 961 1640 estque
1003 1583 1073 1628 hic
1115 1585 1238 1628 locus
1278 1576 1482 1628 notabflis
1526 1590 1704 1642 propter
1745 1584 1858 1630 hunc

154 1661 412 1708 dissensum.
437 1687 496 1697 —
527 1666 638 1709 Mox
666 1667 895 1711 Somnia
924 1665 1152 1722 ludunt,
1183 1679 1269 1710 vox
1299 1668 1458 1710 usitata
1489 1667 1545 1711 de
1575 1670 1778 1724 somniis,
1810 1673 1860 1711 ut

157 1746 341 1790 nonu.
371 1749 452 1803 111,
477 1753 552 1803 27,
581 1753 656 1795 40.
697 1751 797 1794 loco
831 1754 933 1794 ante
969 1749 1171 1803 laudato,
1211 1749 1392 1804 aliisque
1423 1749 1538 1806 apud
1571 1750 1857 1793 Bnoucxuu-

157 1843 266 1872 εισι(
300 1832 422 1877 locis.
451 1855 513 1865 --
556 1832 893 1886 temeraria,
935 1844 1048 1888 quae
1077 1836 1243 1875 temere
1273 1831 1500 1886 accidunt,
1531 1833 1575 1875 in
1607 1833 1762 1888 quibus
1792 1833 1861 1876 ni-

159 1912 214 1956 bil
257 1916 424 1958 consilii
465 1921 511 1959 et
551 1916 860 1972 providentiae.
901 1939 962 1948 —-
1016 1915 1220 1958 fallaci
1266 1920 1464 1970 nocte,
1515 1929 1627 1971 quae
1670 1915 1860 1958 tenebris

157 1997 246 2039 suis
276 1997 451 2042 adiuvat
479 2000 600 2042 lusus
627 2013 831 2043 vanarum
861 2000 1123 2054 imaginum,
1167 2004 1218 2042 ut
1259 1998 1354 2042 dies
1387 2004 1432 2042 et
1473 2001 1538 2041 sol
1582 1999 1750 2042 veritati
1793 1999 1859 2042 fa-

156 2085 271 2122 vent.
300 2104 361 2112 —
413 2081 469 2126 V.
495 2085 524 2124 9
554 2095 621 2138 sq.
680 2081 752 2124 Et
791 2087 976 2124 uatum
1015 2082 1068 2124 iu
1108 2094 1269 2124 curas
1310 2085 1395 2124 etc.
1456 2083 1635 2123 Statues
1674 2081 1862 2124 fortasse

156 2163 501 2218 obiurgationem
525 2165 680 2219 inesse,
710 2165 932 2221 explicans
963 2164 1050 2207 sicz
1082 2163 1141 2207 Et
1171 2162 1445 2206 nihilominus
1478 2163 1676 2219 placant!
1730 2164 1859 2209 Quae

156 2246 267 2288 ratio
297 2260 324 2289 a
354 2247 652 2291 menmzo
695 2247 901 2303 adoptata
942 2245 1136 2299 videtur,
1178 2246 1253 2301 qui
1299 2246 1649 2300 interrogationis
1691 2247 1863 2301 signum

154 2330 415 2385 suffiecerit,
445 2331 521 2374 sed
553 2343 652 2376 meo
693 2330 855 2375 iudicio
896 2330 1046 2385 nequit
1077 2330 1180 2373 ferri
1211 2334 1390 2386 propter
1430 2329 1626 2373 adiecta:
1672 2334 1859 2372 natum

155 2415 208 2456 in
252 2427 448 2466 curas,
497 2413 539 2458 h.
581 2427 624 2459 e.
676 2414 1039 2459 sollicitudinibus
1082 2414 1317 2458 obnoxium
1363 2426 1502 2468 genus
1550 2411 1769 2455 hominum
1817 2415 1863 2454 et

89 2524 93 2528 -
156 2498 358 2551 anxium,
405 2498 460 2541 ad
498 2503 642 2542 metus
683 2499 844 2544 sactum
887 2506 933 2543 et
974 2500 1166 2556 proclive
1208 2502 1387 2555 propter
1427 2498 1676 2540 innumeros
1718 2508 1862 2550 casus,

157 2582 312 2636 quibus
342 2582 431 2624 vita
461 2579 645 2625 humana
674 2582 891 2639 exposita.
963 2582 1082 2628 Quid
1114 2581 1228 2624 enim
1260 2580 1521 2635 significabit
1551 2578 1657 2622 haec
1687 2583 1864 2622 senten-

157 2666 244 2707 tia:
295 2664 357 2707 Et
397 2663 670 2707 nibilominus
707 2665 825 2707 anxii
867 2662 1061 2707 homiues
1104 2664 1274 2720 placant
1316 2662 1519 2705 somnia?
1578 2662 1718 2704 Immo
1759 2661 1859 2715 quia

157 2749 274 2792 anxii
319 2753 446 2802 sunt,
491 2761 587 2792 eam
632 2748 770 2804 ipsam
815 2748 873 2791 ob
919 2761 1090 2791 causam
1137 2748 1309 2804 placant
1357 2748 1488 2790 etiam
1537 2759 1648 2800 quae
1694 2758 1772 2802 per
1813 2758 1862 2788 se

159 2845 282 2876 vana.
340 2830 548 2875 Praefero
578 2832 712 2887 igitur
742 2829 854 2874 bunc
883 2844 1083 2874 sensum:
1129 2831 1309 2873 Somnia
1339 2842 1442 2872 vero
1484 2828 1637 2871 ludunt
1668 2825 1860 2870 homines

159 2919 409 2970 terrentque
447 2914 559 2957 falso
597 2915 779 2968 timore,
822 2919 868 2956 et
909 2911 1103 2956 homines
1133 2913 1306 2955 solliciti
1339 2917 1491 2954 natura
1533 2910 1736 2964 anxiique
1768 2909 1865 2965 pla-

159 3002 260 3039 cant
300 3010 379 3050 ea,
423 2997 527 3039 licet
560 3009 712 3039 revera
749 2997 892 3039 inania
933 2997 1020 3038 sint
1063 3007 1144 3038 nec
1180 2996 1426 3050 requiratur
1457 2994 1659 3051 placatio.
1721 2992 1866 3035 Etiam

158 3078 222 3122 sic
266 3078 512 3122 defenditur
551 3078 622 3122 Et
666 3078 784 3134 quod
826 3079 870 3122 in
903 3077 1047 3131 libris,
1089 3091 1170 3121 nec
1201 3079 1491 3122 necessarium
1534 3077 1750 3120 videbitur
1779 3075 1867 3121 At.

158 3175 186 3205 a
216 3161 422 3205 Munss'ro
462 3162 751 3206 coniectatnm
793 3167 838 3207 et
878 3163 920 3206 in
961 3163 1182 3207 codicibus
1218 3164 1384 3219 aliquot
1423 3168 1658 3219 repertum.
1719 3161 1862 3216 Atque

161 3244 267 3290 baec
311 3245 534 3289 hactenus.
568 3268 629 3278 ·-—
681 3246 1082 3291 Constructionemz
1129 3259 1308 3301 genus
1350 3244 1627 3289 hominum
1658 3266 1718 3277 --
1749 3245 1865 3300 pla·

161 3333 313 3382 cant,
357 3329 529 3372 notabis
573 3342 660 3371 non
708 3330 890 3385 reperiri
935 3330 1051 3387 apud
1097 3329 1334 3373 Tibullum.
1374 3354 1433 3362 —-
1491 3329 1632 3373 Porro
1679 3325 1862 3368 omina

161 3412 373 3465 noctis,
404 3418 454 3456 ut
483 3413 784 3456 Pam-munus
816 3411 892 3466 lv,
928 3413 970 3465 4,
1001 3414 1073 3455 23.
1107 3411 1210 3455 dicit
1242 3411 1441 3454 laudatus
1470 3425 1495 3454 a
1527 3410 1859 3453 Bnoucnwsio
