2158 3750
325 246 428 296 334
729 241 1198 295 COMMENTAR.
1233 243 1308 292 IN
1346 242 1634 294 TIBULLI

330 390 459 431 tantis
503 384 743 443 praeconiis
779 396 863 425 non
909 396 1005 425 esse
1047 396 1220 438 parem,
1266 382 1478 438 promittit
1521 389 1662 426 tamen
1705 385 1808 428 licet
1847 386 2028 430 adversa

327 475 495 514 fortuna
529 470 728 521 afflictus,
761 473 910 522 erepta
944 479 1102 521 magna
1135 472 1257 520 parte
1291 466 1456 521 praedii
1487 467 1603 519 aviti,
1645 468 1772 510 etiam
1803 469 1848 512 in
1880 477 2027 524 poste·

328 570 422 598 rum
454 568 501 596 se
543 566 627 595 non
670 557 939 595 cessaturum
982 551 1214 592 Messalam
1258 562 1438 602 canere,
1483 551 1612 592 immo
1655 563 1734 606 pro
1777 555 1897 594 tanto
1936 553 2028 595 viro

328 639 469 680 onmia
499 650 548 679 se
591 639 758 677 tentare
801 641 846 676 et
889 635 1073 676 tolerare
1115 638 1312 688 paratum
1356 645 1468 674 esse.
1532 634 1678 677 Quare
1708 633 1743 675 si
1776 632 2030 688 modo-pla-

326 725 424 763 ceat
456 718 521 761 hic
554 718 699 770 labor,
748 717 910 758 nullum
944 729 991 758 se
1030 717 1159 758 finem
1201 715 1381 757 canendi
1413 715 1650 769 facturum,
1693 720 1825 769 atque
1854 716 1963 758 adeo
1993 717 2031 759 si

326 806 608 844 mortuus-ex
640 800 893 854 migratione
924 799 967 841 in
1002 800 1085 842 alia
1117 800 1318 842 animalia
1348 799 1528 841 redierit
1559 800 1602 840 iu
1643 797 1869 842 humanam
1899 805 2030 844 uatu-

327 899 444 939 ram,
481 885 827 928 continuaturum
858 885 1071 939 inceptam
1106 885 1291 927 laudem.
1353 885 1419 926 Ita
1450 889 1595 940 poeta.

448 967 680 1014 Videamus
711 980 823 1008 nunc
855 966 957 1019 qnid
989 966 1044 1007 de
1073 966 1238 1013 ratione
1269 967 1467 1009 carminis
1498 965 1772 1009 iudicandum
1803 966 1874 1010 sit.
1950 966 2031 1011 Di-

325 1051 431 1093 visio
463 1055 507 1092 et
535 1050 757 1104 dispositio
788 1062 929 1091 rerum
970 1050 1086 1092 clara
1121 1055 1188 1092 est
1228 1055 1272 1092 et
1313 1063 1398 1091 non
1440 1050 1567 1092 mala.
1628 1050 1744 1092 Dicit
1774 1054 1931 1104 poeta,
1976 1054 2026 1091 ut

327 1133 534 1184 vidimus,
582 1136 679 1187 post
709 1130 924 1173 laudatam
958 1131 1264 1185 praestantiam
1296 1130 1515 1172 Messalae
1553 1131 1794 1184 generatim
1824 1132 1867 1174 in
1900 1143 2031 1173 exor-

328 1214 429 1266 dio,
471 1213 720 1268 specialiter
750 1211 805 1254 de
837 1211 1086 1265 eloquentia
1130 1214 1176 1253 et
1217 1210 1390 1252 militari
1432 1211 1584 1264 laude,
1628 1217 1674 1254 et
1716 1211 1826 1254 hanc
1856 1213 2029 1267 quidem

325 1299 390 1341 sic
421 1297 570 1344 dividit
600 1302 648 1338 ut
678 1302 768 1339 tum
800 1297 1000 1352 peritiam
1033 1296 1414 1338 castrimetationis
1445 1299 1490 1338 et
1522 1296 1702 1338 tactiees
1734 1295 1908 1348 laudet,
1939 1302 2029 1339 tum

329 1383 444 1424 facta
475 1396 526 1424 ac
558 1395 627 1423 res
659 1381 875 1435 egregias,
910 1394 1017 1435 quas
1050 1386 1095 1423 et
1126 1382 1312 1435 gesserit
1343 1386 1389 1423 et
1417 1386 1619 1435 gesturus
1649 1381 1708 1424 sit
1735 1381 1780 1423 in
1811 1386 2032 1438 posterum

330 1467 392 1507 vir
433 1465 628 1508 eximius,
693 1465 791 1509 Qua
833 1463 1044 1506 divisione
1090 1469 1228 1507 totum
1277 1468 1576 1517 argumentum
1623 1462 1733 1506 bene
1777 1462 2032 1507 exhaustum

328 1552 422 1599 est,
468 1560 519 1588 ac
563 1546 714 1599 negari
755 1546 906 1599 nequit
947 1545 1123 1599 spiritus
1167 1545 1329 1599 poetici
1373 1545 1456 1586 vim
1503 1544 1716 1598 quandam
1757 1546 1948 1601 conspici
1988 1546 2035 1589 iu

326 1636 446 1674 tanta
491 1631 710 1684 descripta
755 1629 1037 1684 amplitudine
1084 1629 1248 1681 laudis;
1297 1628 1340 1670 in
1388 1641 1474 1682 quo
1517 1629 1680 1672 iudicio
1723 1630 1850 1673 simul
1896 1640 2032 1685 genus

331 1729 514 1771 poeseos
547 1715 746 1770 respicio.
810 1713 962 1756 Noluit
993 1718 1148 1755 auctor
1180 1713 1306 1756 odam
1336 1715 1552 1769 scribere,
1598 1729 1710 1771 quae
1740 1729 1907 1760 summa
1937 1723 2035 1760 tan-

329 1804 420 1840 tum
469 1797 642 1851 fastigia
684 1810 828 1839 rerum
876 1798 1012 1850 lyrico
1056 1798 1205 1840 volatu
1251 1802 1475 1852 tangeret,
1522 1800 1662 1842 noluit
1702 1801 1913 1856 elegiam,
1958 1783 2034 1844 ubi

332 1881 530 1935 publicae
562 1878 711 1921 laudes
742 1879 962 1922 Messalae
996 1892 1095 1922 cum
1125 1884 1284 1935 poetae
1316 1880 1536 1923 doloribus
1570 1886 1646 1924 aut
1676 1883 1844 1937 gaudiis
1873 1883 2034 1926 mixtae

330 1969 475 2005 essent
519 1969 562 2006 et
605 1963 854 2005 bellicarum
896 1977 1041 2006 rerum
1089 1965 1318 2019 praeconia
1362 1969 1603 2019 temperata
1642 1963 1902 2008 haberentur
1932 1966 2033 2020 vini,

330 2049 514 2100 amoris,
555 2047 742 2088 rusticae
774 2047 886 2088 vitae
919 2047 1149 2088 levioribus
1183 2047 1347 2099 modis,
1389 2047 1467 2088 sed
1498 2048 1634 2090 voluit
1663 2048 1831 2103 epicum
1862 2061 2035 2091 carmen

333 2129 546 2180 condere,
586 2127 712 2170 unice
745 2127 961 2170 Messalae
989 2126 1259 2179 dedicatum,
1301 2127 1421 2169 cuius
1452 2127 1602 2171 laudes
1633 2141 1730 2172 eam
1761 2129 1818 2171 ob
1861 2142 2034 2172 causam

332 2223 411 2265 per
451 2211 593 2252 omnia
634 2210 803 2264 potiora
839 2215 1056 2252 momenta
1102 2215 1224 2253 erant
1266 2210 1561 2254 deducendae.
1633 2213 1734 2255 Hoc
1775 2214 1910 2267 igitur
1949 2227 2036 2268 ego

331 2305 415 2333 non
448 2293 673 2346 vitupero,
717 2297 766 2333 ut
797 2292 870 2333 alii
903 2291 1113 2333 fecerunt.
1176 2291 1235 2333 At
1275 2291 1388 2334 enim
1419 2293 1682 2336 considerari
1712 2295 1843 2337 etiam
1873 2299 2036 2338 tracta-

333 2376 395 2417 tio
428 2375 672 2428 argumenti
712 2374 920 2430 descripti
961 2375 1116 2428 debet,
1163 2379 1296 2429 atque
1328 2373 1434 2418 haee
1467 2381 1536 2419 est
1565 2389 1683 2442 quael
1710 2378 1894 2433 plurima
1923 2380 2038 2422 clas-

330 2458 422 2500 sico
463 2461 595 2512 poeta
635 2457 815 2512 indigna
856 2456 999 2502 habet.
1062 2459 1310 2515 Disputavit
1349 2459 1404 2503 de
1446 2461 1562 2504 vitiis
1594 2461 1795 2506 carminis
1835 2462 2039 2506 disertius

333 2541 461 2584 etiam
494 2541 700 2584 Baomus
730 2542 774 2584 in
805 2541 946 2597 Epist.
980 2543 1130 2587 critica
1159 2543 1203 2587 in
1234 2543 1483 2598 Tibullum,
1511 2544 1962 2588 Pseudo-Tibullum
1993 2550 2040 2589 et

332 2622 628 2678 Propertium.
684 2622 815 2666 Goth.
866 2628 997 2668 1812.
1045 2639 1147 2680 pag.
1179 2629 1239 2668 27
1280 2639 1399 2681 sqq.‚
1451 2632 1497 2669 et
1548 2628 1591 2669 in
1639 2627 1828 2670 editione
1875 2629 2039 2671 Tibulli

330 2720 374 2761 p.
393 2705 531 2751 XLV.
552 2706 714 2759 XLVI,
746 2709 818 2761 qui
843 2710 978 2751 multa
1005 2715 1124 2752 recte
1147 2710 1326 2761 monuit,
1357 2709 1565 2763 quaedam
1589 2710 1744 2752 iniuria
1764 2710 2040 2766 vituperavit.x

333 2787 430 2830 Nos
468 2789 552 2831 alia
593 2789 636 2831 in
668 2787 972 2845 Explicatione
1013 2792 1081 2833 vel
1119 2790 1401 2833 defendemus
1431 2792 1501 2834 vel
1532 2789 1922 2847 reprehendemus,
1969 2790 2039 2835 hic

331 2878 476 2917 autem
508 2887 619 2929 quae
650 2875 841 2917 maxime*
869 2875 1057 2917 notanda
1089 2874 1314 2927 videntur,
1358 2874 1508 2917 ordine
1538 2874 1835 2922 indicabimus.
1895 2877 2041 2931 Atque

330 2960 382 2998 ut
419 2957 604 3012 primum
648 2956 703 2999 de
747 2956 927 2998 exordio
968 2960 1012 2998 et
1055 2956 1176 2998 exitu
1208 2956 1423 3010 dicamus,
1447 2956 1537 3000 *liic
1576 2956 1754 3012 ,quidem
1778 2962 1939 3002 auctor
1967 2956 2041 3000 ni·-

333 3040 467 3081 miam
512 3048 559 3081 et
600 3055 745 3096 paene
791 3039 994 3081 servilem
1040 3038 1302 3081 modestiam
1349 3054 1405 3080 ac
1453 3038 1780 3084 submissiorem
1829 3041 2040 3089 animam,

334 3136 468 3179 quam
501 3121 622 3163 decet
653 3119 814 3163 habere
844 3121 1088 3179 ingenuum
1129 3121 1371 3168 hominem,
1414 3123 1615 3167 ostendit.
1676 3125 1752 3168 Sic
1783 3125 2039 3168 conveniens

333 3203 506 3255 quidem
539 3209 633 3246 erat
664 3205 708 3246 in
739 3204 920 3247 exordio
953 3206 1208 3248 tenuitatem
1249 3206 1404 3250 virium
1444 3208 1669 3260 excusari,
1713 3216 1855 3262 neque
1885 3208 1931 3250 id
1962 3221 2040 3264 per

332 3296 381 3326 se
413 3285 567 3339 aliquis
598 3285 911 3340 reprehendat,
953 3287 1030 3329 sed
1061 3287 1160 3331 vide
1203 3301 1332 3343 quam
1372 3290 1510 3332 multa
1547 3290 1607 3333 ibi
1646 3290 1779 3333 verba
1821 3290 1952 3335 saciat
1983 3292 2039 3335 de

332 3381 406 3421 re,
450 3382 578 3424 quam
624 3371 879 3426 generosior
919 3375 1050 3426 poeta
1093 3372 1283 3417 breviter
1326 3372 1564 3428 significat,
1605 3377 1740 3430 utque
1783 3375 1894 3419 adeo
1930 3375 2039 3419 deos
