2158 3750
303 234 405 282 424
694 228 1164 284 COMMENTAR.
1198 229 1273 282 IN
1312 229 1599 280 TIBULLI

305 376 389 420 hoc
419 390 573 421 nomen
603 376 804 419 incidisse
836 379 1022 431 poetam.
1053 398 1112 408 -·
1162 374 1454 418 Meleteas
1485 373 1739 428 cliartaS,
1768 373 2000 418 Homerica

305 463 505 504 carmina.
567 459 678 502 Nam
723 458 909 500 chartae
951 462 1049 499 sunt
1092 457 1278 511 scripta,
1324 457 1416 499 sive
1456 458 1630 512 poetica
1670 457 1762 499 sive
1792 457 2002 512 prosaica,

306 543 360 585 cs.
391 556 520 597 supra
548 556 588 586 v.
612 547 656 585 5.
687 542 797 584 infra
825 556 868 585 v.
895 544 999 585 211.
1043 541 1280 583 MAR'rrAt„
1310 540 1390 593 XI,
1421 544 1464 593 3,
1495 545 1548 583 7:
1575 554 1775 597 pangere
1805 539 2002 582 chartas.

308 629 365 668 At
403 625 542 668 Meles
574 627 728 669 fluvius
761 626 841 668 fuit
874 625 1023 668 urbem
1059 626 1286 678 Smyrnam
1318 626 1496 668 alluens,
1540 625 1676 667 Pmn.
1707 623 1762 675 V,
1791 624 1874 664 29:
1914 622 2006 660 Re-

303 706 608 765 gredientibus
651 708 754 751 inde
797 707 925 751 abest
964 710 1081 752 XII.
1127 708 1235 752 mill.
1271 723 1396 765 pass.
1444 706 1500 748 ab
1543 707 1772 749 Amazone
1813 703 2021 757 condita„

306 788 523 830 restituta
555 788 612 830 ab
642 789 928 837 Alexandro,
972 789 1022 832 in
1062 804 1142 832 ora
1186 792 1398 847 Zmyrna,
1443 804 1570 831 amne
1603 788 1765 830 Melete
1804 785 2008 845 gaudens

306 888 395 914 non
435 874 596 930 procul
637 883 750 918 orto.
827 876 896 919 Ad
939 875 1051 919 hunc
1085 876 1313 918 HoMssRth
1357 879 1483 917 natus
1525 874 1744 917 ferebatur
1787 873 2008 929 ipsiusque

309 958 493 1000 fluminis
526 959 666 1012 filius,
700 959 756 1002 cf.
790 961 891 1003 Vita
923 960 1109 1002 Hofflm.
1142 960 1196 1001 11.
1230 975 1272 1015 p.
1304 962 1346 1003 2.
1381 959 1448 1002 ed.
1481 957 1813 1012 Wassenbergh.
1846 958 1889 999 in
1920 957 2010 999 Pa-

308 1039 450 1095 raphr.
481 1041 536 1083 ad
568 1042 720 1086 Iliad.2
759 1035 960 1099 ιΌμηρος·
989 1045 1064 1092 μὲν
1089 1040 1270 1099 ποιητής
1302 1030 1468 1098 για-τρεῖς
1491 1044 1566 1091 μὲν
1597 1031 1649 1098 ἧν
1677 1042 1894 1098 ΙῑΙὲλητος,
1925 1057 2009 1096 μη-

309 1120 412 1180 τρὸς
442 1125 490 1165 δὲ
518 1126 795 1182 Κριθηῗδος,
838 1122 890 1167 vd
921 1129 1039 1180 γένος
1081 1123 1194 1168 nats}
1224 1128 1298 1176 μὲν
1328 1127 1554 1182 Πίνδαρον
1582 1128 1854 1181 Σμυρναῖος,
1898 1117 2011 1164 naz-⁴2

309 1209 546 1265 Σιμονίδην
596 1212 718 1256 Χῖος.
797 1209 911 1253 Vide
965 1211 1088 1265 plura
1137 1223 1206 1265 ap.
1255 1209 1627 1251 Bnoucxnuswu
1681 1212 1725 1249 et
1780 1208 2011 1258 Vrmrmm,

312 1289 547 1334 Hnmsum
579 1292 634 1335 ad
675 1292 802 1335 Ovid.
836 1294 945 1337 Met.
977 1295 1033 1347 Π,
1063 1297 1167 1337 247.
1208 1298 1253 1336 et
1295 1294 1479 1335 Bam.
1508 1291 1563 1334 ad
1595 1292 1709 1335 Stat.
1742 1290 1850 1334 Silv.
1880 1290 1938 1342 11,
1969 1292 2013 1342 3,

309 1375 384 1414 60.
445 1375 571 1420 Quae
601 1375 685 1417 iam.
719 1375 935 1418 Hermus
968 1376 1171 1419 laudavit.
1204 1399 1261 1407 —
1316 1376 1496 1418 Posse
1540 1398 1596 1406 —
1640 1387 1745 1417 nec
1786 1373 2015 1416 mallem

314 1456 556 1500 vincere.
618 1457 888 1501 Huscmcms
914 1474 1113 1516 pangere
1145 1459 1334 1511 coniicit,
1366 1459 1500 1501 veluti
1523 1457 1787 1500 MAn‘rums
1812 1455 1916 1498 dicit
1934 1454 2016 1508 XI,

314 1539 358 1590 3,
383 1542 440 1591 7.,
471 1552 527 1582 ne
557 1541 723 1584 scilicet
753 1542 1049 1585 immodestius
1082 1543 1283 1596 loquatur
1315 1547 1457 1597 poeta.
1519 1542 1724 1595 Vossuss,
1755 1554 1851 1584 cum
1883 1541 2016 1595 vulgo

315 1618 489 1661 mittere
530 1623 588 1664 sit
628 1624 672 1665 in
705 1624 850 1678 libas,
893 1624 1094 1664 emittere
1132 1625 1333 1679 scripsit,
1376 1624 1491 1678 quod
1523 1626 1614 1667 vult
1647 1638 1743 1666 esse
1775 1636 1838 1678 pr.
1873 1622 2018 1675 edere,

315 1716 400 1747 nou
442 1705 590 1749 videns
630 1720 782 1762 parum
824 1708 1038 1763 poeticum
1072 1721 1120 1750 se
1151 1707 1326 1750 verbum
1368 1707 1576 1749 intulisse.
1649 1706 1720 1748 Tu
1751 1705 1885 1760 igitur
1915 1709 2017 1747 tene

315 1786 503 1833 vincere.
564 1789 767 1833 Vossmu
798 1795 975 1833 secutus
1016 1795 1082 1833 est
1123 1791 1345 1834 BAcmus.
1377 1814 1436 1821 —
1493 1792 1544 1835 V.
1574 1793 1661 1832 201
1695 1803 1788 1844 sqq.
1851 1789 2020 1835 Quodsi

319 1882 468 1912 versus
499 1883 621 1914 meos
653 1873 732 1915 tibi
767 1886 851 1916 non
892 1874 1087 1927 ingratos
1121 1886 1216 1915 esse
1248 1885 1523 1927 cognovere,
1566 1872 1683 1915 nulla
1713 1872 1911 1915 fortunae
1940 1871 2021 1913 ini-

319 1953 461 2006 quitas
507 1967 577 1997 me
624 1968 651 1997 a
695 1957 896 1999 canendis
943 1957 1142 2000 laudibus
1189 1958 1274 2000 tuis
1323 1970 1506 2000 avocare
1556 1957 1729 2012 poterit.
1810 1957 2023 2000 Versus

321 2041 543 2091 noster,
585 2039 812 2082 collective
859 2052 922 2094 pr.
968 2053 1139 2082 carmen
1183 2052 1339 2082 meum.
1371 2062 1430 2070 -
1479 2042 1711 2081 totusve
1754 2037 2020 2081 minusve.

320 2119 480 2162 Putida
509 2119 740 2163 distinctio.
803 2121 964 2164 Verum
996 2121 1266 2164 Huscnxms
1306 2122 1436 2164 etiam
1467 2121 1708 2164 barbariem
1738 2121 1946 2163 orationis
1975 2134 2022 2163 se

321 2199 391 2244 hic
417 2201 564 2247 videre
597 2204 777 2257 clamat,
806 2203 850 2245 in
882 2215 967 2257 quo
999 2207 1142 2244 tamen
1175 2202 1346 2245 fallitur.
1409 2204 1595 2245 Sensus:
1628 2207 1799 2245 totusve
1830 2203 2022 2246 minorve

324 2297 424 2340 pars
454 2289 572 2338 toto,
610 2284 649 2328 h.
679 2299 716 2328 e.
748 2285 840 2328 sive
871 2290 1012 2328 totum
1044 2299 1219 2328 carmen
1250 2287 1341 2329 sive
1382 2300 1480 2342 pars
1513 2286 1631 2340 eius,
1670 2287 1714 2329 in
1744 2286 2023 2341 sequentibus

325 2372 469 2411 autem
502 2370 767 2412 constructio
797 2370 853 2412 ad
886 2371 1030 2425 potius
1062 2383 1213 2424 genus,
1243 2369 1300 2412 ad
1331 2371 1611 2413 masculinum
1642 2370 1767 2413 redit.
1798 2393 1859 2402 —
1888 2383 2024 2412 sum-

326 2466 404 2496 mo
434 2455 522 2497 vel
555 2455 779 2498 inerret
807 2456 863 2498 in
905 2469 1027 2508 ore,
1070 2455 1181 2498 bene
1212 2455 1374 2499 dictum
1405 2469 1470 2512 pr.
1503 2456 1541 2498 si
1571 2456 1725 2498 saltem
1756 2455 1861 2498 levis
1890 2455 2024 2498 inter-

326 2536 427 2580 dum
457 2537 618 2581 mentio
650 2539 742 2582 eius
768 2552 793 2582 a
824 2544 869 2582 te
898 2540 975 2582 fiat
1004 2553 1103 2582 cum
1130 2539 1269 2583 laude.
1333 2540 1568 2596 Comparat
1599 2539 1869 2582 Huscinuus
1899 2539 2025 2581 locu-

326 2621 485 2663 tionem
526 2621 574 2662 in
617 2636 689 2663 ore
729 2621 889 2664 habere
931 2622 1117 2678 (cicun.
1148 2625 1236 2667 Off.
1267 2624 1346 2677 ΠΙ,
1378 2624 1504 2678 21.),
1551 2617 1626 2664 διά
1658 2616 1875 2671 στόματος
1905 2619 2024 2674 ἔχειν,

327 2702 532 2745 ΒΛοΗιυε
562 2704 684 2759 Virg.
712 2705 798 2748 Cir.
831 2708 920 2748 357
932 2721 943 2748 e
979 2720 1119 2748 sermo
1145 2720 1288 2746 novus
1313 2712 1437 2746 errat
1463 2705 1522 2751 in}
1536 2719 1622 2749 ore.
1646 2729 1705 2736 —-
1737 2704 1791 2748 V.
1817 2705 1908 2746 204
1931 2716 2024 2759 sqq.

329 2785 596 2831 Coniunctae
629 2790 865 2844 particulae
894 2794 1025 2833 tunc
1049 2813 1107 2822 -
1133 2802 1250 2832 cum
1281 2790 1410 2832 etiam
1442 2794 1673 2846 propterea
1705 2790 1892 2845 placent,
1923 2789 2023 2843 quia

327 2882 510 2923 surgens
550 2871 687 2913 oratio
720 2873 862 2926 pergit
893 2872 948 2915 ad
991 2872 1108 2915 aliud
1150 2873 1280 2927 idque
1312 2873 1399 2915 tale
1440 2877 1639 2929 tempus,
1684 2872 1739 2916 de
1774 2885 1860 2926 quo
1895 2873 2026 2927 vulgo

329 2952 432 2994 talia
474 2964 559 2995 nou
608 2957 847 3009 exspectes.
924 2954 1187 2997 Conlunctas
1235 2955 1377 2997 vidisti
1426 2955 1557 2997 etiam
1604 2967 1734 3009 supra
1778 2953 1858 3007 ΙΙΙ,
1899 2957 1943 3004 3,
1985 2957 2028 2996 9.

331 3033 608 3077 constructio
648 3040 792 3078 autem
835 3036 970 3078 totius
1011 3036 1096 3079 loci
1140 3038 1283 3092 paullo
1325 3038 1596 3080 artificiosior
1625 3035 1731 3080 haec
1762 3041 1857 3079 est:
1914 3037 2029 3081 Quin

331 3115 461 3158 etiam
505 3115 568 3158 his
606 3117 774 3159 ossibus
819 3122 935 3160 terra
976 3118 1160 3162 conditis
1202 3125 1369 3173 tamen,
1416 3121 1507 3163 sive
1539 3134 1678 3175 equus
1707 3121 1799 3163 sive
1831 3119 1909 3162 bos
1938 3121 2031 3164 sive

331 3199 422 3242 avis
452 3198 629 3253 fuerim,
673 3200 843 3254 quando
878 3215 932 3244 ex
965 3200 1045 3245 hac
1083 3204 1340 3258 migratione
1371 3204 1414 3246 in
1456 3202 1683 3246 humanam
1723 3207 1917 3246 naturam
1961 3215 2030 3244 re-

333 3279 479 3334 diero,
524 3283 784 3325 continuabo
815 3284 1033 3339 inceptum
1064 3285 1106 3327 in
1139 3287 1281 3342 priore
1312 3286 1399 3328 vita
1435 3298 1560 3341 opus,
1622 3285 1690 3326 De
1720 3284 1934 3326 sententia
1966 3284 2034 3325 vi·-

334 3364 410 3407 ‹les
452 3365 543 3418 ipse
583 3365 685 3420 quid
727 3365 1001 3410 iudicandum
1042 3368 1122 3420 sit3
1170 3374 1236 3411 est
1279 3373 1324 3411 ut
1367 3368 1452 3410 alia
1491 3366 1696 3410 multa-in
1729 3365 1809 3408 hoc
1842 3365 2029 3409 carmine
