2086 3756
241 220 307 251 κι.
929 194 1023 246 DE
1060 191 1259 248 POESI

386 345 546 397 Flava
582 342 766 404 CercS‚
803 340 899 390 tibi
936 339 1001 388 sit
1036 346 1215 387 nostro
1255 335 1316 386 de
1354 353 1475 387 rure
1514 354 1708 389 corona

419 461 421 467 ·
461 439 672 506 Spicea,
711 454 843 505 quae
880 435 1061 501 templi
1093 433 1318 501 pendeat
1359 444 1477 484 ante
1514 434 1685 485 fores:

387 535 727 601 Pomosisque
765 534 928 583 ruber
965 541 1135 581 custos
1171 541 1399 597 ponatur
1432 530 1488 579 in
1522 528 1716 593 hortis,

463 630 681 678 Terreat
717 637 775 676 ut
807 643 958 676 saeva
1000 626 1129 675 falce
1156 627 1382 691 'Priapus
1419 642 1555 676 aves.

390 724 502 772 Vos
541 739 775 789 quoque,
811 723 971 773 felicis
1008 722 1272 789 quondam
1311 740 1450 772 nunc
1481 718 1726 786 pauperis
1763 719 1872 783 agri

466 816 734 884 CustodeS‚
770 817 916 868 fertis
951 835 1172 868 munera
1206 827 1406 882 vestra,
1443 817 1623 866 Lares·

254 916 516 985 Splendor
559 921 723 970 cultus
779 917 942 970 divini
987 918 1303 969 luculentior
1350 917 1408 966 in
1461 918 1789 966 urbanorum
1824 922 1956 962 tem-

254 1017 465 1080 plorum
520 1015 741 1080 publicis
793 1014 948 1063 sacris
1005 1024 1054 1063 et
1103 1011 1432 1064 sacerdotum
1471 1010 1763 1062 numerosis
1803 1010 1958 1060 colle-

254 1111 377 1174 giis3
443 1111 684 1160 Tibullus
748 1121 919 1160 autem
982 1107 1386 1159 domesticorum
1438 1125 1708 1159 sacrorum
1758 1106 1962 1172 privata

257 1205 508 1254 solemnia
533 1205 758 1253 maxime
791 1205 1009 1265 amabat,
1047 1212 1107 1251 ut
1137 1204 1368 1251 natalitia
1403 1202 1634 1251 carmina
1669 1200 1963 1262 ostendunt,

258 1309 309 1348 et
343 1299 598 1348 ruralium
633 1297 949 1362 religionum
984 1297 1116 1346 ritus
1155 1314 1211 1347 ac
1251 1293 1454 1360 gaudia.
1538 1293 1710 1357 Quam
1743 1296 1963 1362 pulchre

260 1392 492 1459 depingit
538 1394 667 1442 haec
713 1394 847 1442 festa
894 1408 1012 1442 cum
1059 1390 1225 1456 epulis
1266 1392 1508 1440 lucorum
1542 1390 1775 1458 iocisque
1813 1399 1965 1456 petu-

258 1490 486 1541 lantibus
520 1492 796 1552 iuvenum,
834 1488 928 1539 ubi
967 1504 1075 1537 non
1116 1488 1283 1536 rubor
1319 1487 1444 1539 vino
1481 1484 1693 1536 madere
1734 1496 1967 1535 errantes

264 1599 312 1639 et
346 1590 480 1638 male
516 1589 654 1637 ferre
689 1582 876 1653 pedes!
952 1584 1036 1635 Sic
1074 1584 1390 1635 ambarvalia
1429 1600 1524 1633 sua
1561 1580 1806 1633 describit
1827 1583 1895 1645 ΙΙ,
1923 1584 1970 1631 1.

263 1694 314 1733 et
362 1685 491 1734 alius
542 1684 713 1735 suavis
762 1683 920 1734 huius
972 1682 1174 1747 generis
1221 1683 1366 1732 locus
1417 1689 1493 1730 est
1539 1680 1605 1743 H,
1653 1681 1700 1741 5,
1751 1684 1817 1727 87
1857 1695 1971 1747 sqq.

263 1778 435 1845 Atque
482 1779 611 1827 haec
659 1776 871 1845 quidem
917 1778 1049 1828 festa
1098 1787 1246 1840 sunt3
1298 1776 1506 1840 negotia
1558 1783 1678 1824 ante
1727 1771 1971 1825 vidimus,

267 1871 518 1923 Claudam
555 1890 690 1940 quae
728 1874 877 1923 attuli
911 1873 1141 1938 generali
1183 1871 1564 1922 observatione.
1636 1870 1700 1919 In
1741 1885 1972 1936 quonam

264 1969 401 2018 inest
434 1968 625 2017 horum
661 1968 918 2030 omnium,
959 1985 1093 2035 quae
1134 1965 1384 2029 vidimus,
1421 1967 1648 2017 suavitas
1687 1980 1890 2016 summa
1925 1974 1976 2014 et

267 2064 582 2128 praestantia
624 2061 908 2112 secundum
955 2058 1262 2114 Tibullum?
1336 2063 1399 2111 In
1450 2060 1774 2127 simplicitate
1821 2076 1977 2127 prae-

270 2159 438 2209 clara:
491 2159 657 2226 qualis
703 2158 843 2208 enim
886 2158 1010 2208 olim
1057 2157 1160 2207 fuit
1210 2155 1506 2223 simplicitas
1550 2156 1687 2206 vitae
1731 2155 1978 2220 pulcher-

269 2251 404 2301 rima
439 2254 667 2318 mythico
716 2262 981 2318 tempore,
1033 2268 1151 2301 cum
1202 2249 1439 2301 nondum
1485 2249 1675 2302 divitiis
1715 2249 1979 2300 inhiarent

269 2346 535 2408 homines,
583 2345 739 2396 huius
786 2355 1023 2412 superest
1062 2343 1327 2412 hodieque
1369 2343 1654 2395 similitudo
1690 2345 1747 2394 in
1786 2344 1980 2394 rustica

272 2440 405 2504 vita,
446 2441 503 2490 in
537 2441 752 2491 rusticis
784 2442 1048 2504 moribUS,
1087 2441 1335 2506 negotiiS,
1384 2441 1557 2504 festiS,
1604 2439 1980 2506 voluptatibu8,

273 2535 714 2605 quemadmodum
760 2537 866 2586 iam
911 2535 1210 2586 adolescens
1260 2536 1518 2586 Tibullus>
1552 2518 1752 2600 egregie
1803 2537 1980 2600 sensit,

274 2651 393 2683 cum
441 2634 662 2699 primam
714 2633 926 2697 elegiam
977 2650 1124 2682 suam
1171 2629 1244 2700 (1,
1291 2629 1396 2697 10.)
1450 2631 1714 2682 scriberet.
1803 2633 1978 2700 Atque

271 2728 429 2778 huius
469 2726 649 2777 idealis
685 2728 1023 2793 simplicitatis
1057 2728 1232 2795 imago
1278 2737 1337 2776 ut
1376 2725 1550 2776 animo
1591 2726 1734 2776 Albii
1771 2726 1980 2792 penitus

272 2823 552 2887 insidebat,
598 2824 671 2873 ita
720 2822 1155 2890 descriptionibus
1200 2824 1339 2873 ruris
1382 2822 1597 2888 poeticis
1642 2822 1752 2871 eius
1801 2823 1983 2874 suben

275 2920 534 2970 omnibus.
604 2917 872 2968 Addamus
901 2917 1126 2986 denique
1154 2916 1296 2985 quod
1330 2919 1500 2968 solum
1534 2917 1618 2967 hic
1651 2926 1810 2967 restat
1839 2933 1980 2969 com-

273 3013 697 3079 memorandum,
748 3014 1132 3081 oppositionem
1168 3014 1380 3064 militiae
1421 3013 1650 3081 bellique
1697 3012 1814 3063 dico
1855 3029 1979 3064 vere

275 3110 648 3174 Tibullianam,
699 3121 759 3161 ut
796 3113 1100 3164 absolvatur
1136 3122 1319 3163 totum.
1402 3110 1604 3175 Nempe
1643 3118 1799 3175 poeta
1835 3125 1980 3174 egre-

275 3205 353 3270 gie
390 3206 494 3255 iam
528 3207 581 3255 in
622 3207 792 3272 primo
831 3210 1057 3260 carmine
1094 3204 1166 3278 (1,
1208 3205 1335 3276 10.)‚
1375 3224 1492 3257 cum
1528 3205 1758 3272 primum
1795 3220 1980 3254 avoca-

275 3309 422 3350 retur
462 3299 524 3350 ad
561 3300 815 3368 stipendia
853 3301 1126 3366 merenda,
1178 3289 1397 3371 opponit
1436 3301 1535 3353 sibi
1576 3301 1700 3354 belli
1746 3300 1979 3365 pericula
