2158 3750
629 263 812 315 LlBR.
848 264 941 316 111.
1010 262 1216 316 ELEG.
1251 264 1294 315 Ι.
1709 271 1810 316 315

598 694 1172 756 ELEGIA
1300 698 1341 755 I.

715 1079 1235 1138 INTRODUCTIO.

119 1259 391 1336 Kalendae
420 1293 608 1337 Martiae
637 1306 735 1338 cum
765 1294 987 1348 venerint,
1032 1293 1108 1337 ubi
1138 1292 1251 1336 dona
1281 1293 1393 1337 mitti
1436 1293 1634 1338 solebant
1661 1291 1816 1335 uxori-

126 1375 206 1418 bus
237 1381 280 1418 et
312 1376 467 1432 puellis
501 1377 667 1430 amatis,
699 1378 828 1420 etiam
861 1381 991 1432 poeta
1021 1377 1076 1419 de
1106 1390 1284 1420 munere
1316 1378 1496 1431 cogitat,
1538 1381 1583 1419 et
1614 1373 1825 1418 consultis

121 1457 264 1500 Musis
304 1461 540 1504 carminum
580 1473 756 1503 suorum
802 1461 1003 1503 volumen
1050 1461 1223 1503 mittere
1269 1461 1518 1512 constituit,
1577 1472 1690 1513 quae
1735 1457 1822 1498 alio

124 1548 323 1596 tempore
363 1542 480 1598 facta
509 1542 682 1587 favente
724 1543 895 1587 Neaera
938 1548 985 1586 et
1021 1545 1108 1587 iam
1149 1548 1242 1586 tum
1274 1542 1386 1585 haud
1419 1543 1548 1584 dubie
1578 1540 1826 1595 singulatim

123 1626 179 1669 ab
210 1640 262 1670 ea
290 1628 429 1681 lecta,
461 1627 667 1684 sperabat
696 1640 810 1671 nunc
839 1628 1026 1672 collecta
1055 1634 1102 1671 et
1130 1629 1390 1671 coniunctim
1421 1627 1642 1683 proposita
1671 1637 1827 1667 novam

124 1711 209 1752 vim
239 1709 436 1753 habitura
466 1711 509 1752 in
538 1711 727 1766 puellam
758 1715 803 1754 et
833 1715 1089 1754 revocatura
1120 1723 1272 1753 seusus
1303 1709 1472 1766 priores
1503 1707 1664 1750 favoris
1694 1706 1828 1749 minui

127 1794 272 1849 coepti
304 1799 349 1836 et
378 1793 496 1837 dubii
528 1794 656 1847 facti,
697 1794 755 1838 cf.
786 1808 826 1838 v.
859 1798 934 1839 19.
964 1798 1040 1838 20.
1100 1795 1234 1838 Parat
1274 1794 1410 1847 igitur
1453 1791 1609 1834 librum
1641 1787 1831 1842 eleganti

125 1880 278 1918 ornatu
317 1881 368 1918 ut
404 1876 556 1920 volunt
586 1876 764 1930 Musae,
809 1889 996 1931 eumque
1041 1889 1120 1932 per
1163 1877 1280 1932 ipsas
1314 1875 1465 1918 Musas
1495 1873 1632 1916 mittit
1672 1869 1830 1912 additis

126 1956 338 1999 mandatis
367 1956 549 2011 blandis,
587 1958 743 2012 quibus
774 1956 917 2000 denuo
947 1961 1133 2000 testatur
1162 1969 1352 2000 amorem
1387 1957 1599 2006 intimum,
1631 1958 1677 1996 et
1707 1964 1832 2007 spem

126 2038 315 2091 coniugii
352 2037 537 2080 affimat
573 2039 741 2081 nonnisi
782 2052 881 2081 cum
926 2042 1069 2081 morte
1115 2051 1164 2084 se
1209 2038 1514 2080 demissarum.
1577 2036 1644 2078 lta
1689 2038 1831 2089 poeta.

125 2119 209 2163 Est
239 2119 320 2163 hoc
349 2134 521 2164 carmen
553 2134 608 2164 ex
639 2121 888 2164 melioribus
927 2121 1147 2176 Lygdami
1167 2153 1180 2174 ,
1217 2121 1364 2163 insunt
1405 2125 1550 2162 tamen
1593 2119 1833 2173 complura,

74 2244 78 2247 ,
129 2218 241 2259 quae
282 2206 375 2247 iure
414 2204 720 2261 reprehendas·
782 2207 981 2252 Quorum
1024 2205 1130 2247 illud
1180 2205 1327 2247 statim
1375 2202 1444 2246 hic
1485 2201 1720 2246 notandum
1751 2200 1835 2243 ob-

129 2283 398 2331 servantibus
439 2288 569 2330 etiam
611 2287 706 2330 aliis
746 2287 888 2340 idem,
939 2286 1055 2341 quod
1091 2286 1355 2340 colloquium
1404 2297 1502 2327 cum
1534 2283 1674 2326 Musis
1709 2282 1836 2324 finxit

130 2371 321 2425 deasque
359 2371 476 2426 ipsas
507 2370 741 2413 deferendo
771 2371 883 2413 libro
911 2370 1112 2424 adhibet,
1157 2370 1296 2424 qualis
1327 2369 1447 2410 lusus
1485 2368 1652 2410 alienus
1685 2370 1779 2408 erat
1809 2378 1836 2407 a

131 2457 266 2500 nobili
309 2456 585 2512 simplicitate
629 2459 674 2498 et
716 2455 931 2510 gravitate
972 2454 1150 2497 Tibulli.
1213 2451 1304 2496 Sed
1344 2450 1575 2506 Lygdamo
1618 2448 1835 2504 exquisita

131 2538 224 2581 visa
254 2538 357 2581 talia
386 2536 653 2580 commenta!
716 2535 844 2579 Nunc
874 2536 1075 2591 quidem,
1122 2535 1159 2578 si
1203 2538 1350 2577 tamen
1392 2531 1566 2575 volebat
1596 2527 1839 2572 huiusmodi

135 2621 263 2676 quid,
301 2621 454 2664 melius
482 2619 595 2662 haud
626 2619 755 2662 dubie
787 2620 956 2673 elegiae
988 2617 1112 2671 hulc,
1159 2617 1380 2661 comitanti
1415 2616 1597 2668 librum,
1639 2612 1842 2657 mandata

139 2702 193 2745 ad
224 2702 410 2758 puellam
442 2700 648 2754 dedisset,
681 2713 792 2755 quae
823 2700 965 2742 Musis
998 2700 1087 2754 dat,
1119 2700 1226 2742 licet
1257 2700 1388 2742 etiam
1424 2697 1532 2740 haec
1562 2698 1674 2740 ratio
1705 2695 1844 2750 magis

138 2796 195 2826 ex
231 2783 375 2826 Ovidii
406 2795 535 2837 quam
565 2782 728 2825 Tibulli
761 2794 881 2824 more
921 2781 1089 2824 fuisset.
1164 2782 1227 2823 Ut
1270 2781 1325 2823 ad
1371 2780 1454 2823 alia
1496 2780 1686 2833 veniam,
1732 2777 1846 2820 ridet

140 2867 335 2910 Vossius
366 2870 567 2921 poetam,
609 2864 726 2920 quod
757 2863 862 2907 nihil
893 2864 974 2907 nisi
1006 2864 1160 2906 librum
1181 2862 1358 2906 -donans
1395 2863 1576 2905 aliorum
1607 2860 1846 2903 liberalita-

141 2953 228 2990 tem
261 2947 553 3003 imprudenter
582 2949 906 2989 commemorat.
982 2946 1089 2989 Meo
1130 2945 1291 2988 iudicio
1339 2945 1521 3001 primum
1570 2942 1680 2984 bene
1727 2940 1845 2993 fecit,

146 3029 263 3084 quod
294 3028 425 3071 dubio
455 3027 572 3071 sacto
602 3027 751 3070 favore
782 3026 982 3070 Neaerae
1025 3040 1111 3071 non
1155 3029 1296 3084 pretio
1337 3027 1552 3069 redimere
1583 3025 1848 3067 voluntatem

145 3112 239 3154 eius
268 3111 460 3164 studuit,
500 3109 577 3153 sed
612 3110 707 3152 sola
745 3109 1043 3152 resuscitanda
1082 3110 1271 3165 imagine
1315 3109 1473 3151 amoris
1516 3107 1654 3149 intimi
1695 3103 1850 3158 elegiis

144 3195 232 3237 suis
264 3194 462 3250 expressi
492 3197 755 3236 commotum
785 3204 879 3234 eam
912 3192 1003 3235 ivit.
1074 3191 1243 3235 Deinde
1274 3204 1360 3234 non
1395 3190 1522 3232 video
1555 3186 1852 3243 imprudenter

145 3276 327 3318 aliorum
359 3274 660 3318 liberalitatem
692 3273 747 3315 ab
791 3286 846 3315 eo
887 3273 1078 3327 laudari,
1121 3273 1196 3329 qui
1226 3272 1329 3316 nihil
1366 3273 1481 3315 dicat
1523 3282 1652 3326 quam
1695 3268 1851 3323 quibus

147 3372 258 3413 opus
300 3360 342 3401 in
384 3359 586 3402 introitu:
636 3356 924 3411 „Discurrunt
968 3356 1096 3402 hodie
1139 3357 1331 3414 undique
1363 3369 1542 3401 munera
1574 3367 1653 3411 per
1683 3353 1772 3396 vias
1808 3355 1852 3393 et
