2086 3756
856 240 1162 295 TIBULLI.
1782 258 1867 291 Lm

166 405 297 457 quae
338 399 387 440 et
422 388 534 456 ipsa
583 387 810 439 alienum
860 406 1091 441 amorem
1142 384 1491 439 adumbrant?
1566 387 1677 438 Cur
1726 405 1866 440 com-

158 485 351 551 positio
403 486 691 537 carminum
740 481 915 536 differt
965 505 995 536 a
1046 482 1385 537 Tibulliana'?
1472 483 1583 535 Cur
1639 487 1866 536 elocutio

156 592 236 631 tot
272 581 567 634 discrimina
603 591 655 632 et
688 581 819 632 vitia
845 583 1004 633 habet
1030 602 1061 633 a
1090 583 1290 634 Tibulli
1312 582 1491 633 limata
1519 592 1629 632 arte
1659 579 1866 633 aliena?

155 678 263 727 Has
300 695 384 728 res
420 679 559 727 enim
595 678 866 746 sequentia
904 679 1072 745 capita
1120 678 1411 729 ostendent.
1496 675 1673 740 Quare
1714 663 1869 728 nihili

154 773 309 823 etiam
343 775 471 823 haec
497 772 713 839 opinio,
750 773 948 822 nemini
985 771 1131 840 quod
1168 774 1327 823 sciam
1361 783 1572 839 praeter
1605 772 1865 839 Vulpium

153 878 205 918 et
237 868 570 918 Huschkium
605 867 809 933 placita.
845 895 918 904 ——
972 867 1244 918 Postremo
1283 865 1346 916 de
1385 873 1549 935 quarti
1583 870 1691 918 libri
1726 871 1865 932 elegi-

150 963 240 1012 diis
272 963 801 1030 pulchris-nonnulla
833 971 956 1012 sunt
987 959 1224 1012 dicenda.
1298 955 1579 1022 Quomodo
1616 963 1731 1012 fieri
1765 980 1863 1029 po-

148 1061 308 1110 tuerit
340 1077 439 1126 per
473 1060 771 1126 temporum
808 1058 1094 1121 rationem,
1144 1068 1206 1107 ut
1239 1057 1484 1108 Tibullus
1521 1069 1642 1124 post
1673 1059 1860 1109 Deliae

150 1165 200 1205 et
232 1155 488 1223 Glycerae
519 1152 807 1220 perfidiam,
844 1170 962 1204 cum
995 1151 1200 1204 videret
1236 1152 1496 1219 Sulpiciae
1532 1155 1862 1221 praeclarum

148 1268 382 1303 amorem
416 1252 474 1301 in
513 1248 851 1312 cerinthum,
885 1248 1029 1299 hunc
1065 1245 1371 1314 depingeret
1407 1259 1458 1298 et
1490 1249 1621 1300 alius
1655 1251 1861 1316 generis

146 1349 324 1414 puella
363 1344 602 1399 ornanda
631 1362 870 1397 recreare
904 1345 1066 1397 vellet
1091 1345 1323 1396 animum
1339 1381 1352 1408 ,
1389 1343 1617 1397 vidimus
1652 1347 1711 1396 in
1734 1347 1860 1399 Vita
1936 1402 1937 1405 ,

146 1442 349 1509 poetae.
418 1442 482 1492 In
518 1457 625 1509 quo
664 1438 878 1508 quidem
913 1450 1220 1504 argumento
1258 1438 1530 1490 tractando
1570 1459 1689 1491 cum
1718 1442 1859 1493 veri-

145 1538 263 1589 tatis
300 1548 352 1588 et
384 1537 607 1589 fictionis
641 1536 878 1604 poeticae
912 1535 1144 1587 rationes
1182 1534 1538 1601 coniunxerit,
1578 1537 1679 1588 alia
1715 1537 1859 1589 simi-

142 1633 229 1698 lia,
265 1634 365 1684 alia
401 1632 669 1684 dissimilia
705 1632 1031 1699 exspectabis
1069 1633 1253 1683 ceteris
1280 1632 1482 1684 Tibulli
1523 1635 1858 1688 carminibus-

142 1727 270 1780 Non
303 1739 485 1794 regnat
519 1728 604 1780 hic
647 1728 786 1778 ruris
825 1745 974 1778 amor
1010 1717 1344 1779 Tibullianus
1390 1741 1487 1779 nec
1537 1731 1853 1782 rusticarum

141 1840 319 1874 rerum
353 1823 536 1875 laudes
576 1826 947 1892 reperiuntur,
995 1843 1114 1876 cum
1150 1842 1263 1876 11011
1301 1841 1424 1876 suos
1462 1823 1555 1876 sed
1592 1825 1854 1894 Sulpiciae

145 1930 196 1970 et
245 1919 485 1971 Cerinthi
528 1936 703 1971 mores
753 1918 1061 1972 adumbret.¹
1132 1919 1245 1971 Nec
1295 1936 1425 1987 quas
1474 1920 1586 1986 ipse
1635 1938 1854 1972 suorum

144 2016 434 2066 carminum
470 2016 790 2066 eroticorum
826 2032 1005 2066 causas
1040 2015 1223 2080 habet,
1262 2015 1461 2066 clausas
1497 2016 1639 2066 fores
1655 2053 1670 2080 ,
1708 2015 1855 2066 duri-

33 2118 35 2122 '
78 2129 82 2133 ¹
141 2109 267 2161 tiam
303 2122 393 2161 aut
430 2096 703 2179 perfidiam
739 2110 1065 2178 puellarum,
1114 2109 1186 2161 sic
1225 2110 1424 2177 pariter
1467 2111 1524 2160 in
1568 2111 1651 2162 his
1697 2112 1854 2177 elegi-

35 2274 42 2284 ·
98 2260 102 2262 ,
144 2205 241 2260 diis
278 2208 685 2275 exspectaveris,
733 2209 829 2258 ubi
873 2207 1133 2275 Sulpiciae
1180 2217 1304 2258 sunt.
1345 2207 1627 2274 primariae
1663 2216 1854 2273 parteS,

146 2311 197 2352 et
231 2303 466 2368 iuvenis,
517 2304 611 2371 qui
652 2315 881 2368 amatur,
928 2303 1163 2355 timidior
1199 2315 1292 2355 est.
1374 2305 1661 2371 Postquam
1696 2314 1854 2369 poeta

144 2382 381 2465 corporis
407 2396 564 2450 decus
592 2397 840 2463 laudavit,
878 2399 1092 2450 exhibet
1132 2399 1245 2450 aliis
1278 2399 1336 2448 in
1375 2399 1693 2449 carminibus
1734 2417 1854 2449 sen-

142 2513 229 2546 sus
265 2496 500 2562 puellae,
555 2511 690 2562 quae
737 2513 880 2547 nunc
930 2496 1177 2546 natalitiis
1227 2496 1369 2545 festis
1414 2505 1539 2546 vota
1588 2494 1712 2546 facit
1751 2511 1852 2560 pro

141 2598 319 2661 amore
345 2587 598 2654 Cerinthi,
635 2607 778 2640 nunc
817 2591 1103 2640 absentiam
1141 2590 1297 2640 amati
1333 2590 1575 2657 queritur
1604 2571 1863 2642 venatum·

139 2685 270 2734 urbe
308 2683 513 2750 egressi,
550 2700 694 2734 nunc
733 2684 849 2750 ipsa
883 2693 1090 2735 recusat
1123 2683 1180 2733 in
1214 2699 1306 2735 rus
1342 2685 1419 2734 ire
1457 2686 1648 2751 procul
1685 2703 1715 2735 a
1754 2683 1853 2735 Ce-

137 2779 344 2846 rinth0‚
403 2798 546 2832 nunc
594 2782 859 2850 zelotypia
905 2781 1128 2848 puellari
1179 2780 1416 2846 angitur,
1475 2781 1576 2831 alio
1614 2791 1851 2847 tempore

137 2877 324 2927 morbo
357 2877 581 2928 laborat.
651 2877 749 2928 His
793 2887 949 2945 atque
985 2878 1177 2928 talibus
1215 2876 1381 2927 causis
1417 2876 1660 2927 nituntur
1698 2895 1852 2943 argu-

137 2981 313 3022 menta
351 2972 544 3023 horum
578 2973 900 3038 carminum,
954 2972 1047 3023 ubi
1084 2971 1239 3022 etiam
1281 2972 1488 3023 iuvenis
1524 2988 1697 3022 mores
1735 2989 1849 3022 mo-

139 3062 271 3117 desti
305 3068 459 3117 simul
495 3078 778 3135 apparent,
820 3067 917 3119 etsi
950 3069 1035 3119 hic
1074 3086 1336 3137 nusquam
1361 3068 1615 3137 loquitur.
1688 3069 1849 3120 Amo-

137 3164 210 3214 ris
246 3174 421 3214 autem
456 3165 552 3229 viS,
602 3164 696 3232 qui
731 3164 816 3216 hie
855 3162 1169 3231 depingitur,
1207 3164 1407 3215 Tibulli
1442 3163 1653 3229 ingenio
1689 3165 1847 3230 plane

138 3261 432 3313 familiaris:
490 3263 669 3329 puella
717 3260 920 3315 fervide
972 3272 1133 3326 amat,
1190 3259 1634 3330 quemadmodum
1681 3262 1850 3326 placet

141 3356 324 3419 Albio,
370 3357 546 3410 vivere
586 3358 771 3426 nequit
807 3358 918 3408 sine
958 3355 1241 3423 Cerintho,
1281 3369 1332 3408 et
1367 3358 1466 3409 lios
1503 3357 1646 3423 ignes
1684 3357 1847 3405 libere
