2158 3750
313 221 414 265 312
541 212 772 268 COMM.
807 213 883 264 IN
921 211 1054 262 TIB.
1091 211 1275 260 LIBR.
1311 212 1377 260 11.
1447 211 1648 262 ELEG.
1685 213 1779 264 VI.

316 365 441 404 vatae
480 372 608 403 areae
639 357 783 399 statIm
823 356 1049 411 responsio
1091 355 1412 397 inscriberetur.
1443 377 1503 386 -—-
1557 354 1612 397 V.
1644 355 1702 395 47
1734 365 1828 408 sqq.
1888 365 1915 395 a
1946 351 2008 394 li-

315 445 463 487 mine
506 442 659 484 duro.
720 438 890 495 Nempe
935 439 1080 482 clausa
1121 439 1264 482 ianua.
1325 439 1401 481 Sic
1432 438 1628 481 Ovmms
1669 436 1782 480 dixit
1819 435 2009 480 Remed-

317 529 411 570 Am.
442 528 557 567 6772
605 521 739 564 Nunc
769 518 853 562 tibi
882 519 1054 566 rivalis,
1085 535 1204 562 nunc
1235 519 1398 561 darum
1426 519 1559 562 limen
1590 516 1778 560 amanti.
1807 539 1867 548 —
1896 518 2013 560 lan-

317 618 523 662 guere,
568 617 655 647 non
695 604 810 647 bene
849 605 1009 647 valere.
1040 627 1100 635 —
1158 604 1386 658 aliquas
1428 602 1780 646 extimuisse
1819 600 2014 654 minas,

315 691 439 734 malis
468 689 682 732 ominibus
713 688 825 731 forte
857 689 1038 742 terreri,
1082 701 1263 742 quorum
1294 687 1627 731 avertendorum
1659 698 1791 728 causa
1819 685 1864 726 in
1894 687 2015 727 casto

318 784 415 814 esse
454 770 709 814 decreverit.
769 770 836 812 De
877 783 920 815 v.
961 769 1237 828 extimuisse
1264 769 1319 812 cf.
1363 770 1500 812 Ovm.
1543 763 1724 811 Her-oid.
1756 767 1900 820 XVII,
1930 769 2015 809 83:

316 854 380 893 Et
411 866 541 909 saepe
574 851 787 899 extimui,
818 867 872 894 ne
908 852 979 895 vir
1008 867 1129 895 meus
1161 853 1244 893 illa
1278 852 1466 896 videret.
1526 853 1692 896 Vocem
1723 850 1868 892 minas
1899 850 2017 893 Vos-

319 948 415 977 sms
446 935 662 990 explicat,
705 935 932 978 conferens
963 936 1144 979 visan.
1185 936 1352 978 FLAcc.
1384 936 1419 988 l,
1451 938 1510 977 27
1525 951 1536 978 =
1584 933 1822 991 divumque
1853 930 2014 976 minas·

318 1017 399 1070 111,
427 1019 542 1060 3542
573 1016 891 1074 volucrumque
923 1015 1067 1057 minas
1091 1030 1408 1074 praesagaque
1437 1014 1662 1074 fulmina.
1722 1014 2020 1068 Similiterque

321 1101 497 1143 Sssmsc.
527 1100 707 1156 Hippol.
736 1103 839 1142 408.
883 1104 927 1142 et
959 1100 1221 1142 Cmumm.
1251 1100 1353 1152 XX,
1383 1103 1428 1142 2.
1459 1123 1517 1130 —
1564 1099 1675 1141 Mox
1715 1098 1870 1140 Tune
1912 1109 2022 1140 mo-

321 1181 438 1224 rior
478 1182 661 1234 curis,
693 1185 743 1223 ut
771 1193 902 1236 saepe
933 1193 999 1236 pr.
1031 1180 1086 1222 ad
1117 1185 1303 1223 mortem
1333 1180 1520 1234 affligor.
1549 1203 1607 1211 —
1653 1185 1791 1234 quot
1828 1178 2022 1231 modis,

322 1263 575 1306 concubitus
604 1263 874 1318 Venerisque
907 1263 1072 1316 figuras
1103 1263 1244 1305 varias
1287 1263 1518 1317 intelligit,
1560 1262 1615 1305 ef.
1645 1262 1683 1316 I,
1714 1266 1758 1315 9,
1787 1264 1860 1306 64.
1920 1262 2023 1306 Vox

323 1343 441 1385 modi
469 1349 696 1401 praeterea
723 1346 885 1400 legitur
912 1347 1111 1395 similiter
1145 1347 1282 1390 Ovm.
1316 1347 1486 1389 Amorr.
1517 1346 1575 1399 ΙΙ,
1608 1350 1653 1399 8,
1681 1349 1756 1388 27.
1798 1345 2022 1390 Invnnn..

325 1428 458 1470 Satir.
489 1429 565 1483 VI,
595 1431 698 1471 406.
761 1429 964 1472 Ceterum
998 1432 1148 1473 unicus
1181 1430 1249 1473 hic
1281 1431 1403 1473 locus
1433 1435 1526 1483 est,
1566 1429 1640 1472 ubi
1671 1429 1715 1471 in
1746 1430 1938 1472 carmine
1968 1426 2024 1470 ad

327 1510 514 1564 puellam
546 1510 609 1552 ita
641 1510 696 1553 de
726 1524 779 1554 ea
810 1512 999 1566 loquitur
1028 1511 1242 1554 Tibullus.
1268 1534 1328 1542 —-
1374 1512 1429 1556 V.
1462 1515 1521 1555 53
1553 1525 1619 1566 sq.
1670 1512 1816 1555 satis
1856 1510 2029 1553 anxia

325 1591 501 1635 vivas.
577 1592 747 1650 Nempe
794 1595 921 1637 anxia
968 1597 1076 1649 erit,
1123 1600 1173 1638 ut
1217 1597 1361 1639 Furiis
1406 1596 1629 1638 ultricibus
1677 1596 1868 1650 agitata,
1917 1607 2029 1649 quae

325 1687 482 1730 magna
513 1677 691 1719 crimina
723 1679 884 1721 morbis
914 1685 990 1722 aut
1032 1681 1197 1723 insania
1227 1685 1301 1723 aut
1332 1685 1452 1724 metu
1484 1686 1530 1724 et
1562 1681 1802 1724 terroribus
1833 1680 2029 1736 puniunt,

328 1758 385 1801 es.
426 1759 567 1803 Vme.
608 1762 772 1815 Georg.
809 1761 888 1815 111,
932 1765 1038 1805 552.
1099 1763 1268 1806 Deinde
1309 1762 1428 1805 satis
1468 1776 1567 1805 eum
1609 1775 1826 1806 sarcasmo
1868 1762 2031 1805 dictum

327 1847 457 1897 puta,
514 1844 876 1898 quemadmodum
919 1845 1050 1888 etiam
1093 1845 1390 1888 coniunctivus
1429 1844 1560 1887 vivas
1606 1844 1759 1888 eadem
1808 1845 1864 1888 de
1903 1857 2033 1888 causa

328 1927 547 1981 praelatus
577 1933 644 1969 est
675 1928 819 1970 futuro
851 1927 973 1970 vives
991 1955 1001 1974 ‚
1046 1928 1162 1983 quod
1195 1929 1370 1982 quidam
1400 1929 1504 1971 olim
1535 1927 1840 1972 desiderabant
1870 1931 1916 1971 et
1945 1940 2029 1970 nu·-

331 2022 409 2065 per
449 2010 720 2053 Huscmcms
762 2013 957 2066 reposuit
998 2017 1210 2066 sequente
1249 2013 1524 2054 Gonnssuro.
1584 2011 1821 2054 Enimvero
1860 2011 1904 2053 in
1937 2022 2033 2053 sar-

329 2103 476 2133 casmo
507 2091 754 2135 dubitanter
784 2107 915 2149 saepe
946 2094 1161 2148 loquimur
1191 2107 1287 2136 cum
1319 2095 1384 2147 vi,
1426 2093 1577 2140 credo,
1619 2108 1748 2150 spero
1778 2092 1923 2141 vives,
1955 2094 2033 2135 ubi

329 2175 398 2217 vel
439 2177 627 2219 maxime
670 2186 868 2232 optamus
903 2183 949 2220 et
979 2191 1218 2233 speramus.
1289 2178 1411 2220 Talis
1447 2183 1514 2220 est
1545 2178 1660 2233 apud
1691 2179 1888 2221 Graecos
1929 2190 2034 2220 usus

330 2273 374 2302 v.
402 2260 504 2307 ἴσως
533 2261 578 2302 in
606 2263 927 2303 asseveratione
957 2263 1192 2304 sarcastica
1222 2265 1272 2303 ut
1302 2262 1554 2304 Amsropn.
1585 2261 1702 2305 Nub.
1734 2265 1878 2304 1323:
1920 2263 2036 2316 ἴσως,

331 2342 434 2388 ἴσως
463 2337 725 2398 βουλήσεται
759 2338 952 2391 κᾶφωνον
985 2338 1119 2384 αὖτόν
1149 2335 1283 2393 εἶναι,
1324 2343 1441 2397 quod
1483 2347 1636 2386 notare
1674 2343 1891 2387 debebant
1919 2344 2037 2387 REI-

332 2436 481 2466 s1ems
527 2429 573 2466 et
615 2424 912 2468 HERMANNUS
958 2426 1012 2469 ad
1058 2424 1193 2482 Soph.
1240 2426 1352 2470 Oed.
1397 2427 1494 2471 Col.
1533 2430 1636 2470 661.
1711 2427 1907 2471 Eandem
1952 2429 2038 2472 vim

332 2506 492 2560 passim
532 2507 659 2548 etiam
702 2508 919 2562 optativus
961 2521 1059 2550 cum
1102 2509 1315 2563 particula
1356 2504 1408 2549 ἄν
1451 2514 1526 2551 aut
1560 2509 1751 2552 futurum
1792 2507 1945 2564 habet,
1988 2515 2038 2553 ut

334 2588 587 2631 ARISTOPH.
627 2588 742 2631 Nub.
786 2593 928 2632 1160:
983 2586 1107 2632 οὐδὲν
1144 2587 1230 2647 γάρ
1273 2588 1326 2632 ἄν
1366 2607 1419 2641 με
1461 2593 1653 2649 φλαῦρον
1692 2588 1922 2650 ἓργάσεσθ·’
1962 2593 2040 2644 ἔτι,

335 2670 451 2726 quod
481 2672 678 2714 fraudem
705 2672 810 2715 fecit
833 2673 1050 2716 Rmsrero
1081 2673 1138 2715 ad
1169 2673 1320 2717 Nubes
1352 2690 1394 2730 p.
1421 2678 1524 2718 102.
1585 2677 1878 2720 Grammatice
1909 2677 2037 2720 dubi-

337 2760 482 2798 tanter
516 2756 708 2811 loquitur
738 2757 1044 2812 Stre-psiades‚
1075 2757 1204 2800 aliter
1230 2757 1417 2814 intelligi
1449 2759 1552 2803 vult.
1586 2782 1645 2791 —
1687 2761 1960 2817 Moverit‚
2001 2754 2040 2806 si

339 2838 546 2892 moverit,
582 2837 638 2883 cf.
670 2838 725 2881 ad
754 2838 861 2892 Ι,«6,
892 2842 966 2881 53.

2137 3328 2158 3378 js

2141 3471 2158 3523 A..
2128 3382 2158 3454 air«
