2158 3750
347 270 448 315 236
741 260 1211 315 COMMENTAR.
1249 259 1324 310 IN
1363 259 1653 311 TIBULLI

344 407 452 460 loci,
501 409 574 462 qui
617 417 700 447 non
741 403 941 446 videntur
973 403 1169 445 ultimam
1209 415 1381 445 manum
1414 406 1572 458 poetae
1605 405 1803 466 experti,
1848 417 1945 448 cum
1978 403 2045 447 hic

343 490 454 532 liber
497 493 595 543 post
636 491 819 531 mortem
857 486 1022 530 Tibulli
1065 486 1206 528 editus
1245 487 1315 530 sit,
1375 487 1443 529 De
1475 486 1540 529 his
1573 487 1736 530 dictum
1765 487 1811 530 in
1835 486 2046 556 Explica-

344 572 486 620 tione3
538 569 592 611 ad
635 569 847 616 unitatem
891 581 996 614 vero
1044 562 1242 611 carminis
1289 563 1614 612 convellendam
1661 570 1764 613 talia
1812 580 1898 614 non
1935 583 2047 635 'per-
2107 602 2112 606 .

340 654 486 695 tinent.

967 1013 1414 1068 EXPLICATIO.

459 1232 513 1275 V.
547 1233 691 1273 1-10.
764 1229 1095 1274 Exordium.
1159 1231 1290 1274 Cum
1321 1229 1587 1273 Nemesis
1616 1230 1672 1272 in
1702 1240 1796 1272 rus
1828 1228 2047 1272 abierit

340 1326 460 1356 cum
503 1319 757 1357 amatore
799 1315 1006 1370 divite,
1054 1315 1337 1358 Tibullus
1377 1328 1484 1366 non
1524 1314 1782 1357 sustinet
1821 1319 2048 1358 maneffe

338 1398 393 1439 in
428 1398 591 1451 urbe,
622 1399 721 1441 sed
751 1401 979 1442 servire
1009 1402 1133 1444 vult
1163 1399 1314 1457 apud
1342 1397 1623 1445 dominam
1654 1399 1708 1440 in
1738 1397 1910 1453 agris.

457 1483 511 1525 V.
540 1486 562 1524 1
594 1496 686 1537 sqq.
749 1483 903 1526 Rura
934 1485 1245 1539 villaeque.
1293 1485 1392 1528 Non
1417 1485 1578 1527 inutilis
1604 1483 1853 1528 cumulatio.
1903 1482 2045 1525 Recte

338 1563 539 1607 disertius
571 1566 770 1620 designat
811 1581 986 1609 causam
1025 1567 1239 1611 carminis.
1303 1567 1509 1611 Ceterum
1540 1549 1768 1608 abductam
1803 1552 1988 1621 puellam
2018 1576 2044 1614 a

336 1647 594 1701 praedatore
642 1649 775 1691 divite
817 1649 926 1690 infra
974 1648 1145 1692 demum
1187 1649 1483 1704 significatur3
1531 1649 1575 1690 in
1621 1648 1831 1704 principio
1873 1646 2046 1689 brevius

337 1731 553 1784 loquitur,
591 1736 640 1773 ut
673 1732 758 1774 fert
789 1744 975 1787 poeseos
1007 1733 1140 1785 ratio,
1187 1744 1299 1786 quae
1329 1744 1415 1775 non
1448 1731 1505 1775 ab
1538 1745 1620 1775 ovo
1651 1731 1773 1774 initia
1801 1743 1880 1774 sua
1913 1730 2043 1773 ducit.

337 1813 414 1856 Sic
445 1814 556 1867 eleg.
591 1813 626 1866 I,
661 1817 702 1857 1.
735 1815 779 1856 in
811 1815 1023 1870 principio
1056 1815 1311 1870 simpliciter
1340 1820 1512 1859 recusat
1544 1815 1586 1857 in
1618 1813 1778 1857 bellum
1809 1814 1899 1866 ire,
1945 1826 2044 1856 ver-

336 1910 409 1939 sus
441 1898 568 1939 finem
601 1901 745 1940 autem
775 1899 973 1940 carminis
1006 1899 1211 1942 discimus
1241 1913 1266 1942 a
1293 1898 1482 1942 Messala
1516 1905 1691 1954 poetam
1721 1898 1958 1940 invitatum.
1983 1919 2041 1928 -
2083 1902 2109 1954 J

333 1980 585 2024 Ferreus
619 1988 704 2024 est
737 1988 819 2026 etc.
882 1983 1094 2039 Explico:
1128 1985 1244 2038 Heu,
1277 1997 1360 2026 non
1393 1984 1587 2027 sustineo
1625 1996 1798 2026 manere
1829 1983 1872 2024 iu
1905 1981 2040 2034 urbe3

333 2063 499 2106 ferreus
532 2069 598 2106 est
630 2065 701 2118 qui
732 2065 775 2106 in
816 2066 891 2106 tali
927 2077 1030 2106 casu
1072 2078 1295 2107 remanere
1329 2066 1371 2106 iu
1403 2065 1511 2107 urbe
1542 2065 1690 2120 possit.
1768 2064 1856 2107 Pro
1890 2063 2039 2118 quis-

334 2149 462 2201 quis
497 2149 679 2191 Vossms
707 2148 878 2203 scripsit
909 2147 949 2188 si
982 2147 1082 2205 quis
1096 2164 1114 2196 ,-
1165 2148 1243 2190 sed
1274 2149 1508 2203 loquuntur
1538 2147 1845 2204 hyperbolice,
1891 2149 1964 2202 qui
1994 2149 2038 2191 iu

333 2231 493 2271 affectu
523 2235 635 2274 sunt.
667 2254 726 2261 —
771 2230 902 2285 Ipsa
938 2231 1130 2273 Venus
1161 2235 1245 2273 etc.
1307 2231 1674 2287 Interpretantur:
1721 2231 1914 2274 Absente
1945 2230 2038 2284 Ne-

331 2311 439 2352 mesi
473 2311 599 2353 etiam
632 2311 779 2354 Venus
810 2324 910 2353 cum
941 2311 1101 2370 Amore
1133 2311 1281 2364 abest,
1324 2312 1432 2354 abiit
1463 2326 1561 2356 cum
1592 2313 1738 2368 puella
1765 2315 1903 2357 omnis
1933 2296 2036 2370 gra-

331 2394 391 2436 tia
428 2399 471 2437 et
505 2399 721 2438 venustas.
781 2395 1034 2450 Per-peram.
1097 2395 1215 2440 Quid
1249 2397 1360 2440 enim
1393 2402 1460 2440 est
1492 2399 1598 2441 iam
1629 2398 1814 2442 nunc?
1874 2398 1946 2442 Tu
1974 2400 2037 2443 ita

330 2489 501 2519 mecum
531 2477 748 2531 intellige:
780 2478 972 2521 Vernum
1003 2484 1174 2533 tempus
1204 2485 1310 2533 erat,
1343 2481 1503 2536 Aprilis
1535 2481 1689 2536 opinor
1716 2483 1900 2535 mensis;
1931 2495 2038 2526 con-

332 2565 419 2603 stat
450 2566 594 2603 autem
635 2574 739 2604 vere
770 2561 812 2603 in
844 2563 960 2616 agris
990 2563 1205 2625 Venerem
1236 2563 1420 2617 versari,
1463 2565 1517 2608 cf.
1551 2565 1732 2608 Horum.
1762 2566 1797 2617 Ι,
1831 2569 1874 2619 4,
1905 2569 1947 2609 5.
1990 2570 2036 2608 et

331 2659 442 2700 quae
484 2646 542 2688 ibi
574 2646 1014 2688 MrTscnssRmcmth
1047 2647 1208 2688 laudat.
1270 2647 1362 2689 lam
1403 2647 1504 2701 quid
1549 2649 1719 2691 suavius
1759 2647 1860 2694 hom
1879 2662 2035 2692 sensu:

331 2731 441 2775 Quis
481 2731 524 2772 in
565 2730 672 2773 urbe
714 2734 886 2772 maneat
916 2731 1065 2785 procul
1099 2730 1153 2772 ab
1188 2735 1354 2783 amata,
1403 2744 1502 2773 cum
1532 2732 1624 2786 ipsa
1656 2733 1804 2775 Venus
1834 2733 1920 2776 iam
1951 2747 2034 2777 ex-

330 2814 510 2855 cesserit
554 2813 598 2854 in
642 2825 771 2867 agros
818 2817 863 2854 et
905 2812 1038 2853 Amor
1069 2813 1182 2854 inter
1213 2814 1396 2855 rusticos
1427 2815 1661 2856 versetur?
1724 2815 1835 2858 Nam
1866 2815 2033 2860 Amor
2077 2812 2087 2822 ⁶

327 2899 550 2940 rustica
575 2895 829 2938 aratoris
857 2896 1027 2938 verba
1050 2896 1279 2939 discens
1305 2902 1370 2939 est
1395 2898 1468 2952 qui
1494 2898 1616 2952 degit
1643 2899 1754 2940 inter
1777 2900 1960 2942 rusticos
1987 2905 2034 2944 et
2099 2904 2102 2909 '

328 2979 405 3023 hos
427 2982 556 3023 etiam
581 2981 697 3033 loqui
718 2993 937 3021 sermones
961 2985 1004 3022 et
1027 2994 1224 3023 susurros
1247 2983 1480 3024 amatorios
1505 2982 1634 3025 docet
1658 2983 1847 3038 ipsorum
1871 2984 2032 3039 lingua,

328 3077 454 3118 quam
486 3063 623 3105 discit.
687 3047 819 3107 Quis'
836 3063 969 3116 igitur
1012 3064 1065 3104 ab
1109 3066 1225 3118 agris
1267 3065 1420 3106 abesse
1463 3066 1620 3120 possit,
1666 3066 1739 3107 ubi
1772 3067 1913 3108 omnia
1944 3068 2030 3111 iam

327 3158 517 3186 amorem
551 3145 749 3200 spirant‘.2
807 3145 958 3185 latos
992 3145 1105 3198 quod
1139 3145 1250 3187 dixit
1279 3159 1478 3200 agros,
1509 3147 1700 3190 Vossms
1732 3148 1792 3190 ita
1825 3149 2030 3204 explicat,

327 3241 382 3269 ex
424 3229 632 3281 angustiis
674 3227 793 3268 urbis
835 3227 876 3268 in
918 3229 1084 3283 amplos
1119 3229 1332 3271 Venerem
1364 3228 1612 3271 discessisse
1649 3243 1801 3283 agros,
1847 3243 1927 3274 uec
1957 3245 2030 3274 re—

326 3323 474 3365 pugno
515 3315 559 3352 et
602 3309 776 3351 mutabo
820 3310 1073 3362 lectionem,
1125 3325 1381 3365 quamquam
1428 3311 1585 3354 eximie
1627 3313 1769 3367 placet
1813 3312 1955 3355 laetos
2000 3327 2026 3356 a

326 3393 528 3436 Minimo
563 3394 822 3456 repositum,
874 3391 909 3435 h.
952 3407 987 3436 e.
1038 3407 1118 3435 non
1165 3402 1207 3436 ut
1251 3397 1320 3437 ille
1369 3397 1502 3439 voluit
1547 3397 1717 3452 inepte,
1765 3396 2026 3443 exhilaratos

2142 1182 2158 1263 (μη-,ὴ
2143 1137 2158 1146 Ι
2155 1109 2158 1114 .

2142 2122 2148 2130 ⁴·
2143 1979 2158 2101 τιμὰ-9.
2151 1916 2158 1959 2-..

2138 2204 2158 2233 s

2143 2237 2158 2267 1

2133 2275 2158 2306 ν.

2134 3231 2154 3271 {22

2120 3276 2158 3312 ,λῖν
