2158 3750
666 251 850 304 LIBR.
888 252 982 304 lv.
1055 250 1269 304 CARM.
1307 251 1351 302 1.
1757 256 1859 304 413

164 398 346 442 Hom'r.
378 397 518 454 Epod.
551 396 608 450 ΙΙ,
637 399 713 439 20.
745 418 803 426 —
849 395 1031 449 Tyrio
1072 394 1454 449 subtegmine.
1514 392 1597 436 Est
1625 390 1867 438 subtemen,

163 496 243 525 seu
283 486 333 524 ut
373 480 442 523 hic
473 485 519 523 et
556 479 662 522 alias
697 491 829 534 saepe
858 478 1061 520 scribitur
1091 478 1132 519 in
1162 477 1283 519 libris
1311 474 1595 534 subtegmen,
1636 487 1750 518 nunc
1781 488 1867 518 non

164 569 216 607 ut
245 566 377 618 vulgo
411 563 527 619 quod
559 568 846 605 transversum
882 562 925 604 in
967 563 1054 604 tela
1084 561 1166 604 sub
1196 561 1377 604 stamine
1406 560 1569 603 texitur
1596 559 1742 611 filum,
1788 559 1867 600 sed

169 646 472 700 complectitur
503 645 712 701 ampliore
744 644 1060 698 significatione
1100 643 1229 686 etism
1262 648 1453 697 stamen,
1496 648 1540 686 et
1570 647 1705 686 totam
1737 643 1869 684 telam

166 728 384 782 significat
422 741 457 771 S.
491 730 610 772 filum
641 731 898 782 utrumque,
945 732 995 770 ut
1024 728 1183 784 passim
1214 728 1371 770 sactum
1402 727 1748 769 Fortes-:numus
1787 725 1868 767 do-

169 817 256 858 cet.
317 813 394 856 Sic
434 814 615 857 Vsnnn.
647 813 820 855 Fnscc.
849 811 1015 866 Argon.
1048 810 1167 854 VIII.
1209 824 1248 853 v.
1279 813 1391 854 234:
1440 826 1587 852 croceo
1627 808 1870 852 subtemine

167 904 328 939 vestes.
391 896 508 938 Dicit
538 896 674 949 igitur
703 892 964 951 fulgentem
1001 891 1136 948 Ίζγνίο
1169 890 1411 933 subtemine
1445 899 1608 934 vestem
1640 896 1769 948 poeta
1797 895 1868 934 to-

168 992 269 1032 gam
301 981 595 1033 praetextam,
635 975 875 1030 fulgentem
907 988 1127 1031 purpureo
1158 975 1290 1018 limbo
1319 976 1361 1018 in
1393 989 1496 1029 ora3
1538 989 1635 1018 nam
1667 980 1869 1032 praetex-

165 1063 282 1112 tam,
327 1071 413 1100 non
444 1070 705 1114 purpuream
736 1062 884 1112 togam
919 1056 1195 1111 cogitandam
1239 1058 1387 1099 nescio
1422 1071 1500 1100 cur
1539 1059 1756 1101 Hnrmus
1787 1058 1870 1100 du-

168 1142 290 1185 bitet.
321 1165 381 1176 —
426 1142 653 1185 fertilis
681 1142 828 1185 anui.
889 1141 1053 1184 Iterum
1094 1143 1241 1197 posuit
1273 1144 1397 1198 epico
1433 1157 1553 1186 more
1584 1157 1740 1186 ornans
1773 1145 1869 1199 epi-

165 1224 326 1279 theton,
360 1226 440 1268 uisi
470 1225 608 1267 voluit
641 1223 753 1267 huuc
781 1237 939 1266 aunum
972 1224 1182 1280 imprimis
1212 1224 1398 1268 fertilem
1430 1225 1577 1280 fuisse,
1608 1231 1658 1268 ut
1683 1227 1868 1270 Vossms

166 1310 295 1365 cepit.
357 1309 563 1351 Similiter
598 1312 740 1350 tamen
771 1320 902 1362 supra
941 1305 1164 1363 fecundos
1207 1321 1349 1348 annos
1392 1307 1516 1352 dixit.
1547 1332 1606 1339 —
1655 1309 1765 1351 Mox
1806 1309 1869 1350 li-

166 1391 384 1446 quidis,
428 1393 533 1434 licet
575 1395 620 1433 et
658 1392 796 1446 ipsum
840 1395 1097 1446 perpetuum
1142 1389 1391 1447 epitheton,
1441 1405 1526 1434 non
1560 1396 1702 1434 tamen
1743 1393 1871 1448 plane

165 1477 351 1519 otiosum
383 1488 480 1516 esse
521 1475 707 1525 senties,
754 1473 831 1516 sed
875 1475 1050 1529 placere
1093 1475 1398 1529 amplificatam
1439 1475 1522 1516 vim
1565 1488 1728 1529 aquae,
1773 1488 1872 1518 cum

165 1562 270 1603 solis
302 1561 446 1614 fulgor
474 1562 696 1602 recreetur
725 1557 865 1600 undis.
895 1580 957 1590 —-
1002 1558 1125 1600 fera
1156 1557 1492 1610 discordes,
1524 1564 1625 1613 apte
1656 1560 1871 1601 cumulata

169 1641 386 1698 epitheta,
441 1654 539 1684 cum
579 1641 769 1683 furorem
813 1644 1068 1693 ventorum,
1118 1640 1257 1693 qualis
1300 1644 1401 1682 ante
1447 1653 1594 1683 mense
1642 1642 1869 1683 Decembri

170 1725 338 1778 fuerat,
383 1728 576 1780 opponat
605 1723 823 1779 praesenti
853 1722 1006 1776 quieti.
1071 1722 1219 1767 Quare
1248 1723 1378 1764 etiam
1408 1723 1722 1765 Psssnmwms
1757 1731 1873 1766 errat

170 1808 392 1850 discordes
445 1807 515 1850 hic
557 1821 637 1864 pro
683 1812 862 1850 ornante
909 1805 1102 1863 epitheto
1156 1811 1369 1861 perpetuo
1420 1811 1647 1848 ventorum
1695 1804 1872 1859 habenS,

170 1891 326 1946 quibus
368 1891 541 1934 omnino
580 1891 696 1933 nulla
730 1904 816 1946 pax
851 1892 1039 1946 placeat.
1101 1891 1320 1946 Loquitur
1352 1895 1481 1945 poeta
1515 1890 1569 1931 de
1602 1890 1872 1945 tempestati-

168 1973 250 2015 bus
272 1974 402 2016 modo
427 1972 682 2029 praeteritis,
714 1972 787 2014 ubi
819 1972 1143 2028 proeliabantur
1173 1985 1305 2027 saepe
1336 1972 1452 2014 venti
1481 1985 1627 2014 secum
1662 1973 1871 2027 (HORAT.

167 2057 204 2110 1,
234 2060 278 2110 9,
311 2058 423 2112 10.).
453 2080 514 2088 —
566 2061 886 2099 tenuerunt
932 2055 1200 2109 flamina,
1246 2054 1562 2109 cohibuerunt,
1608 2070 1660 2099 ac
1705 2057 1875 2099 confert

166 2141 438 2184 Huscmuus
480 2138 697 2196 Aristoph.
727 2136 989 2194 Thesmoph.
1022 2141 1105 2180 43:
1149 2139 1278 2190 ἐχέτω
1321 2138 1370 2178 δὲ
1410 2133 1544 2184 πνοάς
1585 2132 1763 2195 νήνεμος
1804 2142 1873 2179 αῖ-

166 2219 289 2280 θὴρ,
326 2223 443 2272 κῦμα
468 2222 518 2264 δὲ
547 2217 707 2263 πόντου
737 2216 798 2277 μή
829 2220 1075 2263 κελαδείτω.
1106 2243 1166 2251 -
1209 2221 1416 2274 Curva,
1449 2222 1581 2276 vulgo
1614 2227 1874 2278 perpetuum

169 2303 391 2361 epitheton
414 2309 591 2361 propter
612 2304 751 2346 flexus
775 2302 975 2345 sinuosos
1002 2302 1239 2355 fluminum,
1272 2302 1329 2345 cs.
1355 2303 1500 2347 Vme.
1526 2305 1694 2358 Georg.
1719 2305 1777 2357 11,
1803 2309 1874 2350 12.

170 2388 299 2432 Nunc
339 2387 564 2431 commode
605 2387 868 2444 oppositioni
908 2387 1115 2440 inservit,
1161 2387 1351 2442 positum
1393 2399 1489 2428 eam
1527 2386 1582 2428 ob
1626 2382 1801 2429 causam'
1830 2388 1874 2429 iu

173 2474 400 2530 principio.
441 2496 501 2523 ,-
564 2478 812 2527 egerunt
868 2475 1139 2515 assuetos
1198 2483 1423 2524 cursus,
1479 2483 1565 2512 non
1611 2471 1875 2526 impulerunt

171 2568 305 2610 aquas
344 2569 444 2598 suas
486 2560 573 2598 tam
617 2555 731 2608 cito,
778 2555 935 2598 lentius
967 2554 1173 2596 fluebant.
1225 2553 1365 2595 Ovm.
1399 2553 1570 2596 Amorr.
1600 2553 1680 2607 111,
1713 2557 1756 2606 6,
1789 2557 1875 2597 95:

170 2638 276 2680 Aut
308 2637 564 2680 lutulentus
605 2637 706 2696 agis
747 2635 941 2679 brumali
983 2643 1177 2691 tempore
1218 2649 1397 2677 cursus.
1445 2635 1684 2678 CALPURN.
1717 2634 1875 2690 Eclog.

170 2720 229 2775 11,
262 2725 345 2764 152
374 2721 439 2762 Ee
471 2727 651 2763 tenuere
681 2734 787 2762 suos
809 2717 1109 2776 properantia
1127 2715 1330 2773 flumina
1363 2732 1550 2770 cursus,
1581 2718 1697 2773 quod
1731 2724 1875 2762 tamen

172 2801 229 2846 de
258 2802 471 2846 stantibus
502 2807 570 2846 est
599 2802 736 2858 aquis.
764 2825 820 2833 —
856 2799 1107 2858 placidis
1139 2799 1417 2842 constitit
1447 2800 1630 2844 undis.
1690 2800 1876 2844 Ennms

172 2898 244 2942 ap.
277 2884 472 2929 Macron».
499 2868 678 2930 'Satura
708 2885 787 2940 VI,
815 2889 861 2928 2.
893 2889 1168 2942 comparatus
1198 2898 1224 2927 a
1256 2885 1468 2928 Vunmoe
1519 2883 1727 2927 Mundus
1759 2885 1876 2927 caeli

174 2978 337 3013 vastus
367 2970 571 3013 constitit
595 2969 790 3014 silentiu·
847 2971 1258 3015 Wunnnnmcmus
1291 2970 1418 3013 affert
1448 2970 1588 3014 Vnus.
1621 2969 1730 3014 Aen.
1755 2970 1879 3024 vm,

173 3055 258 3095 87:
291 3052 439 3094 tacita
469 3051 707 3109 (Thybris)
738 3050 947 3095 substitit
979 3051 1120 3096 unda.
1149 3075 1209 3084 —-
1242 3052 1350 3095 Mox
1382 3052 1557 3094 Nulla
1589 3065 1724 3106 nec,
1761 3051 1802 3096 h.
1836 3065 1875 3095 e.
1940 3057 1944 3062 '

177 3141 223 3180 et
248 3137 391 3190 nulls,
420 3134 477 3179 cf.
509 3135 620 3178 infra
651 3147 691 3179 v.
724 3137 823 3179 164.
883 3135 935 3179 Si
964 3140 1260 3180 construeres:
1293 3136 1411 3178 nulla
1441 3148 1522 3177 nec
1552 3135 1764 3188 volucris,
1795 3148 1876 3178 nec

177 3220 448 3276 quadrupes,
490 3219 649 3275 copula
676 3219 791 3262 inter
817 3216 931 3263 hunc
959 3225 1006 3263 et
1037 3220 1366 3263 antecedentem
1400 3233 1572 3263 versum
1604 3219 1877 3263 desiderare-

175 3311 260 3349 tur.
320 3305 486 3349 Tsmen
518 3304 600 3348 hoc
629 3304 734 3348 fecit
762 3304 984 3348 BAcnms.
1041 3302 1212 3348 Eodem
1242 3303 1373 3348 modo
1415 3305 1717 3348 Pnoesswrms
1749 3303 1875 3356 dixit,

175 3391 234 3447 11,
267 3394 338 3447 19,
366 3395 412 3436 5.
443 3414 505 3426 —
555 3391 696 3436 Porro
735 3390 930 3436 serias
974 3390 1132 3435 iterum
1177 3389 1465 3447 oppositionis
1510 3402 1643 3434 causa
1683 3388 1878 3433 additum
