2086 3756
280 206 445 240 Lxxtv
962 189 1057 239 DE
1095 187 1297 243 POESI

421 338 496 387 Ac
541 339 744 404 primum
787 333 997 402 quidem
1045 334 1416 402 simplicissima
1461 336 1551 386 lex
1597 318 1980 405 compositionis

277 430 512 498 prodeat,
546 432 639 482 ubi
665 435 853 499 paritas
881 441 1064 495 regnat
1088 430 1227 480 inter
1254 447 1356 494 res,
1386 448 1516 498 quas
1547 429 1822 498 descriptio
1853 450 1980 482 enu-

277 543 482 576 merans
531 525 890 591 complectitur
933 523 1326 595 (Coordinatvbn).
1408 529 1471 578 In
1516 528 1657 577 hunc
1691 525 1908 578 modum
1942 529 1983 590 I,

271 601 328 682 ¹8,
364 619 519 671 9-1'4.
553 630 690 669 artes
728 617 1111 683 describuntur,
1148 621 1338 688 quibus
1364 621 1570 687 placere
1599 618 1842 672 studebat
1872 620 1985 670 for-

277 732 452 766 mosus
502 732 636 781 puer
682 715 959 766 Marathus
1008 718 1240 783 puellae,
1299 735 1425 768 cura
1475 733 1772 779 comarum,
1830 716 1982 764 fucus

275 824 555 874 genarum,
609 825 812 875 ungues
860 827 1114 860 manuum
1162 812 1387 863 subsecti
1420 811 1587 878 perite
1626 821 1676 860 et
1713 826 1840 859 ansa
1875 810 1982 859 col-

273 903 438 967 ligens
493 904 816 972 compressos
863 905 1052 972 pedes,
1106 925 1163 959 ac
1212 918 1356 974 patet
1408 918 1576 958 totum
1624 904 1832 968 adesse,
1890 903 1982 956 de-

273 997 556 1063 scriptione
594 1017 625 1048 a
660 999 826 1066 capite
867 999 931 1050 ad
963 999 1123 1067 pedes
1156 999 1517 1052 descendente.
1587 1001 1706 1052 Alia
1742 999 1982 1066 exempla

275 1104 397 1144 sunt
442 1097 483 1159 Ι,
519 1101 571 1161 2,
622 1102 814 1149 25-32.
860 1097 955 1147 ubi
1001 1099 1166 1146 tutela
1208 1098 1434 1148 Veneris
1480 1097 1538 1147 in
1587 1097 1675 1150 via
1723 1107 1981 1147 nocturna

273 1188 613 1257 describitur,
668 1208 804 1260 quae
849 1202 899 1243 et
933 1193 1158 1258 impetus
1193 1202 1543 1257 grassatorum
1577 1202 1751 1242 arceat
1781 1187 1836 1241 'et
1866 1192 1980 1242 hie-

271 1287 369 1337 mis
406 1288 485 1340 vis
536 1284 691 1339 faciat
725 1306 804 1346 ,ne
853 1299 1067 1355 noceat,
1125 1299 1176 1340 et
1212 1290 1253 1353 Ι,
1301 1295 1348 1352 6,
1392 1294 1579 1340 17-22.
1633 1287 1726 1338 ubi
1767 1285 1979 1338 fraudes

270 1383 492 1436 lascivae
530 1384 714 1435 Deliae
759 1395 1151 1436 enumerantur.
1238 1385 1382 1435 Haec
1414 1385 1574 1449 igitur
1609 1383 1787 1434 omnia
1822 1383 1979 1434 huius

269 1481 501 1544 generis,
554 1493 608 1532 et
640 1481 842 1534 videbis
890 1482 1033 1532 infra
1080 1492 1406 1550 quantopere
1442 1491 1580 1531 amet
1615 1481 1859 1532 Tibullus
1896 1498 1980 1531 ac-

271 1583 475 1627 curatas
513 1563 795 1629 divisiones
831 1595 1029 1628 rerum.

414 1669 668 1721 Succedat
714 1673 918 1721 secundo
954 1673 1072 1721 loco
1112 1675 1374 1738 compositio
1407 1689 1496 1738 per
1528 1675 1878 1739 eppo-emonem,
1929 1678 1979 1719 et

269 1762 498 1828 primum
536 1762 750 1829 quidem
786 1780 883 1829 per
917 1764 1220 1812 distichorum
1258 1761 1670 1828 oppositionem,
1713 1762 1767 1811 h.
1804 1778 1851 1810 e.
1886 1761 1979 1811 ubi

269 1871 411 1909 certa
458 1860 570 1924 lege
620 1858 839 1910 disticha
887 1860 988 1910 sibi
1025 1870 1370 1928 opponuntur
1407 1870 1457 1910 et
1501 1877 1683 1911 severa
1719 1857 1976 1927 quaedam

268 1955 630 2005 concinnitatis
683 1955 863 2019 regula
915 1965 1098 2019 regnat
1146 1972 1243 2021 per
1289 1964 1475 2004 totum.
1559 1951 1698 2005 Vide
1750 1953 1976 2018 singulas

267 2046 482 2099 formas.
562 2049 796 2099 Primum
833 2059 1004 2115 potest
1040 2050 1137 2099 uni
1173 2048 1392 2101 disticho
1428 2050 1717 2100 secundum
1763 2050 1978 2116 opponi,

266 2161 436 2212 eaque
473 2146 562 2194 lex
600 2145 760 2195 semel
800 2154 892 2194 aut
928 2144 1124 2210 pluries
1171 2146 1366 2216 repeti,
1415 2156 1475 2195 ut
1521 2146 1576 2194 in
1626 2143 1973 2212 descriptione

266 2243 304 2304 Ι,
341 2249 391 2305 2,
430 2242 621 2292 45-52.
660 2239 1080 2291 Commentarius
1115 2240 1266 2294 docet
1312 2242 1484 2308 primo
1535 2240 1752 2293 disticho
1788 2259 1973 2292 secun-

266 2337 426 2400 dum,
473 2336 626 2387 tertio
675 2347 923 2406 quartum
960 2339 1188 2406 opponi,
1239 2348 1411 2389 totum
1445 2354 1574 2390 vero
1609 2337 1715 2388 alio
1753 2335 1972 2388 disticho

267 2434 453 2486 claudi.
524 2436 704 2486 Potest
736 2452 866 2487 vero
904 2435 1017 2485 aliis
1052 2434 1111 2484 in
1145 2434 1273 2485 locis
1309 2434 1462 2484 etiam
1497 2433 1708 2484 duobus
1744 2432 1973 2484 distichis

264 2532 465 2598 opponi
502 2549 694 2594 unum,
743 2531 889 2598 quod
925 2533 1004 2581 bis
1042 2532 1236 2581 factum
1274 2531 1316 2595 Ι,
1353 2532 1404 2591 4,
1441 2530 1630 2581 41-52.
1673 2531 1765 2580 ubi
1796 2531 1971 2596 -primo

263 2637 316 2677 et
353 2622 582 2676 secundo
632 2624 851 2675 disticho
901 2625 1143 2688 tertium,
1195 2635 1384 2692 quarto
1435 2635 1485 2675 et
1531 2625 1714 2692 quinto
1765 2636 1971 2676 sextum

265 2720 568 2787 opponitur.
629 2720 927 2787 Utrumque
951 2737 1113 2786 genus
1135 2722 1470 2772 coniunctum
1488 2721 1607 2773 vide
1627 2722 1691 2787 ΙΙ,
1717 2728 1764 2786 3,
1785 2726 1971 2775 37-46.

262 2818 319 2868 in
357 2816 701 2883 descriptione
735 2834 943 2867 morum
974 2819 1259 2884 pravitatis.
1332 2821 1412 2869 Ibi
1445 2821 1674 2886 primum
1702 2821 1839 2870 bella
1865 2831 1970 2871 ter-

262 2913 448 2963 restria
491 2923 542 2962 et
587 2913 844 2962 maritima
895 2923 1311 2979 componuntur,
1362 2923 1474 2964 tum
1516 2913 1580 2964 de
1617 2915 1830 2966 luxuria
1865 2916 1969 2982 agi-

261 3017 349 3058 tur
386 3008 474 3071 sic,
514 3018 574 3057 ut
608 3009 762 3058 tertio
801 3018 852 3058 et
889 3020 1078 3076 quarto
1119 3009 1339 3060 disticho
1385 3028 1628 3076 agrorum
1663 3012 1883 3063 coemtio
1921 3024 1971 3062 et

261 3107 584 3156 urbanarum
617 3103 894 3156 domorum
923 3105 1172 3172 splendor
1204 3117 1465 3172 tractetur,
1501 3107 1685 3176 quinto
1722 3125 1849 3160 vero
1886 3111 1966 3159 his

259 3202 591 3251 terrestribus
644 3202 802 3251 rebus
852 3217 994 3251 mare
1047 3213 1346 3268 opponatur
1396 3220 1512 3254 cum
1569 3213 1864 3254 constructa
1909 3206 1964 3253 in

261 3294 413 3345 undis
469 3296 606 3346 mole
663 3294 726 3345 ad
785 3297 951 3362 pisces
1009 3313 1157 3347 raros
1217 3296 1519 3348 servandos.
1614 3298 1786 3365 Atque
1838 3299 1964 3348 haec
