2158 3750
325 267 390 309 28
714 260 1179 315 COMMENTAR.
1216 263 1293 315 IN
1330 263 1616 316 TIBULLI

322 411 408 449 tem
442 407 540 450 L1v.
572 405 755 458 XXXV,
790 410 869 448 17:
916 405 1119 448 Admissi
1149 406 1306 464 plures
1340 406 1521 462 (legati)
1555 407 1657 448 dum
1689 421 1799 450 suas
1830 406 2016 466 quisque

321 506 436 531 nunc
481 490 707 549 querelas,
754 505 871 532 nunc
915 490 1295 546 expostulationes
1339 490 1524 537 inserit,
1570 500 1616 532 et
1662 506 1808 550 aequa
1850 490 2017 549 iniquis

321 572 525 617 miscent,
557 587 580 613 e
611 572 930 628 disceptatione
961 573 1294 618 altercationem
1315 575 1545 633 fecerunt.
1608 575 1806 617 Habetin·
1833 575 1893 617 ibi
1925 575 2017 616 dis-

320 654 528 707 ceptatio,
570 654 644 696 ubi
685 657 785 697 suas
827 655 1008 710 quisque
1039 657 1282 711 legatorum
1314 658 1683 713 expostulationes
1713 661 1789 699 aut
1817 657 2016 711 querelas

318 735 458 778 infert.
519 735 681 780 TAcrr.
711 737 885 781 Histon
915 738 953 792 1,
989 741 1080 782 23:
1138 738 1306 781 Studia
1353 738 1545 780 militum
1591 738 1680 779 iam
1719 737 1893 793 pridem
1940 750 2016 792 spe

316 817 604 859 successionis
632 826 718 860 aut
739 825 913 875 paratu
930 819 1158 877 facinoris
1176 820 1507 879 adfectaverat,
1530 819 2018 862 ——vetustissimum

318 913 530 956 quemque
560 899 750 942 militum
780 900 948 943 nomine
980 917 1168 950 vocans,
1209 917 1263 944 ac
1304 902 1509 944 memoria
1542 901 1786 944 Neroniani
1827 901 2013 943 comita-

316 990 394 1024 tus
424 982 759 1026 contubernales
788 983 1088 1040 appellando5
1122 985 1237 1027 alios
1267 999 1518 1044 agnoscere,
1551 984 1764 1043 quosdam
1795 983 2017 1043 requirere

315 1075 361 1108 et
385 1067 581 1123 pecunia
610 1076 695 1109 aut
723 1068 881 1126 gratia
911 1068 1094 1110 iuvare.-
1133 1068 1361 1110 inserendo
1392 1069 1572 1124 saepius
1605 1068 1809 1127 querelas
1839 1075 1884 1110 et
1917 1082 2014 1108 am—

315 1147 471 1207 biguos
504 1149 555 1190 de
582 1148 726 1190 Galba
754 1163 982 1194 sermones,
1015 1148 1055 1193 h.
1083 1162 1121 1192 e.
1155 1150 1447 1203 immiscendo,
1478 1152 1694 1204 loquendo
1724 1153 1837 1194 inter
1867 1155 2014 1194 cetera

312 1232 418 1284 ista,
466 1244 577 1285 quae
607 1237 909 1274 memorantur.
972 1234 1063 1275 lam
1104 1231 1229 1275 rixas
1269 1232 1459 1275 inserere
1500 1233 1661 1276 dictum
1693 1239 1760 1277 est
1804 1235 2014 1287 absolute,

313 1315 444 1356 credo
477 1315 577 1369 quia
608 1315 726 1369 rixa,
759 1316 1002 1371 ubicunque
1029 1318 1194 1371 oritur,
1235 1317 1416 1360 infertur
1445 1317 1540 1359 aliis
1571 1318 1728 1371 rebus,
1759 1318 1833 1360 alii
1863 1319 2014 1360 condi-

313 1399 418 1440 tioni
451 1411 606 1441 rerum.
669 1399 1044 1444 Quemadmodum
1084 1400 1218 1454 igitur
1258 1400 1331 1454 qui
1373 1400 1487 1442 inter
1518 1400 1759 1443 convivium
1790 1401 1907 1443 rixas
1937 1413 2014 1443 oc-

314 1482 433 1537 cipit,
463 1482 614 1525 inserit
634 1482 763 1535 rixas,
794 1483 856 1524 sic
888 1482 960 1536 qui
994 1482 1107 1524 vitae
1139 1481 1373 1524 amatoriae
1405 1482 1520 1524 rixas
1550 1481 1691 1525 infert.
1730 1482 2014 1525 ’Germanice

312 1564 453 1608 dicas:
495 1565 637 1606 Streit
679 1565 957 1606 dazwisclzen
999 1565 1195 1624 bring-en.
1258 1566 1388 1612 Quod
1422 1579 1526 1609 saue
1557 1566 1672 1609 idem
1703 1571 1771 1609 est
1799 1566 1914 1621 quod
1946 1567 2014 1609 in-

311 1645 493 1699 choare,
539 1647 737 1703 occipere
769 1648 954 1691 omnino.
1018 1649 1145 1690 Aliud
1177 1649 1362 1704 denique
1403 1654 1471 1691 est
1508 1649 1751 1698 innectere,
1797 1654 1847 1692 nt
1867 1649 2014 1707 fraus

310 1730 475 1771 innexa
507 1729 658 1772 clienti
696 1732 834 1774 Vnae.
869 1734 974 1775 Aen.
1011 1733 1085 1786 Vl,
1117 1737 1220 1777 609.
1271 1748 1417 1775 moras
1447 1733 1665 1775 innectere
1697 1735 1841 1778 STAT.
1873 1733 2012 1778 Theb.

312 1814 367 1865 V,
400 1816 501 1856 743.
546 1827 709 1856 causas
740 1814 912 1857 innecte
945 1817 1147 1858 morandi
1189 1818 1329 1861 Vme.
1363 1819 1470 1860 Aen.
1504 1818 1580 1871 lv,
1610 1822 1684 1861 51.
1728 1818 1845 1872 quod
1875 1798 2012 1862 artem

310 1898 548 1951 significat,
594 1901 727 1943 veluti
769 1909 848 1943 no's
889 1901 1068 1944 dicimus
1111 1901 1366 1947 anzetteln‚
1412 1900 1658 1959 einfc'icleln.
1730 1901 1875 1956 Atque
1905 1900 2011 1945 haec

310 1979 529 2026 hactenus,
551 2002 603 2014 —
637 1983 726 2025 Sed
759 1985 940 2045 observa
965 1985 1148 2040 denique
1179 1987 1312 2029 totius
1338 1986 1423 2028 loci
1450 1999 1624 2028 suavem
1655 1986 1878 2029 rationem.
1940 1985 2011 2028 Ex

310 2063 524 2107 flebilibus
566 2065 704 2107 modis
747 2070 876 2121 poeta
915 2066 968 2108 ad
1015 2068 1192 2110 laetiora
1239 2079 1437 2110 reversus
1477 2080 1617 2121 usque
1665 2067 1719 2109 ad
1767 2068 2010 2122 petulantes

308 2160 450 2190 mores
492 2148 605 2191 vitae
651 2149 884 2191 amatoriae
931 2149 1232 2204 progreditur,
1279 2154 1327 2191 ut
1377 2156 1567 2205 opponat
1611 2149 1788 2192 militiae
1831 2150 2010 2192 bellicae

308 2230 582 2283 amator-iam,
627 2230 982 2284 quemadmodum
1025 2232 1248 2286 sequeutia
1288 2233 1541 2282 ostendunt,
1588 2238 1633 2275 et
1665 2234 1726 2275 sic
1758 2233 1812 2275 ad
1844 2234 2009 2276 exitum

308 2312 419 2354 viam
459 2312 633 2354 muniat.
697 2312 901 2355 Ceterum
942 2313 998 2356 de
1038 2315 1188 2356 militia
1231 2316 1440 2357 amatoria
1482 2316 1699 2370 integrum
1741 2329 1912 2359 carmen
1945 2323 2010 2360 est

312 2397 446 2438 Ovm.
482 2399 648 2440 Amorr.
683 2397 718 2450 J,
750 2401 817 2450 9.,
863 2398 979 2440 rixas
1019 2411 1123 2441 vero
1165 2400 1293 2442 etiam
1335 2401 1599 2442 necessarias
1644 2413 1740 2443 esse
1780 2401 1822 2442 in
1863 2413 2009 2444 amore

314 2481 496 2534 probare
528 2481 702 2524 student
731 2483 1030 2525 Pnopsmms
1061 2483 1140 2536 Ill,
1170 2488 1213 2529 8.
1246 2488 1290 2529 et
1322 2484 1557 2527 Lucmws
1590 2484 1633 2526 in
1665 2485 1834 2540 Dialog.
1867 2498 2007 2528 mere-

309 2562 403 2604 tric.
440 2576 501 2606 nr.
535 2567 578 2605 8.
612 2588 669 2594 —-

426 2647 477 2688 V.
511 2648 690 2691 75-fin.
762 2647 982 2693 Exitus.
1045 2650 1220 2693 Redit
1260 2652 1521 2693 ultimum
1567 2651 1845 2706 primaria
1888 2664 2005 2693 sen-

306 2732 494 2771 tentia
537 2731 806 2773 carminis
847 2736 904 2773 et
945 2732 1167 2774 claudit
1205 2737 1400 2775 totum.

427 2817 478 2858 V.
512 2819 582 2858 75.
644 2816 750 2858 Hic
783 2829 888 2870 ego
921 2816 1028 2858 dux
1061 2816 1343 2871 milesque
1376 2817 1569 2860 bonus,
1631 2818 1918 2859 Gssnnfflnus
1951 2817 2004 2858 ad

305 2900 503 2954 Propert.
527 2899 583 2952 ΙΙ,
604 2902 680 2952 22,
704 2902 777 2942 34.
806 2899 974 2943 confert
999 2900 1303 2944 Homericum:
1335 2896 1575 2958 ἀμφότερον
1597 2897 1800 2953 βασιλεύς
1828 2898 1869 2942 τ’
1898 2898 2005 2954 ἀγα-

304 2977 388 3027 θὰς
413 2978 618 3038 κρατερός
643 2977 683 3022 τ’
707 2977 934 3038 αἰχμητής.
997 2982 1086 3025 Iam
1108 2984 1261 3026 transit
1288 2982 1343 3026 ad
1367 2985 1508 3027 finem.
1524 3008 1580 3015 —
1612 2985 1666 3029 V.
1682 2989 1754 3028 ⁴16.
1774 2985 1940 3047 cupid
1956 2986 1966 3027 i
1983 2999 2003 3028 s

309 3064 347 3105 Ιι.
382 3078 417 3107 e.
464 3065 721 3108 divitiarum.
794 3065 934 3107 Porro
979 3071 1077 3120 post
1119 3068 1158 3119 i,
1206 3067 1287 3109 ite
1329 3067 1500 3122 saepius
1544 3066 1780 3120 asyndeton
1826 3073 2004 3123 ponunt,

304 3147 530 3201 aliquoties
561 3148 784 3203 copulam,
833 3153 881 3190 ut
923 3150 1082 3191 Graeci
1126 3153 1225 3205 post
1267 3150 1363 3201 ἳθ-ι,
1409 3149 1462 3192 cl.
1497 3149 1661 3192 Ham-s.
1694 3148 1747 3191 ad
1781 3149 2001 3194 Claudiau.

307 3229 360 3272 de
403 3230 534 3286 Rapt.
579 3232 781 3286 Proserp.
824 3231 858 3284 l,
891 3235 963 3274 92.
1010 3233 1422 3276 Wumnssnmcmum
1455 3233 1509 3274 ad
1540 3232 1579 3276 h.
1613 3234 1638 3275 l.
1675 3237 1718 3275 et
1748 3233 2001 3276 LschAN-

306 3326 405 3355 Num
449 3314 502 3355 ad
545 3315 747 3369 Propert.
792 3330 831 3369 p.
872 3318 970 3356 170.
1046 3318 1109 3358 Ac
1153 3318 1306 3373 copula
1349 3316 1503 3360 melior
1544 3315 1713 3358 videtur
1751 3317 1822 3358 ubi
1866 3318 2000 3372 prima

305 3397 513 3437 sententia
548 3401 724 3452 propter
755 3397 983 3439 secundani
1019 3399 1211 3451 ponitur,
1258 3400 1329 3442 ubi
1372 3412 1472 3443 vero
1516 3412 1566 3442 ea
1609 3412 1685 3454 per
1714 3413 1762 3443 se
1795 3405 1902 3451 stat,
1954 3407 1998 3442 ut
