2158 3750
347 304 447 348 242
739 263 1206 340 commlc‘x'mn.
1247 286 1317 334 IN
1357 286 1643 336 TlBULLl

352 442 480 481 rebus
529 432 768 478 huiusmodi
816 443 952 484 genus
1001 428 1184 471 dicendi.
1279 429 1405 471 Quae
1451 439 1547 468 cum
1594 428 1654 468 ita
1700 428 1810 478 sint,
1866 438 2046 484 apparet

351 521 450 576 quid
483 520 536 560 de
581 522 672 558 toto
706 517 802 557 loco
833 527 1048 555 censeam.
1112 513 1178 565 De
1211 512 1433 553 sententiis
1463 523 1573 564 quae
1605 509 1672 552 hic
1701 523 1726 551 a
1757 510 1932 554 Tibullo
1962 527 2043 567 po—

349 605 456 643 sitae
488 602 588 651 sint,
617 611 702 638 non
735 596 906 638 videtur
935 594 1121 636 dubitari
1160 606 1303 649 posse,
1334 605 1484 635 versus
1513 592 1567 634 ad
1599 605 1809 635 summum
1841 593 1949 635 duos
1978 600 2044 636 te-

348 698 497 727 nemus
526 696 663 726 verOS.
697 706 753 713 -
807 682 860 724 V.
893 684 949 723 15
980 693 1043 734 sq.
1091 679 1362 722 fiscellae
1394 683 1516 721 erant
1545 678 1701 721 calathi
1741 679 1784 721 in
1813 691 1938 721 usum
1969 693 2046 721 co-

346 768 475 822 gendi
509 768 646 819 lactis,
676 765 732 808 cf.
769 766 947 807 Coum.
982 764 1080 817 VII,
1111 767 1153 816 8,
1188 767 1228 806 3.
1291 763 1381 804 Isto
1412 767 1621 818 tempore,
1651 762 1712 804 ait
1743 767 1887 818 poeta,
1919 762 2047 804 etiam

343 852 531 893 fiscellae
579 851 762 906 primum
813 848 965 891 sactae.
1043 848 1154 891 Vide
1199 853 1423 902 praeterea
1471 846 1672 889 laudante
1719 846 2047 888 Bnoucxnusm

346 934 595 978 Nemesian.
643 933 800 987 Eclog.
844 933 901 986 ll,
946 936 1020 975 33.
1093 933 1331 974 CALPURN.
1379 931 1535 984 Eclog.
1582 930 1662 982 Ill,
1703 932 1778 982 68,
1837 928 1955 981 Vlll,
2006 931 2046 970 l.

346 1021 534 1061 Vmen..
564 1017 717 1072 Eclog.
749 1017 805 1069 11,
837 1019 911 1058 72.
955 1016 1012 1069 X,
1042 1020 1115 1058 71.
1160 1029 1257 1059 cum
1300 1016 1577 1059 annotatione
1607 1015 1787 1067 Vossn‚
1835 1027 1889 1056 ne
1920 1014 2048 1056 6311-

341 1113 538 1144 inunum
569 1099 737 1142 addam.
800 1098 908 1140 Erat
937 1110 1006 1140 res
1035 1098 1147 1139 inter
1188 1099 1364 1150 negotia
1397 1103 1632 1152 pastorum.
1667 1121 1724 1128 —
1775 1097 2046 1150 Raraque

342 1188 424 1225 etc.
487 1182 717 1224 Confertur
760 1182 896 1223 Ovu).
939 1180 1059 1222 Fast.
1100 1181 1178 1233 IV,
1223 1185 1336 1222 770:
1385 1179 1585 1238 dantque
1622 1180 1740 1221 viam
1771 1179 1944 1239 liquido
1976 1179 2048 1221 vi-

344 1267 464 1308 mina
487 1268 630 1325 jacta
661 1281 770 1307 sero.
795 1288 850 1296 --
882 1265 935 1307 V.
972 1268 1027 1307 17
1057 1278 1152 1319 sqq.
1216 1264 1413 1307 Observa
1443 1269 1543 1307 ante
1574 1265 1718 1307 omnia
1746 1265 1790 1306 in
1827 1263 1892 1307 his
1922 1264 2048 1306 disti-

342 1351 432 1393 chis
470 1364 591 1392 nsum
633 1348 876 1404 anaphorae
908 1360 1157 1404 perversum
1194 1347 1259 1401 (Ο
1292 1347 1566 1401 quotiens
1601 1370 1660 1377 —
1690 1347 1731 1389 Ο
1764 1346 2051 1401 quotiens,

343 1437 530 1490 Saepe
562 1455 618 1463 --
650 1430 887 1487 Saepe),
934 1442 1029 1472 cum
1063 1434 1375 1485 componantur
1406 1441 1516 1482 quae
1548 1427 1767 1470 dissimilia
1798 1441 1879 1471 nec
1910 1426 2046 1470 debe-

342 1518 445 1559 bant
486 1517 547 1558 sic
579 1517 791 1571 componi.
853 1515 920 1556 De
950 1527 1052 1557 vera
1082 1512 1248 1555 ratione
1291 1512 1537 1569 anaphorae
1579 1513 1742 1556 diserte
1782 1512 1970 1568 explicui
2003 1513 2048 1555 in

344 1599 643 1654 Disputatione
676 1598 730 1638 de
761 1596 1019 1638 Elocutione
1051 1595 1229 1637 Tibulli·
1259 1618 1319 1626 -
1367 1596 1605 1637 vitulum
1649 1599 1948 1649 gestante,
1989 1593 2046 1638 cf.

341 1694 471 1736 supra
505 1681 540 1732 l,
575 1684 613 1732 1,
645 1685 715 1721 32.
750 1703 807 1710 -—
840 1689 1154 1720 occurrens
1185 1689 1375 1728 soror,
1410 1677 1568 1730 Diana,
1603 1677 1704 1719 dum
1737 1677 1907 1728 venatui
1938 1689 2045 1732 ope-

342 1776 431 1804 ram
464 1763 540 1804 dat
570 1768 613 1804 et
646 1762 726 1802 huc
757 1762 859 1802 illuc
890 1772 968 1815 per
996 1771 1126 1812 agros
1157 1758 1385 1811 discurrit,
1417 1761 1477 1802 ait
1507 1761 1726 1804 Vunpms.
1760 1783 1816 1792 —
1858 1760 2044 1803 Senten-

340 1846 443 1887 tiam
489 1845 674 1898 deniqne
721 1842 890 1886 distichi
936 1843 1149 1900 expressit
1191 1845 1334 1898 paullo
1379 1844 1505 1886 aliter
1550 1845 1728 1888 VALER.
1772 1844 1980 1887 FLAccus
2009 1844 2046 1897 1,

339 1931 439 1971 447.
473 1929 669 1970 laudatus
702 1943 726 1970 a
759 1929 1091 1971 Bnoucxnusm
1122 1929 1329 1981 aliisque:
1375 1928 1452 1968 Alz.
1486 1927 1690 1986 quotiens
1710 1925 1896 1985 famulo
1926 1925 2046 1968 notis

340 2027 463 2054 soror
508 2011 639 2053 obvia
680 2010 807 2053 silvis
838 2010 1011 2058 Flevit,
1061 2009 1136 2051 ubi
1182 2011 1374 2051 Ossaeae
1418 2017 1624 2066 captaret
1657 2008 1846 2067 frigora
1891 2006 2046 2060 silvae,

339 2098 543 2136 Pecleret
587 2103 631 2134 et
667 2093 831 2151 pingui
861 2109 1023 2135 mersos
1055 2092 1267 2134 Boebeide
1307 2093 1462 2136 crines.
1492 2115 1551 2122 ——
1595 2092 1704 2134 Mox
1750 2091 1900 2135 valle
1941 2090 2042 2134 sub

340 2178 478 2230 alta,
510 2177 563 2218 cf.
597 2177 848 2218 Bnnmmw.
881 2176 933 2218 ad
968 2176 1095 2218 Ovid.
1127 2177 1236 2218 Met.
1271 2176 1303 2228 l,
1336 2178 1441 2217 689.
1477 2199 1526 2206 -
1578 2176 1645 2217 De
1675 2188 1716 2217 v.
1748 2174 1892 2228 dum,
1926 2172 2043 2228 quod

341 2258 407 2299 hic
439 2271 612 2309 verum,
645 2258 700 2298 cf.
730 2270 860 2311 supra
892 2257 943 2298 ad
977 2271 1013 2300 v,
1043 2261 1086 2298 5.
1121 2262 1164 2298 et
1194 2270 1233 2298 v,
1261 2260 1304 2299 8.
1340 2256 1468 2298 dicta.
1495 2279 1553 2289 —
1584 2258 1834 2312 trepidis
1860 2257 2043 2309 rebus,

339 2345 380 2383 in
417 2355 572 2394 magno
608 2342 799 2395 periculo
834 2341 1018 2395 publico,
1048 2346 1097 2381 ut
1129 2345 1289 2382 notum.
1321 2362 1377 2369 —
1414 2341 1606 2393 Venit,
1636 2340 1787 2394 rediit,
1818 2346 1867 2382 ut
1897 2354 2042 2396 saepe.

339 2428 546 2470 Similiter
577 2440 645 2482 ap.
679 2429 874 2468 Graecos
907 2422 1155 2475 ἀφικέσθαι,
1189 2425 1347 2475 μολεῖν,
1383 2426 1542 2476 ἐλθεῖν,
1576 2425 1632 2471 cf.
1665 2428 1831 2470 Smin..
1861 2426 1918 2469 ad
1948 2426 2044 2469 Eu-

339 2513 419 2566 rip.
453 2511 616 2554 Electr.
650 2525 688 2555 v.
721 2515 788 2564 6.,
826 2512 1092 2552 Hnmnorm.
1124 2511 1176 2552 ad
1209 2511 1380 2552 Platon.
1416 2512 1594 2566 Protag.
1628 2527 1670 2568 p.
1703 2515 1805 2555 462.
1836 2535 1896 2542 -
1925 2516 2043 2556 tur-

341 2595 429 2647 ba,
473 2597 563 2637 dux
595 2609 691 2638 cum
724 2595 930 2637 militibus
962 2595 1213 2636 numerosis.
1242 2618 1301 2626 —
1350 2596 1402 2638 V.
1435 2599 1493 2638 23
1526 2610 1620 2651 sqq.
1684 2597 1908 2640 Latona
1949 2597 2040 2639 do-

342 2679 473 2730 luit,
519 2683 697 2733 propter
729 2682 964 2719 maternam
998 2678 1282 2718 affectionem.
1358 2678 1524 2720 Matres
1554 2680 1608 2721 de
1641 2680 1776 2722 forma
1812 2685 1858 2723 et
1887 2685 2041 2724 ornatu

339 2762 524 2803 filiorum
569 2762 753 2803 maxime
797 2759 1023 2802 sollicitae.
1057 2780 1115 2789 -—
1167 2761 1358 2801 crines
1402 2761 1652 2815 solutos,
1699 2775 1795 2804 cum
1843 2763 1950 2805 alias
1995 2763 2039 2806 in

338 2844 498 2886 nodum
543 2845 767 2898 eleganter
810 2842 980 2884 collecti
1021 2841 1134 2891 sint,
1182 2845 1230 2882 ut
1271 2842 1339 2882 vel
1370 2842 1413 2883 in
1444 2843 1654 2886 Vaticano
1685 2844 1886 2899 Apolline
1917 2845 2039 2888 vide-

339 2941 447 2970 mus.
481 2951 534 2960 —
581 2931 913 2982 quaereret,
955 2924 1248 2978 desideraret,
1292 2927 1549 2980 requireret.
1612 2928 1723 2972 Vide
1753 2929 2039 2973 Bnoucxms-

338 3024 446 3053 snm
479 3016 523 3054 et
553 3012 770 3055 anpmnr
801 3013 845 3051 et
873 3008 927 3051 ad
961 3009 1086 3051 ovid.
1117 3010 1224 3052 Met.
1252 3010 1308 3062 ΙΙ,
1338 3014 1442 3053 239.
1489 3012 1811 3055 ΒυηΜΑΝΝυΜ.
1874 3013 2038 3057 Graeci

337 3093 477 3150 ζητεῖν
505 3096 665 3148 dicunt,
696 3094 755 3137 cf.
788 3095 964 3135 GRAEV.
995 3094 1139 3136 Lectt.
1171 3095 1352 3137 Hesiod.
1386 3111 1426 3151 p.
1451 3098 1524 3138 45.
1585 3097 1817 3138 Postremo
1850 3095 2035 3140 observa

336 3179 589 3233 imperfecta
620 3179 762 3234 posita
791 3179 834 3220 in
863 3179 1100 3231 sententia,
1131 3179 1205 3220 ubi
1237 3180 1369 3233 vulgo
1398 3180 1824 3236 plusquamperfecto,
1855 3186 2034 3236 ponunt.

337 3260 427 3303 Sed
457 3259 540 3303 hoc
568 3262 618 3302 fit
649 3273 733 3302 non
764 3273 863 3302 raro
895 3261 1111 3313 suaviter,
1151 3261 1223 3302 ubi
1256 3261 1436 3304 vividius
1467 3264 1632 3304 animus
1665 3265 1890 3318 praeteriti
1922 3269 2035 3307 tem-

336 3343 454 3397 poris
483 3343 713 3395 imaginem
746 3343 826 3385 sibi
862 3345 916 3385 ob
949 3346 1098 3387 oculos
1131 3346 1263 3400 ponit,
1296 3346 1351 3388 cs.
1378 3346 1593 3389 Tenem.
1622 3346 1802 3403 Adelph.
1834 3348 1868 3400 I,
1894 3351 1937 3401 2,
1953 3352 2027 3393 27.

334 3428 507 3470 I'Lffl‘r.
543 3428 635 3470 Mil.
669 3428 856 3472 Glorios·
881 3429 914 3481 Ι,
944 3433 982 3483 l,
1013 3433 1086 3473 52.
1119 3430 1301 3473 HoRA'r.
1335 3432 1426 3474 Sat.
1451 3431 1485 3485 Ι,
1511 3434 1552 3484 3,
1581 3434 1620 3475 4.
1651 3436 1693 3476 5.
1726 3437 1769 3475 et
1800 3433 1856 3487 ll,
1886 3437 1929 3487 8,
1955 3435 2028 3475 59.
