2158 3750
311 249 409 298 134
712 241 1178 295 COMMENTAR.
1215 240 1289 291 IN
1328 238 1613 290 TIBULLI

309 390 398 450 legi
437 388 522 434 sub
565 388 920 440 nomineffzostro
965 387 1084 446 quod
1125 386 1318 427 deducta
1361 399 1476 426 mero
1517 385 1673 427 littera
1696 386 1843 444 fecit,
1889 402 2003 431 amo,

313 474 516 517 Ceterum
547 471 703 515 orbis
734 482 959 512 mensae
991 474 1057 512 est
1086 468 1268 512 rotunda
1293 481 1452 511 mensa.
1498 468 1705 511 Similiter
1726 470 1887 514 Iuvssn.
1911 472 2006 515 Sat.

312 555 368 607 ll,
396 557 571 596 122—
607 553 729 597 V.2l
751 565 814 606 sq.
848 551 1062 594 Exibit.
1096 552 1317 594 Lucanis
1350 555 1623 606 comparatus
1657 550 1711 592 ab
1745 551 1933 595 Hanno
1963 557 2009 595 et

313 639 428 680 aliis:
487 637 590 679 Aut
621 650 718 676 cum
747 634 835 676 iter
864 641 931 675 est
963 633 1114 693 aliquo
1145 641 1190 674 et
1220 647 1402 674 causam
1441 640 1681 674 commenta
1714 632 1808 675 vini
1837 653 1894 667 -
1925 641 2010 675 aut

314 719 439 776 apud
469 718 713 774 aunficem,
754 717 818 758 ad
841 723 1043 763 matrem,
1078 723 1313 774 cognatam
1345 713 1407 755 ad
1436 714 1636 760 amicam,
1667 723 1751 756 aut
1782 721 2013 770 operatum

316 801 468 861 aliquo
507 802 553 842 in
587 800 741 843 celebri
780 816 878 843 cum
918 799 1182 859 aequalibus
1208 800 1342 858 fano.
1372 823 1431 829 —
1494 800 1604 842 Mox
1646 811 1746 840 seu
1788 797 1830 840 h.
1861 812 1901 840 e·
1942 797 2013 839 vel

315 885 367 931 si,
401 890 448 927 ut
479 885 679 928 observat
706 887 1107 930 WUNnssRmcnms
1129 885 1182 928 ad
1211 885 1309 928 Tib.
1329 885 1387 938 11,
1402 887 1475 927 45.
1505 884 1742 926 Pnopnnm.
1766 882 1824 935 ΙΙ,
1846 885 1921 935 26,
1937 885 2011 925 29.

316 969 455 1013 Pfflzs.
501 971 594 1012 Sat.
638 969 673 1022 Ι,
706 974 777 1015 67.
825 969 1016 1013 laudans.
1077 970 1200 1013 Adde
1241 970 1522 1013 Lacunam.
1563 969 1617 1011 ad
1647 969 1851 1023 Propert.
1881 967 1939 1020 11,
1971 969 2014 1020 1,

316 1054 391 1095 51.
421 1074 480 1083 --
538 1053 715 1095 Sacra
759 1052 950 1094 Bonae
994 1052 1152 1094 Deae.
1225 1051 1371 1108 Locus
1413 1051 1618 1094 classicus
1662 1049 1716 1092 de
1761 1050 1882 1093 Bona
1923 1049 2015 1092 Dea

318 1137 386 1176 est
426 1133 638 1176 Maenon.
680 1135 853 1176 Saturn.
882 1132 918 1185 Ι,
952 1135 1024 1176 12.
1103 1131 1266 1175 Notum
1307 1146 1408 1174 vero
1451 1133 1506 1174 ad
1547 1132 1652 1176 baec
1693 1146 1815 1176 sacra
1853 1133 2021 1174 nonnisi

320 1216 500 1260 feminas
545 1215 776 1268 admissas3
824 1215 895 1270 qui
938 1214 1003 1256 vir
1041 1226 1091 1256 ea
1134 1214 1429 1270 adspexisset‚
1471 1227 1569 1256 eum
1608 1215 1746 1256 oculis
1786 1214 2018 1256 credebaut

319 1300 475 1343 orbari.
546 1299 646 1342 Non
676 1303 819 1341 autem
862 1297 1037 1339 domum
1076 1297 1345 1339 consularem
1377 1295 1418 1340 h.
1450 1297 1477 1338 l.
1510 1294 1713 1350 intelligit¹¹
1743 1301 1898 1352 poeta,
1945 1296 2020 1338 ubi

319 1384 453 1426 semel
505 1396 584 1440 per
639 1395 793 1424 annum
837 1379 1093 1423 sacrificium
1138 1379 1325 1421 maxima
1371 1379 1630 1422 caerimonia
1675 1392 1701 1421 a
1741 1378 2022 1422 nobilioribus

324 1463 492 1509 feminis
531 1464 856 1517 celebrabatur,
911 1462 996 1505 vid.
1036 1476 1106 1518 ap.
1138 1462 1298 1504 CrcER.
1334 1463 1457 1504 Orat.
1497 1462 1551 1504 de
1582 1462 1771 1518 Harusp.
1803 1461 2021 1517 Respons.

324 1562 364 1594 c.
398 1552 494 1603 17„
534 1549 612 1591 sed
644 1549 814 1604 publica
844 1548 1030 1603 templa,
1073 1560 1183 1601 quae
1214 1546 1299 1589 duo
1333 1551 1454 1589 erant
1483 1546 1678 1599 Romae,
1719 1544 1775 1588 cf.
1806 1544 2023 1587 Bnoucx-

327 1646 516 1677 nusum.
577 1634 775 1688 Denique
819 1633 935 1688 quod
979 1633 1176 1676 libidines
1217 1633 1372 1674 attinet
1409 1633 1635 1674 mulierum
1676 1631 1834 1672 inillis
1877 1629 2025 1682 sacri&

327 1714 413 1756 vid.
448 1715 581 1758 Ovm.
615 1716 710 1758 Art.
747 1716 842 1758 Am.
877 1715 956 1768 lll,
997 1718 1099 1757 637.
1145 1714 1305 1757 IuvnN.
1347 1715 1440 1756 Sat.
1479 1714 1554 1767 Vl,
1586 1715 1688 1756 314.
1728 1736 1788 1744 —
1833 1713 2025 1756 visere

327 1798 509 1853 dicet,
538 1799 580 1844 h.
612 1813 651 1845 e.
683 1801 748 1843 ire
779 1813 826 1842 se
859 1799 974 1842 dicet
1004 1799 1058 1841 ad
1089 1812 1226 1842 sacra.
1277 1798 1343 1840 Cf.
1376 1798 1430 1841 ad
1459 1798 1494 1852 I,
1525 1801 1568 1851 3,
1598 1801 1673 1842 27.
1703 1820 1761 1829 -
1793 1798 1848 1840 V.
1878 1799 1936 1839 23
1962 1810 2028 1851 sq.

328 1882 396 1923 At
437 1881 570 1924 mihi
612 1883 658 1925 si
698 1881 925 1936 credaS‚
970 1881 1209 1924 custodiam
1236 1882 1328 1923 eius
1360 1881 1618 1924 committas.
1646 1901 1705 1912 -
1751 1880 1908 1923 illam
1947 1893 2029 1922 se-

329 1979 467 2021 quar
509 1979 651 2008 uuus
693 1966 757 2009 ad
799 1979 948 2019 aras,
996 1966 1164 2008 audebo
1197 1966 1306 2007 clam
1335 1966 1458 2019 sequi
1489 1966 1558 2008 vel
1592 1965 1634 2008 in
1665 1963 1741 2007 has
1771 1964 1902 2007 aedes
1929 1965 2030 2007 viris

330 2063 415 2092 non
445 2050 679 2093 adeundas.
738 2049 847 2091 Erat
890 2050 1001 2092 enim
1044 2050 1232 2104 dignitas
1264 2050 1413 2091 Bonae
1445 2049 1567 2090 Deae
1607 2049 1682 2090 illo
1714 2052 1910 2103 tempore
1945 2048 2030 2089 iam

332 2131 612 2186 labefactata,
653 2135 702 2174 ut
742 2132 870 2174 etiam
911 2131 1110 2174 Tibullus
1153 2133 1283 2185 vulgo
1327 2132 1558 2185 religiosus
1587 2131 1697 2174 clam
1727 2132 1935 2175 interesse
1966 2131 2030 2174 his

331 2216 466 2258 sacris
501 2229 586 2258 non
622 2216 819 2269 timeret,
864 2229 1119 2270 quamquam
1154 2217 1197 2258 in
1229 2216 1388 2257 affectu
1419 2215 1609 2268 loquitur
1639 2219 1684 2256 et
1714 2219 1906 2256 extrema
1938 2219 2034 2258 ten-

336 2302 400 2339 tat
431 2297 485 2339 ad
518 2298 799 2340 coercendam
846 2297 1063 2338 libidinem
1106 2297 1269 2340 Deliae.
1333 2296 1537 2338 Ceterum
1579 2296 1716 2338 maius
1759 2295 1877 2338 aditu
1916 2286 2035 2338 clau-

336 2382 505 2424 destino
540 2383 701 2424 crimen
733 2380 842 2423 haud
877 2381 1005 2423 dubie
1035 2381 1252 2439 evulgatio
1281 2393 1497 2422 sacrorum
1531 2384 1647 2433 erat,
1699 2391 1828 2435 quam
1859 2378 2037 2434 Lygda—

336 2479 431 2508 mus
463 2479 558 2508 cum
590 2467 686 2508 aliis
719 2466 891 2508 nefariis
922 2467 1052 2509 rebus
1083 2467 1326 2509 detestatur
1356 2467 1465 2509 infra
1494 2466 1574 2519 111,
1605 2470 1649 2519 5,
1681 2470 1725 2509 7.
1754 2469 1798 2508 8.
1825 2489 1885 2497 -
1932 2477 2036 2508 non

340 2547 522 2589 oculis
555 2547 635 2589 sit
676 2548 941 2590 timuisse
974 2549 1136 2602 meis,
1179 2553 1282 2591 tunc
1311 2561 1397 2590 non
1429 2548 1612 2591 verebor
1642 2549 1924 2603 caecitatem,
1955 2561 2039 2591 non

340 2629 538 2672 claudam
570 2635 689 2672 metu
720 2631 941 2672 caecitatis
974 2630 1124 2672 oculos
1159 2643 1305 2683 meOS‚
1341 2630 1418 2672 sed
1451 2631 1668 2672 intendam
1701 2643 1777 2674 eos
1803 2631 1965 2674 acriter
1995 2636 2042 2672 et

342 2713 580 2756 observabo
614 2713 942 2767 diligentissime
979 2727 1064 2756 non
1096 2718 1293 2756 metuens
1328 2726 1524 2768 poenam.
1556 2735 1616 2745 --
1661 2725 1766 2755 non
1809 2712 1911 2766 sit,
1955 2725 2040 2754 non

342 2797 442 2848 fiet,
478 2809 562 2838 non
595 2797 764 2839 accidet
794 2796 894 2839 mihi
925 2803 973 2838 ut
1003 2798 1190 2840 timeam.
1253 2797 1597 2840 Constructionis
1629 2797 1828 2852 exempla
1858 2797 2040 2852 plurima

346 2879 566 2932 congessit
607 2878 834 2921 Hssmsms
874 2878 928 2919 ad
971 2877 1096 2921 Ovid.
1131 2881 1224 2922 Art.
1258 2880 1350 2921 Am.
1385 2879 1442 2931 II,
1473 2883 1544 2920 28.
1586 2884 1762 2921 notante
1802 2880 2044 2922 menn-

348 2973 519 3002 memo.
580 2959 664 3002 Est
694 2961 758 3003 vis
788 2961 925 3002 maior
954 2961 995 3002 in
1029 2962 1236 3016 ampliore
1267 2961 1469 3004 dictione.
1533 2961 1658 3004 Adde
1687 2975 1798 3016 quae
1827 2961 1938 3003 infra
1966 2974 2045 3003 no-

346 3044 529 3086 tavimus
570 3042 624 3085 ad
657 3043 732 3096 lv,
763 3046 806 3095 3,
835 3046 878 3085 3.
941 3044 1150 3086 Similiter
1193 3045 1354 3086 Graeci
1395 3044 1482 3100 εἴη,
1523 3038 1583 3099 μή
1625 3044 1712 3099 εἴη,
1753 3048 1802 3086 ut
1844 3044 2046 3086 Pmnsn.

349 3130 420 3170 01.
450 3129 485 3181 I,
521 3131 622 3171 115.
677 3126 807 3182 Pyth.
846 3128 881 3181 Ι,
911 3131 986 3170 29.
1027 3128 1142 3183 quod
1173 3133 1334 3171 notum.
1368 3151 1427 3160 —
1474 3129 1631 3171 Restat
1661 3132 1710 3170 ut
1739 3127 1795 3173 de
1823 3130 1916 3170 toto
1946 3128 2044 3170 loco

349 3212 526 3253 verbum
568 3210 735 3254 addam.
799 3210 908 3253 Cum
947 3212 1124 3254 maritus
1154 3212 1271 3254 solus
1303 3209 1522 3254 custodire
1551 3222 1732 3253 uxorem
1771 3222 1856 3252 non
1896 3211 2048 3265 possit,

351 3293 451 3335 inde
493 3293 547 3335 ab
583 3292 664 3335 hoc
706 3292 888 3336 disticho
919 3295 1025 3338 illud
1057 3296 1147 3350 agit
1177 3300 1335 3350 poeta,
1381 3299 1430 3336 ut
1459 3307 1579 3336 suam
1610 3293 1848 3336 custodiam
1877 3294 2048 3337 offerat.

355 3375 535 3418 Dixerat
577 3374 749 3425 quidem
780 3389 934 3432 supra:
985 3391 1063 3420 me
1108 3391 1328 3433 quoque
1369 3382 1628 3432 servato,
1678 3375 1755 3420 sed
1785 3377 1841 3422 de
1870 3375 1953 3420 hoc
1990 3377 2048 3419 ibi
