2158 3750
696 278 880 332 ΗΒΕ.
917 280 960 331 1.
1030 278 1232 331 ELEG.
1270 279 1364 331 vl.
1777 286 1874 338 141

178 430 335 484 debeS,
366 428 482 485 quod
513 439 670 485 precor
698 427 806 472 deos
834 432 885 470 ut
912 428 990 471 tibi
1022 432 1224 484 parcant,
1254 426 1330 471 sed
1362 427 1511 472 matris
1539 429 1716 473 meritis,
1778 431 1879 475 Non

179 526 328 568 parum
359 513 494 555 iratus
524 515 617 564 est«,
661 515 711 553 nt
739 510 884 562 vides,
933 515 1077 565 poeta.
1154 512 1280 552 Amat
1320 511 1495 565 quidem
1528 514 1715 569 puellam
1748 515 1879 558 etiam

178 610 318 651 nunc,
347 597 426 640 sed
457 601 601 639 tamen
629 583 769 642 mitius
798 594 882 635 iam
915 593 1033 634 molli
1062 593 1219 635 affectu
1253 608 1379 648 quam
1411 602 1537 650 ante,
1568 602 1615 640 et
1643 611 1740 641 cum
1772 613 1880 655 poe-

178 695 276 724 nam
305 682 444 724 levem
472 682 622 735 optet,
664 677 784 731 (quis
819 677 931 719 enim
959 682 1143 719 amatam
1175 680 1323 731 gravia
1354 681 1464 722 mala
1495 682 1586 736 pati
1618 682 1778 738 velit‘3)
1809 696 1882 726 re-

179 765 649 823 prehensione-'tamen
690 760 919 815 verborum
952 763 997 802 et
1026 759 1317 802 admonitione
1347 775 1497 805 severa
1527 765 1664 807 utitur
1692 768 1881 821 acrique,

179 850 348 902 qualem
388 849 431 889 in
470 847 589 888 nullo
628 846 714 886 alio
757 844 909 885 Deliae
951 844 1114 898 scripto
1157 844 1345 886 carmine
1388 846 1545 892 vidisti.
1575 871 1636 879 --
1680 862 1881 904 aurea,

179 934 341 989 optima
370 936 415 974 et
443 929 673 972 carissima.
716 920 955 970 Puomm‘r.
985 926 1062 978 lv,
1093 931 1136 979 7,
1168 930 1243 968 85.
1305 930 1369 970 Ac
1399 942 1495 971 cum
1528 933 1667 975 minus
1698 934 1808 978 bene
1838 941 1884 979 et

180 1016 352 1072 poetice
382 1013 592 1056 dixisset:
642 1010 720 1054 sed
751 1015 827 1053 tua
856 1015 995 1053 mater
1021 1022 1092 1052 me
1122 1014 1269 1053 movet
1298 1015 1429 1065 atque
1458 1013 1546 1055 iras
1575 1015 1730 1069 vincit,
1773 1030 1883 1071 quo-

176 1098 293 1140 niam
325 1097 474 1139 ultima
505 1093 673 1151 phrasis
705 1094 769 1136 sic
801 1092 1044 1147 languidior
1074 1092 1240 1146 suisset,
1271 1107 1384 1136 nunc
1414 1093 1571 1138 additis
1600 1098 1767 1141 verbis:
1798 1114 1884 1142 au-

178 1196 256 1223 rea
286 1193 447 1233 anus,
477 1190 593 1221 nova
618 1178 684 1221 vis
713 1177 884 1220 accedit
914 1183 959 1221 et
989 1177 1132 1220 omnia
1158 1178 1321 1233 optime
1343 1177 1514 1221 habent.
1576 1166 1760 1236 Saepius
1788 1196 1884 1225 mo-

178 1277 263 1307 neo
293 1265 348 1306 de
378 1261 617 1304 huiusmodi
646 1259 952 1310 additamentis
982 1260 1165 1316 poeticis
1191 1241 1574 1316 pentametrorum,
1606 1264 1661 1306 cf.
1687 1264 1722 1318 I,
1746 1269 1789 1319 3,
1810 1269 1885 1308 32.

177 1345 290 1389 Nam
321 1347 365 1388 in
395 1345 517 1400 poesi
555 1343 683 1386 facile
713 1345 921 1398 languent
949 1344 1138 1387 secunda
1169 1349 1215 1387 et
1255 1345 1385 1388 tertia
1427 1347 1621 1390 membra
1663 1350 1885 1403 orationis,

179 1430 311 1472 etiam
339 1427 443 1470 talia
472 1438 583 1480 quae
614 1430 790 1468 careant
827 1427 934 1469 vitio
974 1427 1019 1469 in
1063 1440 1193 1482 prosa
1234 1431 1454 1480 oratione,
1498 1429 1582 1474 nisi
1610 1443 1718 1473 nova
1748 1445 1885 1486 quae-

181 1509 280 1552 dam
311 1510 375 1551 vis
405 1507 588 1551 accedit.
616 1529 678 1539 —
723 1508 778 1551 V.
809 1511 869 1551 59
899 1520 965 1561 sq.
1027 1507 1182 1550 Haec
1213 1507 1344 1550 mihi
1376 1514 1430 1552 te
1461 1510 1700 1555 adducit
1729 1517 1885 1556 tene-

182 1593 317 1635 bris.
377 1591 478 1635 Non
512 1603 569 1632 ex
597 1588 901 1633 aedibwaui·
921 1601 1106 1643 egressa
1134 1588 1267 1631 Delia
1290 1602 1370 1644 per
1399 1591 1491 1634 vias
1521 1591 1576 1634 ad
1606 1593 1769 1636 Tibulli
1803 1594 1886 1637 do-

181 1692 298 1722 mum
338 1676 613 1734 perducitur3
656 1672 973 1732 quod«..vilibus
1013 1671 1172 1729 scortis
1199 1673 1426 1727 convenit,
1475 1687 1562 1717 non
1592 1677 1666 1718 tali
1700 1678 1886 1731 puellae,

181 1760 259 1803 sed
290 1775 316 1803 e
346 1760 544 1803 cubiculo
575 1771 655 1814 per
683 1758 795 1801 atria
823 1762 869 1800 et
907 1757 1121 1814 porticum
1163 1755 1319 1800 domus
1347 1758 1466 1801 venit
1496 1758 1552 1801 ad
1594 1760 1887 1804 intromissum

180 1850 431 1888 amatorem.
493 1843 775 1898 Sicwptimo
816 1842 961 1885 locum
1008 1842 1228 1885 Hssnims
1272 1841 1414 1898 cepit,
1461 1846 1592 1896 atque
1634 1841 1716 1884 hoc
1756 1856 1887 1885 sensu

179 1927 287 1969 alias
318 1925 465 1967 venire
497 1925 641 1980 puella
670 1923 830 1967 dicitnr
858 1922 915 1966 ad
945 1925 1167 1976 iuvenem,
1210 1923 1297 1966 vid.
1331 1922 1368 1975 I,
1403 1925 1448 1975 9,
1479 1924 1551 1964 43.
1615 1923 1887 1966 Huscmcms

180 2009 294 2051 bene
322 2007 493 2050 confert
518 2007 698 2050 Pnaum.
731 2004 905 2048 curcul.
936 2005 979 2057 Ι,ἱ
1000 2008 1070 2058 2.,
1101 2004 1175 2047 ubi
1205 2003 1444 2046 accedente
1474 2004 1529 2046 ad
1559 2004 1730 2046 ianuam
1762 2006 1888 2060 puel-

178 2095 251 2138 ὴν,
277 2091 716 2143 Phaedromoanns,
762 2089 819 2132 de
851 2089 987 2132 odore
1015 2089 1103 2132 vini
1138 2088 1294 2132 adesse
1325 2101 1422 2130 eum
1459 2089 1672 2141 sentiens,
1705 2102 1888 2143 progre-

178 2174 297 2219 ditur
322 2174 381 2217 ad
406 2173 538 2226 fores,
569 2176 616 2215 et
644 2185 685 2214 v.
716 2173 791 2218 47.
824 2171 952 2214 dicit:
998 2184 1052 2212 ne
1077 2169 1224 2226 plora,
1256 2168 1429 2216 amabo,
1460 2177 1513 2211 tu
1546 2185 1612 2211 me
1644 2178 1805 2212 curato
1835 2185 1890 2212 ne

175 2255 358 2301 sitiam,
401 2250 623 2312 Egorihi
657 2251 779 2310 quod
807 2267 936 2294 amaa
964 2250 1057 2294 iam
1087 2251 1177 2292 huc
1207 2251 1444 2296 adducam.
1506 2253 1633 2308 Apud
1665 2253 1888 2295 Tibullum

180 2338 392 2383 accedunt
420 2336 552 2379 verba
581 2335 760 2378 multo
789 2334 1021 2387 timore,
1052 2333 1217 2386 clam,
1248 2335 1571 2387 taciturna,
1604 2348 1714 2388 quae
1746 2335 1889 2376 omnia

185 2421 370 2477 probant
398 2419 443 2461 in
473 2417 619 2460 mariti
651 2415 783 2459 domo
825 2428 919 2458 rem
961 2416 1048 2470 agi.
1111 2416 1212 2458 Huc
1243 2416 1417 2470 quidem
1447 2417 1636 2472 pertinet
1667 2418 1796 2459 etiam
1822 2417 1891 2459 al·-

182 2507 276 2545 tera
308 2500 464 2545 lectio=
506 2501 637 2539 Haec
665 2510 731 2538 me
762 2496 973 2545 deducu,-
1019 2496 1099 2539 sed
1129 2494 1237 2539 llaec
1267 2510 1324 2539 ex
1365 2498 1666 2541 emendatione
1697 2503 1795 2540 orta
1823 2498 1890 2541 vi-

180 2585 332 2639 detur,
374 2590 420 2627 et
450 2583 658 2639 praeferri
696 2581 829 2625 debet
859 2581 975 2636 quod
1009 2582 1214 2635 vidimus,
1263 2596 1359 2625 cum
1396 2585 1502 2626 satis
1536 2584 1788 2639 expeditum
1818 2584 1888 2628 sit.

180 2670 248 2711 Ac
277 2667 450 2710 suavior
475 2665 735 2720 descriptio:
780 2669 920 2707 mater
950 2665 1137 2720 puellam
1170 2665 1340 2708 obviam
1378 2666 1498 2708 ducit
1529 2668 1711 2716 amanti,
1740 2681 1890 2710 aman-

180 2756 271 2797 tem
300 2749 548 2796 intromittit
577 2749 632 2794 ad
659 2749 863 2805 puellam.
926 2749 1130 2792 Ceterum
1159 2748 1215 2790 ad
1247 2747 1375 2792 haec:
1418 2751 1558 2792 clam
1588 2751 1889 2794 taciturna

180 2835 240 2879 cf.
269 2835 306 2889 1,
335 2839 381 2889 5,
411 2838 511 2887 65„
558 2837 605 2876 et
645 2833 911 2876 tenebris
941 2837 1139 2876 notatum
1171 2838 1238 2875 est
1269 2833 1304 2886 l,
1334 2836 1376 2886 2,
1406 2837 1479 2877 25.
1540 2835 1737 2889 Denique
1769 2835 1891 2878 vides

182 2931 262 2974 per
291 2922 430 2960 totum
462 2917 605 2959 locum
635 2915 840 2958 illustrari
883 2916 1052 2959 laudem
1084 2918 1260 2971 matris,
1309 2931 1421 2972 quae
1453 2932 1537 2961 non
1570 2920 1663 2962 sine
1694 2921 1890 2975 periculo

184 3001 294 3047 hanc
325 3012 503 3056 operam
533 3003 815 3055 praestat.—
848 3001 901 3043 V.
930 3004 984 3043 61
1011 3014 1106 3055 sqq.
1137 3001 1294 3044 Haec
1327 3002 1675 3056 foribusque
1705 3005 1890 3044 manet

183 3090 358 3128 noctu
399 3095 480 3125 me
520 3081 719 3125 affixa.
779 3079 932 3133 Haec,
973 3082 1060 3135 ait,
1104 3083 1232 3124 etiam
1267 3084 1557 3138 praestolatur
1587 3097 1655 3126 me
1686 3084 1740 3125 ad
1774 3083 1890 3126 fores

183 3171 364 3214 arrectis
406 3166 609 3219 auribus,
653 3177 710 3208 ne
750 3164 825 3207 diu
856 3165 946 3208 >sub
986 3165 1086 3207 divo
1129 3170 1266 3219 stem,
1315 3166 1393 3209 sed
1438 3167 1583 3209 statim
1615 3168 1888 3212 intromittar.

183 3254 369 3299 affixa
406 3250 660 3303 foribus,
704 3249 797 3292 aine
827 3249 1146 3292 intromissione
1174 3262 1366 3294 manens,
1410 3250 1509 3293 L1v.
1539 3251 1618 3304 111,
1649 3254 1731 3293 68:
1779 3251 1889 3291 hae-

183 3344 275 3380 rete
298 3337 439 3396 affixi
463 3331 757 3379 concionibus,
782 3332 984 3377 laudante
1006 3334 1198 3378 Vum’ro.
1218 3355 1277 3368 —
1309 3334 1417 3377 Mox
1443 3348 1519 3391 pro
1545 3336 1888 3378 constructione:

183 3423 371 3464 tecum
419 3416 819 3464 contribuiflse
873 3418 1218 3474 exspectaverint
1282 3415 1368 3460 tibi
1413 3417 1720 3461 contribuisse.
1797 3415 1888 3459 Sed
