<?xml version="1.0" encoding="UTF-8"?>
<!DOCTYPE html PUBLIC "-//W3C//DTD XHTML 1.0 Transitional//EN"
    "http://www.w3.org/TR/xhtml1/DTD/xhtml1-transitional.dtd">
<html xmlns="http://www.w3.org/1999/xhtml" xml:lang="en" lang="en">
 <head>
  <title>
</title>
<meta http-equiv="Content-Type" content="text/html;charset=utf-8" />
  <meta name='ocr-system' content='tesseract 3.04.00' />
  <meta name='ocr-capabilities' content='ocr_page ocr_carea ocr_par ocr_line ocrx_word'/>
</head>
<body>
  <div class='ocr_page' id='page_1' title='image "./carminaexrecensi01tibuuoft_0739.png"; bbox 0 0 2158 3750; ppageno 0'>
   <div class='ocr_carea' id='block_1_1' title="bbox 691 216 1870 274">
    <p class='ocr_par' dir='ltr' id='par_1_1' title="bbox 691 216 1870 274">
     <span class='ocr_line' id='line_1_1' title="bbox 691 216 1870 274; baseline 0.004 -6"><span class='ocrx_word' id='word_1_1' title='bbox 691 217 874 269; x_wconf 86' lang='lat' dir='ltr'>LIBR.</span> <span class='ocrx_word' id='word_1_2' title='bbox 913 219 1006 270; x_wconf 87' lang='lat' dir='ltr'><strong>lV.</strong></span> <span class='ocrx_word' id='word_1_3' title='bbox 1081 216 1294 270; x_wconf 85' lang='lat' dir='ltr'><strong>CARM.</strong></span> <span class='ocrx_word' id='word_1_4' title='bbox 1328 221 1370 270; x_wconf 93' lang='grc' dir='ltr'><strong>Ι.</strong></span> <span class='ocrx_word' id='word_1_5' title='bbox 1768 224 1870 274; x_wconf 90' lang='grc'><strong>407</strong></span> 
     </span>
    </p>
   </div>
   <div class='ocr_carea' id='block_1_2' title="bbox 140 361 1871 3414">
    <p class='ocr_par' dir='ltr' id='par_1_2' title="bbox 140 361 1871 3414">
     <span class='ocr_line' id='line_1_2' title="bbox 178 361 1871 418; baseline 0.001 -13"><span class='ocrx_word' id='word_1_6' title='bbox 178 361 302 405; x_wconf 84' lang='lat' dir='ltr'><strong>Quae</strong></span> <span class='ocrx_word' id='word_1_7' title='bbox 344 374 440 403; x_wconf 93' lang='lat' dir='ltr'><strong>cum</strong></span> <span class='ocrx_word' id='word_1_8' title='bbox 483 362 542 403; x_wconf 84' lang='lat' dir='ltr'><strong>ita</strong></span> <span class='ocrx_word' id='word_1_9' title='bbox 583 361 693 415; x_wconf 87' lang='lat' dir='ltr'><strong>sint,</strong></span> <span class='ocrx_word' id='word_1_10' title='bbox 741 361 974 418; x_wconf 75' lang='lat' dir='ltr'><strong>probamus</strong></span> <span class='ocrx_word' id='word_1_11' title='bbox 1012 361 1194 406; x_wconf 72' lang='lat' dir='ltr'><strong>Hstmr</strong></span> <span class='ocrx_word' id='word_1_12' title='bbox 1234 363 1445 404; x_wconf 82' lang='lat' dir='ltr'><strong>rationem</strong></span> <span class='ocrx_word' id='word_1_13' title='bbox 1485 373 1581 405; x_wconf 89' lang='lat' dir='ltr'><strong>cum</strong></span> <span class='ocrx_word' id='word_1_14' title='bbox 1625 361 1783 405; x_wconf 87' lang='lat' dir='ltr'><strong>Voss1o</strong></span> <span class='ocrx_word' id='word_1_15' title='bbox 1826 369 1871 407; x_wconf 90' lang='lat' dir='ltr'><strong>et</strong></span> 
     </span>
     <span class='ocr_line' id='line_1_3' title="bbox 176 442 1868 500; baseline 0.002 -17"><span class='ocrx_word' id='word_1_16' title='bbox 176 442 447 496; x_wconf 76' lang='lat' dir='ltr'><strong>Husc111&lt;103</strong></span> <span class='ocrx_word' id='word_1_17' title='bbox 492 443 616 486; x_wconf 88' lang='lat' dir='ltr'><strong>adest</strong></span> <span class='ocrx_word' id='word_1_18' title='bbox 658 445 834 500; x_wconf 90' lang='lat' dir='ltr'><strong>quidem</strong></span> <span class='ocrx_word' id='word_1_19' title='bbox 873 459 986 488; x_wconf 88' lang='lat' dir='ltr'><strong>nunc</strong></span> <span class='ocrx_word' id='word_1_20' title='bbox 1027 445 1238 500; x_wconf 81' lang='lat' dir='ltr'>digressio</span> <span class='ocrx_word' id='word_1_21' title='bbox 1278 445 1496 488; x_wconf 79' lang='lat' dir='ltr'><strong>Messalae</strong></span> <span class='ocrx_word' id='word_1_22' title='bbox 1537 444 1652 487; x_wconf 86' lang='lat' dir='ltr'><strong>laudi</strong></span> <span class='ocrx_word' id='word_1_23' title='bbox 1693 445 1868 499; x_wconf 86' lang='lat' dir='ltr'><strong>inutilis,</strong></span> 
     </span>
     <span class='ocr_line' id='line_1_4' title="bbox 173 524 1868 586; baseline 0.005 -21"><span class='ocrx_word' id='word_1_24' title='bbox 173 524 251 566; x_wconf 87' lang='lat' dir='ltr'><strong>sed</strong></span> <span class='ocrx_word' id='word_1_25' title='bbox 283 525 326 567; x_wconf 88' lang='lat' dir='ltr'><strong>in</strong></span> <span class='ocrx_word' id='word_1_26' title='bbox 360 526 441 569; x_wconf 86' lang='lat' dir='ltr'><strong>hoc</strong></span> <span class='ocrx_word' id='word_1_27' title='bbox 471 528 621 571; x_wconf 85' lang='lat' dir='ltr'><strong>vitium</strong></span> <span class='ocrx_word' id='word_1_28' title='bbox 661 530 836 585; x_wconf 87' lang='lat' dir='ltr'><strong>saepius</strong></span> <span class='ocrx_word' id='word_1_29' title='bbox 874 529 1023 572; x_wconf 78' lang='lat' dir='ltr'>incidit</span> <span class='ocrx_word' id='word_1_30' title='bbox 1061 529 1129 573; x_wconf 86' lang='lat' dir='ltr'><strong>hic</strong></span> <span class='ocrx_word' id='word_1_31' title='bbox 1168 536 1322 586; x_wconf 88' lang='lat' dir='ltr'><strong>poeta,</strong></span> <span class='ocrx_word' id='word_1_32' title='bbox 1370 544 1467 574; x_wconf 92' lang='lat' dir='ltr'><strong>cum</strong></span> <span class='ocrx_word' id='word_1_33' title='bbox 1507 536 1703 573; x_wconf 82' lang='lat' dir='ltr'><strong>ornatum</strong></span> <span class='ocrx_word' id='word_1_34' title='bbox 1734 543 1868 584; x_wconf 86' lang='lat' dir='ltr'><strong>quae-</strong></span> 
     </span>
     <span class='ocr_line' id='line_1_5' title="bbox 173 609 1870 667; baseline 0.004 -18"><span class='ocrx_word' id='word_1_35' title='bbox 173 614 300 651; x_wconf 87' lang='lat' dir='ltr'><strong>reret.</strong></span> <span class='ocrx_word' id='word_1_36' title='bbox 362 609 596 654; x_wconf 82' lang='lat' dir='ltr'><strong>Videamus</strong></span> <span class='ocrx_word' id='word_1_37' title='bbox 634 612 718 654; x_wconf 85' lang='lat' dir='ltr'><strong>iam</strong></span> <span class='ocrx_word' id='word_1_38' title='bbox 752 613 936 667; x_wconf 84' lang='lat' dir='ltr'><strong>singula.</strong></span> <span class='ocrx_word' id='word_1_39' title='bbox 997 613 1066 656; x_wconf 89' lang='lat' dir='ltr'><strong>De</strong></span> <span class='ocrx_word' id='word_1_40' title='bbox 1098 614 1410 656; x_wconf 80' lang='lat' dir='ltr'><strong>exercitatione</strong></span> <span class='ocrx_word' id='word_1_41' title='bbox 1441 614 1614 656; x_wconf 86' lang='lat' dir='ltr'><strong>militari</strong></span> <span class='ocrx_word' id='word_1_42' title='bbox 1645 612 1870 656; x_wconf 82' lang='lat' dir='ltr'><strong>Romano-</strong></span> 
     </span>
     <span class='ocr_line' id='line_1_6' title="bbox 172 675 1868 752; baseline 0.005 -21"><span class='ocrx_word' id='word_1_43' title='bbox 172 675 265 732; x_wconf 82' lang='lat' dir='ltr'><strong>rum</strong></span> <span class='ocrx_word' id='word_1_44' title='bbox 307 691 398 744; x_wconf 89' lang='lat' dir='ltr'><strong>egit</strong></span> <span class='ocrx_word' id='word_1_45' title='bbox 438 692 508 734; x_wconf 70' lang='lat' dir='ltr'><strong>Lu</strong></span> <span class='ocrx_word' id='word_1_46' title='bbox 548 693 681 736; x_wconf 67' lang='lat' dir='ltr'><strong>Bam</strong></span> <span class='ocrx_word' id='word_1_47' title='bbox 720 695 763 736; x_wconf 89' lang='lat' dir='ltr'><strong>iu</strong></span> <span class='ocrx_word' id='word_1_48' title='bbox 795 695 915 737; x_wconf 84' lang='lat' dir='ltr'><strong>Actis</strong></span> <span class='ocrx_word' id='word_1_49' title='bbox 945 694 1084 736; x_wconf 82' lang='lat' dir='ltr'><strong>Paris.</strong></span> <span class='ocrx_word' id='word_1_50' title='bbox 1112 695 1245 738; x_wconf 87' lang='lat' dir='ltr'><strong>Acad.</strong></span> <span class='ocrx_word' id='word_1_51' title='bbox 1277 695 1492 752; x_wconf 87' lang='lat' dir='ltr'><strong>lnscriptt.</strong></span> <span class='ocrx_word' id='word_1_52' title='bbox 1537 697 1662 740; x_wconf 88' lang='lat' dir='ltr'><strong>Tom.</strong></span> <span class='ocrx_word' id='word_1_53' title='bbox 1681 694 1868 748; x_wconf 85' lang='lat' dir='ltr'><strong>XXXV,</strong></span> 
     </span>
     <span class='ocr_line' id='line_1_7' title="bbox 171 776 1866 832; baseline 0.004 -18"><span class='ocrx_word' id='word_1_54' title='bbox 171 787 268 828; x_wconf 90' lang='lat' dir='ltr'><strong>pag.</strong></span> <span class='ocrx_word' id='word_1_55' title='bbox 298 777 387 817; x_wconf 77' lang='lat'><strong>246</strong></span> <span class='ocrx_word' id='word_1_56' title='bbox 416 788 509 830; x_wconf 89' lang='lat' dir='ltr'><strong>sqq.</strong></span> <span class='ocrx_word' id='word_1_57' title='bbox 534 800 596 808; x_wconf 93' lang='lat'>—</span> <span class='ocrx_word' id='word_1_58' title='bbox 664 776 957 819; x_wconf 84' lang='lat' dir='ltr'><strong>tardamve</strong></span> <span class='ocrx_word' id='word_1_59' title='bbox 995 777 1213 829; x_wconf 85' lang='lat' dir='ltr'><strong>sudem,</strong></span> <span class='ocrx_word' id='word_1_60' title='bbox 1257 776 1296 819; x_wconf 77' lang='lat' dir='ltr'><strong>h.</strong></span> <span class='ocrx_word' id='word_1_61' title='bbox 1329 791 1367 821; x_wconf 89' lang='lat' dir='ltr'><strong>e.</strong></span> <span class='ocrx_word' id='word_1_62' title='bbox 1404 791 1595 832; x_wconf 87' lang='lat' dir='ltr'><strong>gravem.</strong></span> <span class='ocrx_word' id='word_1_63' title='bbox 1669 777 1866 820; x_wconf 82' lang='lat' dir='ltr'><strong>Exerce-</strong></span> 
     </span>
     <span class='ocr_line' id='line_1_8' title="bbox 171 858 1866 915; baseline 0.002 -17"><span class='ocrx_word' id='word_1_64' title='bbox 171 858 326 900; x_wconf 85' lang='lat' dir='ltr'><strong>bantur</strong></span> <span class='ocrx_word' id='word_1_65' title='bbox 358 859 516 901; x_wconf 79' lang='lat' dir='ltr'><strong>miiites</strong></span> <span class='ocrx_word' id='word_1_66' title='bbox 553 858 735 901; x_wconf 85' lang='lat' dir='ltr'><strong>sudibus</strong></span> <span class='ocrx_word' id='word_1_67' title='bbox 771 859 953 913; x_wconf 83' lang='lat' dir='ltr'><strong>aliisque</strong></span> <span class='ocrx_word' id='word_1_68' title='bbox 993 859 1225 901; x_wconf 70' lang='lat' dir='ltr'><strong>missilibus</strong></span> <span class='ocrx_word' id='word_1_69' title='bbox 1259 859 1467 902; x_wconf 87' lang='lat' dir='ltr'><strong>iaciendis</strong></span> <span class='ocrx_word' id='word_1_70' title='bbox 1498 859 1553 902; x_wconf 89' lang='lat' dir='ltr'><strong>ad</strong></span> <span class='ocrx_word' id='word_1_71' title='bbox 1592 860 1761 915; x_wconf 87' lang='lat' dir='ltr'><strong>palum,</strong></span> <span class='ocrx_word' id='word_1_72' title='bbox 1808 858 1866 902; x_wconf 82' lang='lat' dir='ltr'><strong>cf.</strong></span> 
     </span>
     <span class='ocr_line' id='line_1_9' title="bbox 171 938 1866 994; baseline 0.001 -14"><span class='ocrx_word' id='word_1_73' title='bbox 171 940 348 983; x_wconf 72' lang='lat' dir='ltr'><strong>Vssess‘r.</strong></span> <span class='ocrx_word' id='word_1_74' title='bbox 379 941 423 982; x_wconf 87' lang='lat' dir='ltr'><strong>d.</strong></span> <span class='ocrx_word' id='word_1_75' title='bbox 447 941 502 983; x_wconf 78' lang='lat' dir='ltr'><strong>R..</strong></span> <span class='ocrx_word' id='word_1_76' title='bbox 527 941 620 983; x_wconf 86' lang='lat' dir='ltr'><strong>Mil.</strong></span> <span class='ocrx_word' id='word_1_77' title='bbox 643 940 679 994; x_wconf 87' lang='grc' dir='ltr'><strong>Ι,</strong></span> <span class='ocrx_word' id='word_1_78' title='bbox 701 942 772 983; x_wconf 81' lang='grc'><strong>24.</strong></span> <span class='ocrx_word' id='word_1_79' title='bbox 846 940 946 983; x_wconf 89' lang='lat' dir='ltr'><strong>Hoc</strong></span> <span class='ocrx_word' id='word_1_80' title='bbox 977 946 1045 983; x_wconf 89' lang='lat' dir='ltr'><strong>est</strong></span> <span class='ocrx_word' id='word_1_81' title='bbox 1074 938 1252 982; x_wconf 76' lang='lat' dir='ltr'><strong>vibrare</strong></span> <span class='ocrx_word' id='word_1_82' title='bbox 1279 940 1432 982; x_wconf 75' lang='lat' dir='ltr'><strong>sudem</strong></span> <span class='ocrx_word' id='word_1_83' title='bbox 1463 942 1560 984; x_wconf 63' lang='lat' dir='ltr'><strong>Su„</strong></span> <span class='ocrx_word' id='word_1_84' title='bbox 1591 941 1719 984; x_wconf 68' lang='lat' dir='ltr'><strong>l&#39;rfl„</strong></span> <span class='ocrx_word' id='word_1_85' title='bbox 1747 938 1866 993; x_wconf 84' lang='lat' dir='ltr'><strong>VIII,</strong></span> 
     </span>
     <span class='ocr_line' id='line_1_10' title="bbox 166 1023 1868 1081; baseline 0.002 -18"><span class='ocrx_word' id='word_1_86' title='bbox 166 1036 205 1063; x_wconf 85' lang='lat' dir='ltr'><strong>v.</strong></span> <span class='ocrx_word' id='word_1_87' title='bbox 224 1026 326 1064; x_wconf 81' lang='lat'>552.</span> <span class='ocrx_word' id='word_1_88' title='bbox 350 1023 424 1064; x_wconf 92' lang='lat' dir='ltr'><strong>ubi</strong></span> <span class='ocrx_word' id='word_1_89' title='bbox 448 1023 503 1066; x_wconf 88' lang='lat' dir='ltr'><strong>de</strong></span> <span class='ocrx_word' id='word_1_90' title='bbox 528 1024 744 1080; x_wconf 86' lang='lat' dir='ltr'><strong>Scipionis</strong></span> <span class='ocrx_word' id='word_1_91' title='bbox 769 1026 987 1068; x_wconf 82' lang='lat' dir='ltr'><strong>exercitiis</strong></span> <span class='ocrx_word' id='word_1_92' title='bbox 1010 1026 1166 1080; x_wconf 87' lang='lat' dir='ltr'><strong>agitur.</strong></span> <span class='ocrx_word' id='word_1_93' title='bbox 1186 1049 1246 1056; x_wconf 90' lang='lat'>—</span> <span class='ocrx_word' id='word_1_94' title='bbox 1307 1025 1667 1081; x_wconf 84' lang='lat' dir='ltr'><strong>perfregerit</strong></span> <span class='ocrx_word' id='word_1_95' title='bbox 1699 1024 1868 1067; x_wconf 79' lang='lat' dir='ltr'><strong>obvia</strong></span> 
     </span>
     <span class='ocr_line' id='line_1_11' title="bbox 165 1104 1868 1165; baseline 0.002 -20"><span class='ocrx_word' id='word_1_96' title='bbox 165 1104 299 1158; x_wconf 84' lang='lat' dir='ltr'><strong>pilo.</strong></span> <span class='ocrx_word' id='word_1_97' title='bbox 362 1106 463 1149; x_wconf 78' lang='lat' dir='ltr'><strong>le.</strong></span> <span class='ocrx_word' id='word_1_98' title='bbox 490 1106 569 1160; x_wconf 83' lang='lat' dir='ltr'><strong>IX,</strong></span> <span class='ocrx_word' id='word_1_99' title='bbox 598 1110 679 1149; x_wconf 83' lang='lat'><strong>19:</strong></span> <span class='ocrx_word' id='word_1_100' title='bbox 709 1106 864 1150; x_wconf 83' lang='lat' dir='ltr'><strong>Pilum</strong></span> <span class='ocrx_word' id='word_1_101' title='bbox 892 1107 1023 1149; x_wconf 79' lang='lat' dir='ltr'><strong>haud</strong></span> <span class='ocrx_word' id='word_1_102' title='bbox 1045 1107 1202 1163; x_wconf 72' lang='lat' dir='ltr'><strong>paullo</strong></span> <span class='ocrx_word' id='word_1_103' title='bbox 1233 1121 1368 1165; x_wconf 81' lang='lat' dir='ltr'><strong>quam</strong></span> <span class='ocrx_word' id='word_1_104' title='bbox 1399 1108 1538 1148; x_wconf 78' lang='lat' dir='ltr'><strong>hasta</strong></span> <span class='ocrx_word' id='word_1_105' title='bbox 1567 1105 1868 1150; x_wconf 74' lang='lat' dir='ltr'><strong>vehementius</strong></span> 
     </span>
     <span class='ocr_line' id='line_1_12' title="bbox 163 1186 1867 1246; baseline 0.001 -19"><span class='ocrx_word' id='word_1_106' title='bbox 163 1186 258 1228; x_wconf 83' lang='lat' dir='ltr'><strong>ictu</strong></span> <span class='ocrx_word' id='word_1_107' title='bbox 287 1186 512 1246; x_wconf 79' lang='lat' dir='ltr'><strong>missuque</strong></span> <span class='ocrx_word' id='word_1_108' title='bbox 538 1188 692 1231; x_wconf 84' lang='lat' dir='ltr'><strong>telum.</strong></span> <span class='ocrx_word' id='word_1_109' title='bbox 717 1213 773 1221; x_wconf 90' lang='lat'>—</span> <span class='ocrx_word' id='word_1_110' title='bbox 835 1190 1014 1234; x_wconf 80' lang='lat' dir='ltr'><strong>lento,</strong></span> <span class='ocrx_word' id='word_1_111' title='bbox 1046 1189 1161 1244; x_wconf 90' lang='lat' dir='ltr'><strong>quod</strong></span> <span class='ocrx_word' id='word_1_112' title='bbox 1192 1190 1396 1232; x_wconf 88' lang='lat' dir='ltr'><strong>intortum</strong></span> <span class='ocrx_word' id='word_1_113' title='bbox 1422 1189 1546 1233; x_wconf 86' lang='lat' dir='ltr'><strong>sedet</strong></span> <span class='ocrx_word' id='word_1_114' title='bbox 1573 1202 1626 1232; x_wconf 86' lang='lat' dir='ltr'><strong>ac</strong></span> <span class='ocrx_word' id='word_1_115' title='bbox 1656 1189 1867 1232; x_wconf 84' lang='lat' dir='ltr'><strong>tenaciter</strong></span> 
     </span>
     <span class='ocr_line' id='line_1_13' title="bbox 164 1269 1865 1328; baseline 0.002 -17"><span class='ocrx_word' id='word_1_116' title='bbox 164 1269 327 1314; x_wconf 84' lang='lat' dir='ltr'><strong>haeret.</strong></span> <span class='ocrx_word' id='word_1_117' title='bbox 357 1295 417 1302; x_wconf 95' lang='lat'><strong>—</strong></span> <span class='ocrx_word' id='word_1_118' title='bbox 491 1273 546 1317; x_wconf 89' lang='lat' dir='ltr'><strong>V.</strong></span> <span class='ocrx_word' id='word_1_119' title='bbox 575 1275 631 1315; x_wconf 91' lang='lat'><strong>91</strong></span> <span class='ocrx_word' id='word_1_120' title='bbox 664 1287 759 1328; x_wconf 86' lang='lat' dir='ltr'><strong>sqq.</strong></span> <span class='ocrx_word' id='word_1_121' title='bbox 831 1273 941 1317; x_wconf 89' lang='lat' dir='ltr'><strong>Cum</strong></span> <span class='ocrx_word' id='word_1_122' title='bbox 986 1275 1117 1317; x_wconf 89' lang='lat' dir='ltr'><strong>lectio</strong></span> <span class='ocrx_word' id='word_1_123' title='bbox 1158 1275 1214 1317; x_wconf 87' lang='lat' dir='ltr'><strong>sit</strong></span> <span class='ocrx_word' id='word_1_124' title='bbox 1255 1272 1486 1315; x_wconf 80' lang='lat' dir='ltr'><strong>celeremve</strong></span> <span class='ocrx_word' id='word_1_125' title='bbox 1529 1281 1680 1319; x_wconf 84' lang='lat' dir='ltr'><strong>arcto,</strong></span> <span class='ocrx_word' id='word_1_126' title='bbox 1732 1272 1865 1315; x_wconf 72' lang='lat' dir='ltr'><strong>Imm</strong></span> 
     </span>
     <span class='ocr_line' id='line_1_14' title="bbox 161 1355 1864 1414; baseline 0.001 -18"><span class='ocrx_word' id='word_1_127' title='bbox 161 1355 342 1397; x_wconf 86' lang='lat' dir='ltr'><strong>celerem</strong></span> <span class='ocrx_word' id='word_1_128' title='bbox 370 1364 552 1400; x_wconf 82' lang='lat' dir='ltr'><strong>arctato</strong></span> <span class='ocrx_word' id='word_1_129' title='bbox 581 1360 884 1412; x_wconf 89' lang='lat' dir='ltr'><strong>coniecerunt,</strong></span> <span class='ocrx_word' id='word_1_130' title='bbox 927 1359 1043 1414; x_wconf 90' lang='lat' dir='ltr'><strong>quod</strong></span> <span class='ocrx_word' id='word_1_131' title='bbox 1077 1360 1209 1414; x_wconf 87' lang='lat' dir='ltr'><strong>vulgo</strong></span> <span class='ocrx_word' id='word_1_132' title='bbox 1246 1362 1495 1414; x_wconf 84' lang='lat' dir='ltr'><strong>receptum3</strong></span> <span class='ocrx_word' id='word_1_133' title='bbox 1541 1357 1864 1399; x_wconf 72' lang='lat' dir='ltr'><strong>LAcunAmms</strong></span> 
     </span>
     <span class='ocr_line' id='line_1_15' title="bbox 161 1439 1864 1499; baseline 0.001 -19"><span class='ocrx_word' id='word_1_134' title='bbox 161 1451 258 1481; x_wconf 89' lang='lat' dir='ltr'><strong>cum</strong></span> <span class='ocrx_word' id='word_1_135' title='bbox 301 1442 570 1483; x_wconf 63' lang='lat' dir='ltr'><strong>Annumro</strong></span> <span class='ocrx_word' id='word_1_136' title='bbox 612 1439 876 1499; x_wconf 79' lang='lat' dir='ltr'><strong>celeremque</strong></span> <span class='ocrx_word' id='word_1_137' title='bbox 922 1441 1138 1498; x_wconf 86' lang='lat' dir='ltr'><strong>praefert,</strong></span> <span class='ocrx_word' id='word_1_138' title='bbox 1194 1443 1278 1484; x_wconf 89' lang='lat' dir='ltr'><strong>uisi</strong></span> <span class='ocrx_word' id='word_1_139' title='bbox 1319 1446 1460 1484; x_wconf 89' lang='lat' dir='ltr'><strong>totum</strong></span> <span class='ocrx_word' id='word_1_140' title='bbox 1506 1440 1760 1484; x_wconf 81' lang='lat' dir='ltr'><strong>vocabulum</strong></span> <span class='ocrx_word' id='word_1_141' title='bbox 1807 1451 1864 1481; x_wconf 82' lang='lat' dir='ltr'><strong>ex</strong></span> 
     </span>
     <span class='ocr_line' id='line_1_16' title="bbox 162 1519 1863 1575; baseline -0.002 -11"><span class='ocrx_word' id='word_1_142' title='bbox 162 1535 201 1564; x_wconf 90' lang='lat' dir='ltr'><strong>v.</strong></span> <span class='ocrx_word' id='word_1_143' title='bbox 219 1526 292 1565; x_wconf 84' lang='lat'><strong>89.</strong></span> <span class='ocrx_word' id='word_1_144' title='bbox 327 1521 409 1566; x_wconf 84' lang='lat' dir='ltr'><strong>huc</strong></span> <span class='ocrx_word' id='word_1_145' title='bbox 440 1522 620 1567; x_wconf 87' lang='lat' dir='ltr'><strong>venerit.</strong></span> <span class='ocrx_word' id='word_1_146' title='bbox 681 1523 781 1566; x_wconf 89' lang='lat' dir='ltr'><strong>Hoc</strong></span> <span class='ocrx_word' id='word_1_147' title='bbox 812 1524 1009 1566; x_wconf 86' lang='lat' dir='ltr'><strong>ultimum</strong></span> <span class='ocrx_word' id='word_1_148' title='bbox 1041 1536 1120 1565; x_wconf 90' lang='lat' dir='ltr'><strong>nos</strong></span> <span class='ocrx_word' id='word_1_149' title='bbox 1150 1536 1299 1566; x_wconf 88' lang='lat' dir='ltr'><strong>verum</strong></span> <span class='ocrx_word' id='word_1_150' title='bbox 1329 1521 1560 1575; x_wconf 82' lang='lat' dir='ltr'><strong>habemus3</strong></span> <span class='ocrx_word' id='word_1_151' title='bbox 1594 1521 1755 1563; x_wconf 84' lang='lat' dir='ltr'><strong>excidit</strong></span> <span class='ocrx_word' id='word_1_152' title='bbox 1784 1519 1863 1562; x_wconf 88' lang='lat' dir='ltr'><strong>ad-</strong></span> 
     </span>
     <span class='ocr_line' id='line_1_17' title="bbox 160 1606 1862 1663; baseline -0.001 -16"><span class='ocrx_word' id='word_1_153' title='bbox 160 1607 362 1650; x_wconf 84' lang='lat' dir='ltr'><strong>iectivum</strong></span> <span class='ocrx_word' id='word_1_154' title='bbox 403 1609 637 1662; x_wconf 90' lang='lat' dir='ltr'><strong>genuinum</strong></span> <span class='ocrx_word' id='word_1_155' title='bbox 678 1607 809 1651; x_wconf 86' lang='lat' dir='ltr'><strong>trium</strong></span> <span class='ocrx_word' id='word_1_156' title='bbox 850 1607 1129 1663; x_wconf 82' lang='lat' dir='ltr'><strong>syllabarum.</strong></span> <span class='ocrx_word' id='word_1_157' title='bbox 1207 1607 1322 1650; x_wconf 90' lang='lat' dir='ltr'><strong>Nam</strong></span> <span class='ocrx_word' id='word_1_158' title='bbox 1362 1621 1442 1650; x_wconf 90' lang='lat' dir='ltr'><strong>nec</strong></span> <span class='ocrx_word' id='word_1_159' title='bbox 1483 1613 1662 1648; x_wconf 78' lang='lat' dir='ltr'><strong>arctato</strong></span> <span class='ocrx_word' id='word_1_160' title='bbox 1703 1606 1862 1661; x_wconf 83' lang='lat' dir='ltr'><strong>placet,</strong></span> 
     </span>
     <span class='ocr_line' id='line_1_18' title="bbox 158 1689 1862 1749; baseline -0.001 -17"><span class='ocrx_word' id='word_1_161' title='bbox 158 1704 238 1732; x_wconf 87' lang='lat' dir='ltr'><strong>nec</strong></span> <span class='ocrx_word' id='word_1_162' title='bbox 271 1691 373 1734; x_wconf 85' lang='lat' dir='ltr'><strong>ferri</strong></span> <span class='ocrx_word' id='word_1_163' title='bbox 411 1695 557 1747; x_wconf 88' lang='lat' dir='ltr'><strong>potest</strong></span> <span class='ocrx_word' id='word_1_164' title='bbox 588 1689 878 1749; x_wconf 85' lang='lat' dir='ltr'><strong>celeremque,</strong></span> <span class='ocrx_word' id='word_1_165' title='bbox 918 1704 1017 1734; x_wconf 90' lang='lat' dir='ltr'><strong>cum</strong></span> <span class='ocrx_word' id='word_1_166' title='bbox 1048 1691 1092 1733; x_wconf 91' lang='lat' dir='ltr'><strong>iu</strong></span> <span class='ocrx_word' id='word_1_167' title='bbox 1122 1690 1261 1733; x_wconf 87' lang='lat' dir='ltr'><strong>altero</strong></span> <span class='ocrx_word' id='word_1_168' title='bbox 1291 1696 1503 1734; x_wconf 88' lang='lat' dir='ltr'><strong>commate</strong></span> <span class='ocrx_word' id='word_1_169' title='bbox 1533 1703 1619 1732; x_wconf 89' lang='lat' dir='ltr'><strong>non</strong></span> <span class='ocrx_word' id='word_1_170' title='bbox 1648 1691 1705 1732; x_wconf 89' lang='lat' dir='ltr'><strong>sit</strong></span> <span class='ocrx_word' id='word_1_171' title='bbox 1733 1701 1862 1745; x_wconf 83' lang='lat' dir='ltr'><strong>prae-</strong></span> 
     </span>
     <span class='ocr_line' id='line_1_19' title="bbox 155 1775 1861 1831; baseline -0.002 -13"><span class='ocrx_word' id='word_1_172' title='bbox 155 1777 332 1818; x_wconf 87' lang='lat' dir='ltr'><strong>missum</strong></span> <span class='ocrx_word' id='word_1_173' title='bbox 364 1775 522 1822; x_wconf 83' lang='lat' dir='ltr'><strong>tardo,</strong></span> <span class='ocrx_word' id='word_1_174' title='bbox 562 1782 611 1819; x_wconf 92' lang='lat' dir='ltr'><strong>ut</strong></span> <span class='ocrx_word' id='word_1_175' title='bbox 641 1776 829 1819; x_wconf 84' lang='lat' dir='ltr'><strong>debebat</strong></span> <span class='ocrx_word' id='word_1_176' title='bbox 858 1777 952 1819; x_wconf 86' lang='lat' dir='ltr'><strong>fieri</strong></span> <span class='ocrx_word' id='word_1_177' title='bbox 985 1789 1043 1819; x_wconf 86' lang='lat' dir='ltr'><strong>ex</strong></span> <span class='ocrx_word' id='word_1_178' title='bbox 1074 1775 1154 1819; x_wconf 86' lang='lat' dir='ltr'><strong>hac</strong></span> <span class='ocrx_word' id='word_1_179' title='bbox 1184 1777 1376 1830; x_wconf 85' lang='lat' dir='ltr'><strong>ratione,</strong></span> <span class='ocrx_word' id='word_1_180' title='bbox 1420 1777 1552 1819; x_wconf 85' lang='lat' dir='ltr'><strong>veluti</strong></span> <span class='ocrx_word' id='word_1_181' title='bbox 1585 1775 1731 1831; x_wconf 83' lang='lat' dir='ltr'><strong>paullo</strong></span> <span class='ocrx_word' id='word_1_182' title='bbox 1761 1776 1861 1815; x_wconf 89' lang='lat' dir='ltr'><strong>ante</strong></span> 
     </span>
     <span class='ocr_line' id='line_1_20' title="bbox 154 1855 1860 1919; baseline -0.004 -15"><span class='ocrx_word' id='word_1_183' title='bbox 154 1861 321 1904; x_wconf 83' lang='lat' dir='ltr'><strong>vidisti:</strong></span> <span class='ocrx_word' id='word_1_184' title='bbox 370 1863 434 1902; x_wconf 86' lang='lat' dir='ltr'><strong>Ut</strong></span> <span class='ocrx_word' id='word_1_185' title='bbox 457 1859 799 1919; x_wconf 79' lang='lat' dir='ltr'><strong>facilisque</strong></span> <span class='ocrx_word' id='word_1_186' title='bbox 832 1861 928 1903; x_wconf 74' lang='lat' dir='ltr'><strong>tuis</strong></span> <span class='ocrx_word' id='word_1_187' title='bbox 957 1860 1114 1902; x_wconf 71' lang='lat' dir='ltr'><strong>aditus</strong></span> <span class='ocrx_word' id='word_1_188' title='bbox 1144 1860 1206 1902; x_wconf 79' lang='lat' dir='ltr'><strong>sit</strong></span> <span class='ocrx_word' id='word_1_189' title='bbox 1234 1868 1280 1901; x_wconf 85' lang='lat' dir='ltr'><strong>et</strong></span> <span class='ocrx_word' id='word_1_190' title='bbox 1309 1859 1534 1901; x_wconf 81' lang='lat' dir='ltr'><strong>arduus</strong></span> <span class='ocrx_word' id='word_1_191' title='bbox 1564 1856 1708 1909; x_wconf 78' lang='lat' dir='ltr'><strong>hosti,</strong></span> <span class='ocrx_word' id='word_1_192' title='bbox 1748 1855 1860 1898; x_wconf 81' lang='lat' dir='ltr'><strong>adde</strong></span> 
     </span>
     <span class='ocr_line' id='line_1_21' title="bbox 154 1941 1856 2000; baseline -0.002 -15"><span class='ocrx_word' id='word_1_193' title='bbox 154 1943 314 1986; x_wconf 84' lang='lat' dir='ltr'><strong>Tibnn.</strong></span> <span class='ocrx_word' id='word_1_194' title='bbox 345 1944 410 1998; x_wconf 86' lang='grc' dir='ltr'><strong>ΙΙ,</strong></span> <span class='ocrx_word' id='word_1_195' title='bbox 440 1947 493 1998; x_wconf 83' lang='grc'><strong>4,</strong></span> <span class='ocrx_word' id='word_1_196' title='bbox 523 1948 597 1987; x_wconf 76' lang='grc'><strong>27.</strong></span> <span class='ocrx_word' id='word_1_197' title='bbox 669 1944 797 1988; x_wconf 85' lang='lat' dir='ltr'><strong>Nunc</strong></span> <span class='ocrx_word' id='word_1_198' title='bbox 829 1944 1049 1987; x_wconf 79' lang='lat' dir='ltr'><strong>effusas</strong></span> <span class='ocrx_word' id='word_1_199' title='bbox 1081 1945 1266 2000; x_wconf 90' lang='lat' dir='ltr'><strong>primum</strong></span> <span class='ocrx_word' id='word_1_200' title='bbox 1298 1945 1438 1986; x_wconf 85' lang='lat' dir='ltr'><strong>iocum</strong></span> <span class='ocrx_word' id='word_1_201' title='bbox 1469 1941 1694 1985; x_wconf 85' lang='lat' dir='ltr'><strong>commatis</strong></span> <span class='ocrx_word' id='word_1_202' title='bbox 1722 1943 1856 1992; x_wconf 85' lang='lat' dir='ltr'><strong>tenet,</strong></span> 
     </span>
     <span class='ocr_line' id='line_1_22' title="bbox 151 2026 1860 2085; baseline -0.004 -16"><span class='ocrx_word' id='word_1_203' title='bbox 151 2029 399 2084; x_wconf 84' lang='lat' dir='ltr'><strong>oppositum</strong></span> <span class='ocrx_word' id='word_1_204' title='bbox 423 2028 528 2070; x_wconf 84' lang='lat' dir='ltr'><strong>iliud</strong></span> <span class='ocrx_word' id='word_1_205' title='bbox 551 2029 716 2071; x_wconf 82' lang='lat' dir='ltr'><strong>verbis:</strong></span> <span class='ocrx_word' id='word_1_206' title='bbox 747 2036 875 2070; x_wconf 83' lang='lat' dir='ltr'><strong>arcto</strong></span> <span class='ocrx_word' id='word_1_207' title='bbox 898 2041 1166 2083; x_wconf 73' lang='lat' dir='ltr'><strong>compescere</strong></span> <span class='ocrx_word' id='word_1_208' title='bbox 1177 2027 1363 2085; x_wconf 86' lang='lat' dir='ltr'><strong>fraeno.</strong></span> <span class='ocrx_word' id='word_1_209' title='bbox 1424 2026 1629 2068; x_wconf 89' lang='lat' dir='ltr'><strong>Ceterum</strong></span> <span class='ocrx_word' id='word_1_210' title='bbox 1655 2033 1860 2077; x_wconf 87' lang='lat' dir='ltr'><strong>compara</strong></span> 
     </span>
     <span class='ocr_line' id='line_1_23' title="bbox 151 2103 1857 2169; baseline -0.005 -15"><span class='ocrx_word' id='word_1_211' title='bbox 151 2113 295 2154; x_wconf 85' lang='lat' dir='ltr'><strong>locum</strong></span> <span class='ocrx_word' id='word_1_212' title='bbox 335 2112 381 2166; x_wconf 89' lang='lat' dir='ltr'><strong>l,</strong></span> <span class='ocrx_word' id='word_1_213' title='bbox 412 2115 467 2166; x_wconf 86' lang='lat'><strong>4,</strong></span> <span class='ocrx_word' id='word_1_214' title='bbox 501 2115 582 2155; x_wconf 80' lang='lat'><strong>11:</strong></span> <span class='ocrx_word' id='word_1_215' title='bbox 642 2111 735 2153; x_wconf 81' lang='lat' dir='ltr'><strong>Hic</strong></span> <span class='ocrx_word' id='word_1_216' title='bbox 771 2111 946 2168; x_wconf 78' lang='lat' dir='ltr'><strong>placet,</strong></span> <span class='ocrx_word' id='word_1_217' title='bbox 1003 2110 1216 2169; x_wconf 80' lang='lat' dir='ltr'><strong>angustis</strong></span> <span class='ocrx_word' id='word_1_218' title='bbox 1259 2109 1381 2168; x_wconf 84' lang='lat' dir='ltr'><strong>quod</strong></span> <span class='ocrx_word' id='word_1_219' title='bbox 1418 2123 1580 2167; x_wconf 81' lang='lat' dir='ltr'><strong>equum</strong></span> <span class='ocrx_word' id='word_1_220' title='bbox 1622 2103 1857 2162; x_wconf 77' lang='lat' dir='ltr'><strong>compescit</strong></span> 
     </span>
     <span class='ocr_line' id='line_1_24' title="bbox 151 2190 1856 2251; baseline -0.002 -16"><span class='ocrx_word' id='word_1_221' title='bbox 151 2193 349 2237; x_wconf 76' lang='lat' dir='ltr'><strong>habenis.</strong></span> <span class='ocrx_word' id='word_1_222' title='bbox 379 2219 435 2228; x_wconf 97' lang='lat'><strong>—</strong></span> <span class='ocrx_word' id='word_1_223' title='bbox 496 2196 551 2239; x_wconf 91' lang='lat' dir='ltr'><strong>V.</strong></span> <span class='ocrx_word' id='word_1_224' title='bbox 581 2199 640 2239; x_wconf 81' lang='lat'><strong>93</strong></span> <span class='ocrx_word' id='word_1_225' title='bbox 670 2209 765 2251; x_wconf 85' lang='lat' dir='ltr'><strong>sqq.</strong></span> <span class='ocrx_word' id='word_1_226' title='bbox 825 2197 875 2239; x_wconf 86' lang='lat' dir='ltr'><strong>In</strong></span> <span class='ocrx_word' id='word_1_227' title='bbox 907 2196 1050 2239; x_wconf 87' lang='lat' dir='ltr'><strong>verbis</strong></span> <span class='ocrx_word' id='word_1_228' title='bbox 1079 2197 1187 2239; x_wconf 89' lang='lat' dir='ltr'><strong>Seu</strong></span> <span class='ocrx_word' id='word_1_229' title='bbox 1220 2195 1407 2237; x_wconf 84' lang='lat' dir='ltr'><strong>libeat</strong></span> <span class='ocrx_word' id='word_1_230' title='bbox 1439 2194 1620 2235; x_wconf 89' lang='lat' dir='ltr'><strong>observa</strong></span> <span class='ocrx_word' id='word_1_231' title='bbox 1651 2190 1856 2234; x_wconf 86' lang='lat' dir='ltr'><strong>variatio-</strong></span> 
     </span>
     <span class='ocr_line' id='line_1_25' title="bbox 151 2276 1856 2336; baseline -0.004 -15"><span class='ocrx_word' id='word_1_232' title='bbox 151 2292 248 2322; x_wconf 87' lang='lat' dir='ltr'><strong>nem</strong></span> <span class='ocrx_word' id='word_1_233' title='bbox 277 2280 484 2323; x_wconf 82' lang='lat' dir='ltr'><strong>orationis</strong></span> <span class='ocrx_word' id='word_1_234' title='bbox 512 2285 683 2336; x_wconf 87' lang='lat' dir='ltr'><strong>aptam,</strong></span> <span class='ocrx_word' id='word_1_235' title='bbox 713 2284 764 2323; x_wconf 87' lang='lat' dir='ltr'><strong>ut</strong></span> <span class='ocrx_word' id='word_1_236' title='bbox 790 2281 898 2323; x_wconf 80' lang='lat' dir='ltr'><strong>alias</strong></span> <span class='ocrx_word' id='word_1_237' title='bbox 925 2285 1024 2336; x_wconf 90' lang='lat' dir='ltr'><strong>post</strong></span> <span class='ocrx_word' id='word_1_238' title='bbox 1053 2279 1178 2321; x_wconf 81' lang='lat' dir='ltr'><strong>modo</strong></span> <span class='ocrx_word' id='word_1_239' title='bbox 1209 2280 1371 2333; x_wconf 85' lang='lat' dir='ltr'><strong>legitur</strong></span> <span class='ocrx_word' id='word_1_240' title='bbox 1399 2276 1621 2318; x_wconf 79' lang='lat' dir='ltr'><strong>interdum</strong></span> <span class='ocrx_word' id='word_1_241' title='bbox 1638 2304 1648 2320; x_wconf 86' lang='lat'>‚</span> <span class='ocrx_word' id='word_1_242' title='bbox 1681 2288 1856 2320; x_wconf 77' lang='lat' dir='ltr'><strong>rursus,</strong></span> 
     </span>
     <span class='ocr_line' id='line_1_26' title="bbox 150 2355 1850 2419; baseline -0.005 -15"><span class='ocrx_word' id='word_1_243' title='bbox 150 2377 302 2419; x_wconf 73' lang='lat' dir='ltr'><strong>saepe,</strong></span> <span class='ocrx_word' id='word_1_244' title='bbox 345 2377 489 2412; x_wconf 65' lang='lat' dir='ltr'><strong>nunc,</strong></span> <span class='ocrx_word' id='word_1_245' title='bbox 533 2367 578 2405; x_wconf 87' lang='lat' dir='ltr'><strong>et</strong></span> <span class='ocrx_word' id='word_1_246' title='bbox 611 2364 650 2405; x_wconf 87' lang='lat' dir='ltr'><strong>si</strong></span> <span class='ocrx_word' id='word_1_247' title='bbox 680 2361 785 2417; x_wconf 87' lang='lat' dir='ltr'><strong>quid</strong></span> <span class='ocrx_word' id='word_1_248' title='bbox 825 2360 943 2404; x_wconf 83' lang='lat' dir='ltr'><strong>aliud</strong></span> <span class='ocrx_word' id='word_1_249' title='bbox 977 2366 1044 2403; x_wconf 86' lang='lat' dir='ltr'><strong>est</strong></span> <span class='ocrx_word' id='word_1_250' title='bbox 1086 2359 1342 2402; x_wconf 84' lang='lat' dir='ltr'><strong>huiusmodi.</strong></span> <span class='ocrx_word' id='word_1_251' title='bbox 1374 2382 1432 2391; x_wconf 91' lang='lat'><strong>—-</strong></span> <span class='ocrx_word' id='word_1_252' title='bbox 1495 2370 1652 2412; x_wconf 80' lang='lat' dir='ltr'><strong>gyro,</strong></span> <span class='ocrx_word' id='word_1_253' title='bbox 1715 2355 1850 2398; x_wconf 83' lang='lat' dir='ltr'><strong>Vides</strong></span> 
     </span>
     <span class='ocr_line' id='line_1_27' title="bbox 150 2437 1853 2499; baseline -0.005 -11"><span class='ocrx_word' id='word_1_254' title='bbox 150 2446 236 2488; x_wconf 92' lang='lat' dir='ltr'><strong>duo</strong></span> <span class='ocrx_word' id='word_1_255' title='bbox 270 2446 478 2489; x_wconf 85' lang='lat' dir='ltr'><strong>exercitia</strong></span> <span class='ocrx_word' id='word_1_256' title='bbox 510 2444 743 2499; x_wconf 85' lang='lat' dir='ltr'><strong>distingui,</strong></span> <span class='ocrx_word' id='word_1_257' title='bbox 785 2444 965 2487; x_wconf 84' lang='lat' dir='ltr'><strong>incitare</strong></span> <span class='ocrx_word' id='word_1_258' title='bbox 999 2456 1156 2497; x_wconf 87' lang='lat' dir='ltr'><strong>equum</strong></span> <span class='ocrx_word' id='word_1_259' title='bbox 1189 2442 1354 2484; x_wconf 89' lang='lat' dir='ltr'><strong>directo</strong></span> <span class='ocrx_word' id='word_1_260' title='bbox 1385 2453 1513 2483; x_wconf 88' lang='lat' dir='ltr'><strong>cursu</strong></span> <span class='ocrx_word' id='word_1_261' title='bbox 1545 2439 1613 2482; x_wconf 83' lang='lat' dir='ltr'><strong>vei</strong></span> <span class='ocrx_word' id='word_1_262' title='bbox 1655 2437 1853 2480; x_wconf 85' lang='lat' dir='ltr'><strong>adductis</strong></span> 
     </span>
     <span class='ocr_line' id='line_1_28' title="bbox 148 2523 1853 2583; baseline -0.005 -11"><span class='ocrx_word' id='word_1_263' title='bbox 148 2530 309 2573; x_wconf 76' lang='lat' dir='ltr'><strong>fraenis</strong></span> <span class='ocrx_word' id='word_1_264' title='bbox 339 2535 548 2573; x_wconf 85' lang='lat' dir='ltr'><strong>retortum</strong></span> <span class='ocrx_word' id='word_1_265' title='bbox 579 2529 776 2572; x_wconf 87' lang='lat' dir='ltr'><strong>breviore</strong></span> <span class='ocrx_word' id='word_1_266' title='bbox 806 2541 917 2583; x_wconf 83' lang='lat' dir='ltr'><strong>gyro</strong></span> <span class='ocrx_word' id='word_1_267' title='bbox 948 2529 1254 2582; x_wconf 87' lang='lat' dir='ltr'><strong>circumagere.</strong></span> <span class='ocrx_word' id='word_1_268' title='bbox 1319 2526 1417 2570; x_wconf 84' lang='lat' dir='ltr'><strong>Vox</strong></span> <span class='ocrx_word' id='word_1_269' title='bbox 1448 2526 1621 2582; x_wconf 86' lang='lat' dir='ltr'><strong>propria</strong></span> <span class='ocrx_word' id='word_1_270' title='bbox 1653 2524 1695 2566; x_wconf 89' lang='lat' dir='ltr'><strong>in</strong></span> <span class='ocrx_word' id='word_1_271' title='bbox 1729 2523 1853 2577; x_wconf 89' lang='lat' dir='ltr'><strong>equi-</strong></span> 
     </span>
     <span class='ocr_line' id='line_1_29' title="bbox 148 2604 1853 2666; baseline -0.006 -9"><span class='ocrx_word' id='word_1_272' title='bbox 148 2615 336 2666; x_wconf 85' lang='lat' dir='ltr'><strong>tatione,</strong></span> <span class='ocrx_word' id='word_1_273' title='bbox 385 2613 439 2657; x_wconf 79' lang='lat' dir='ltr'><strong>ct&#39;.</strong></span> <span class='ocrx_word' id='word_1_274' title='bbox 471 2613 700 2656; x_wconf 70' lang='lat' dir='ltr'><strong>Hmmmn</strong></span> <span class='ocrx_word' id='word_1_275' title='bbox 733 2613 788 2655; x_wconf 84' lang='lat' dir='ltr'><strong>ad</strong></span> <span class='ocrx_word' id='word_1_276' title='bbox 823 2611 862 2656; x_wconf 83' lang='lat' dir='ltr'><strong>h.</strong></span> <span class='ocrx_word' id='word_1_277' title='bbox 894 2613 923 2657; x_wconf 90' lang='lat' dir='ltr'><strong>l.</strong></span> <span class='ocrx_word' id='word_1_278' title='bbox 994 2613 1083 2655; x_wconf 91' lang='lat' dir='ltr'><strong>Pro</strong></span> <span class='ocrx_word' id='word_1_279' title='bbox 1124 2609 1383 2652; x_wconf 87' lang='lat' dir='ltr'><strong>contendere</strong></span> <span class='ocrx_word' id='word_1_280' title='bbox 1424 2613 1596 2660; x_wconf 83' lang='lat' dir='ltr'><strong>autem,</strong></span> <span class='ocrx_word' id='word_1_281' title='bbox 1639 2605 1754 2661; x_wconf 91' lang='lat' dir='ltr'><strong>quod</strong></span> <span class='ocrx_word' id='word_1_282' title='bbox 1786 2604 1853 2647; x_wconf 85' lang='lat' dir='ltr'><strong>bis</strong></span> 
     </span>
     <span class='ocr_line' id='line_1_30' title="bbox 147 2689 1854 2750; baseline -0.006 -10"><span class='ocrx_word' id='word_1_283' title='bbox 147 2696 215 2740; x_wconf 82' lang='lat' dir='ltr'><strong>hic</strong></span> <span class='ocrx_word' id='word_1_284' title='bbox 256 2697 341 2739; x_wconf 90' lang='lat' dir='ltr'><strong>dici</strong></span> <span class='ocrx_word' id='word_1_285' title='bbox 381 2696 554 2750; x_wconf 83' lang='lat' dir='ltr'><strong>nequit,</strong></span> <span class='ocrx_word' id='word_1_286' title='bbox 599 2694 880 2738; x_wconf 81' lang='lat' dir='ltr'><strong>substitutum</strong></span> <span class='ocrx_word' id='word_1_287' title='bbox 911 2707 938 2736; x_wconf 88' lang='lat' dir='ltr'><strong>a</strong></span> <span class='ocrx_word' id='word_1_288' title='bbox 968 2694 1299 2736; x_wconf 76' lang='lat' dir='ltr'><strong>Bnoucxmssm</strong></span> <span class='ocrx_word' id='word_1_289' title='bbox 1334 2689 1586 2747; x_wconf 84' lang='lat' dir='ltr'><strong>compellere</strong></span> <span class='ocrx_word' id='word_1_290' title='bbox 1627 2689 1738 2731; x_wconf 89' lang='lat' dir='ltr'><strong>bene</strong></span> <span class='ocrx_word' id='word_1_291' title='bbox 1773 2700 1854 2730; x_wconf 87' lang='lat' dir='ltr'><strong>ex-</strong></span> 
     </span>
     <span class='ocr_line' id='line_1_31' title="bbox 146 2770 1851 2838; baseline -0.008 -13"><span class='ocrx_word' id='word_1_292' title='bbox 146 2783 278 2838; x_wconf 85' lang='lat' dir='ltr'><strong>plosit</strong></span> <span class='ocrx_word' id='word_1_293' title='bbox 306 2783 516 2834; x_wconf 82' lang='lat' dir='ltr'><strong>Vossms,</strong></span> <span class='ocrx_word' id='word_1_294' title='bbox 559 2779 675 2823; x_wconf 89' lang='lat' dir='ltr'><strong>unde</strong></span> <span class='ocrx_word' id='word_1_295' title='bbox 717 2780 985 2823; x_wconf 77' lang='lat' dir='ltr'><strong>Huscmmrs</strong></span> <span class='ocrx_word' id='word_1_296' title='bbox 1027 2791 1124 2821; x_wconf 87' lang='lat' dir='ltr'><strong>cum</strong></span> <span class='ocrx_word' id='word_1_297' title='bbox 1157 2778 1331 2820; x_wconf 74' lang='lat' dir='ltr'><strong>Cnusro</strong></span> <span class='ocrx_word' id='word_1_298' title='bbox 1372 2782 1623 2818; x_wconf 77' lang='lat' dir='ltr'><strong>convertere</strong></span> <span class='ocrx_word' id='word_1_299' title='bbox 1662 2770 1851 2823; x_wconf 88' lang='lat' dir='ltr'><strong>coniicit,</strong></span> 
     </span>
     <span class='ocr_line' id='line_1_32' title="bbox 146 2853 1851 2923; baseline -0.01 -13"><span class='ocrx_word' id='word_1_300' title='bbox 146 2878 400 2923; x_wconf 85' lang='lat' dir='ltr'><strong>comparans</strong></span> <span class='ocrx_word' id='word_1_301' title='bbox 431 2864 530 2908; x_wconf 75' lang='lat' dir='ltr'><strong>Clo.</strong></span> <span class='ocrx_word' id='word_1_302' title='bbox 565 2863 697 2908; x_wconf 78' lang='lat' dir='ltr'><strong>Acad.</strong></span> <span class='ocrx_word' id='word_1_303' title='bbox 728 2864 797 2917; x_wconf 87' lang='grc' dir='ltr'><strong>ΙΙ,</strong></span> <span class='ocrx_word' id='word_1_304' title='bbox 826 2866 900 2905; x_wconf 81' lang='lat'><strong>20.</strong></span> <span class='ocrx_word' id='word_1_305' title='bbox 933 2863 988 2906; x_wconf 90' lang='lat' dir='ltr'><strong>de</strong></span> <span class='ocrx_word' id='word_1_306' title='bbox 1021 2863 1270 2916; x_wconf 87' lang='lat' dir='ltr'><strong>Cynosura:</strong></span> <span class='ocrx_word' id='word_1_307' title='bbox 1314 2861 1441 2917; x_wconf 80' lang='lat' dir='ltr'><strong>Quae</strong></span> <span class='ocrx_word' id='word_1_308' title='bbox 1473 2871 1607 2900; x_wconf 77' lang='lat' dir='ltr'><strong>cursu</strong></span> <span class='ocrx_word' id='word_1_309' title='bbox 1641 2853 1851 2896; x_wconf 85' lang='lat' dir='ltr'><strong>interiore</strong></span> 
     </span>
     <span class='ocr_line' id='line_1_33' title="bbox 147 2940 1850 2996; baseline -0.007 -5"><span class='ocrx_word' id='word_1_310' title='bbox 147 2948 268 2991; x_wconf 73' lang='lat' dir='ltr'><strong>brevi</strong></span> <span class='ocrx_word' id='word_1_311' title='bbox 306 2947 584 2990; x_wconf 82' lang='lat' dir='ltr'><strong>convertitur</strong></span> <span class='ocrx_word' id='word_1_312' title='bbox 622 2945 737 2992; x_wconf 79' lang='lat' dir='ltr'><strong>orbe.</strong></span> <span class='ocrx_word' id='word_1_313' title='bbox 799 2947 908 2990; x_wconf 86' lang='lat' dir='ltr'><strong>Cum</strong></span> <span class='ocrx_word' id='word_1_314' title='bbox 945 2947 1158 2990; x_wconf 85' lang='lat' dir='ltr'><strong>exciderit</strong></span> <span class='ocrx_word' id='word_1_315' title='bbox 1193 2959 1294 2989; x_wconf 86' lang='lat' dir='ltr'><strong>vera</strong></span> <span class='ocrx_word' id='word_1_316' title='bbox 1335 2957 1444 2996; x_wconf 82' lang='lat' dir='ltr'><strong>vox,</strong></span> <span class='ocrx_word' id='word_1_317' title='bbox 1491 2955 1576 2985; x_wconf 91' lang='lat' dir='ltr'><strong>non</strong></span> <span class='ocrx_word' id='word_1_318' title='bbox 1616 2940 1850 2996; x_wconf 83' lang='lat' dir='ltr'><strong>depravata</strong></span> 
     </span>
     <span class='ocr_line' id='line_1_34' title="bbox 147 3025 1847 3088; baseline -0.007 -11"><span class='ocrx_word' id='word_1_319' title='bbox 147 3035 203 3078; x_wconf 89' lang='lat' dir='ltr'><strong>sit</strong></span> <span class='ocrx_word' id='word_1_320' title='bbox 232 3033 482 3086; x_wconf 88' lang='lat' dir='ltr'><strong>scribendo,</strong></span> <span class='ocrx_word' id='word_1_321' title='bbox 524 3033 665 3088; x_wconf 85' lang='lat' dir='ltr'><strong>possis</strong></span> <span class='ocrx_word' id='word_1_322' title='bbox 698 3033 828 3076; x_wconf 84' lang='lat' dir='ltr'><strong>etiam</strong></span> <span class='ocrx_word' id='word_1_323' title='bbox 861 3031 1092 3074; x_wconf 78' lang='lat' dir='ltr'><strong>decurrere</strong></span> <span class='ocrx_word' id='word_1_324' title='bbox 1124 3030 1453 3081; x_wconf 87' lang='lat' dir='ltr'><strong>commendare,</strong></span> <span class='ocrx_word' id='word_1_325' title='bbox 1493 3032 1542 3070; x_wconf 90' lang='lat' dir='ltr'><strong>ut</strong></span> <span class='ocrx_word' id='word_1_326' title='bbox 1574 3030 1640 3069; x_wconf 87' lang='lat' dir='ltr'><strong>est</strong></span> <span class='ocrx_word' id='word_1_327' title='bbox 1671 3025 1847 3067; x_wconf 73' lang='lat' dir='ltr'><strong>Coum.</strong></span> 
     </span>
     <span class='ocr_line' id='line_1_35' title="bbox 144 3111 1849 3171; baseline -0.008 -11"><span class='ocrx_word' id='word_1_328' title='bbox 144 3118 214 3171; x_wconf 86' lang='lat' dir='ltr'><strong>X,</strong></span> <span class='ocrx_word' id='word_1_329' title='bbox 243 3121 360 3159; x_wconf 82' lang='lat'><strong>225:</strong></span> <span class='ocrx_word' id='word_1_330' title='bbox 406 3118 483 3157; x_wconf 85' lang='lat' dir='ltr'><strong>Me</strong></span> <span class='ocrx_word' id='word_1_331' title='bbox 526 3129 622 3156; x_wconf 87' lang='lat' dir='ltr'><strong>mea</strong></span> <span class='ocrx_word' id='word_1_332' title='bbox 659 3113 854 3170; x_wconf 82' lang='lat' dir='ltr'><strong>Calliope</strong></span> <span class='ocrx_word' id='word_1_333' title='bbox 896 3128 1006 3154; x_wconf 78' lang='lat' dir='ltr'><strong>cura</strong></span> <span class='ocrx_word' id='word_1_334' title='bbox 1048 3113 1210 3155; x_wconf 79' lang='lat' dir='ltr'><strong>leviore</strong></span> <span class='ocrx_word' id='word_1_335' title='bbox 1249 3118 1488 3169; x_wconf 75' lang='lat' dir='ltr'><strong>vagantem</strong></span> <span class='ocrx_word' id='word_1_336' title='bbox 1519 3111 1620 3149; x_wconf 85' lang='lat' dir='ltr'><strong>Iam</strong></span> <span class='ocrx_word' id='word_1_337' title='bbox 1670 3113 1849 3148; x_wconf 80' lang='lat' dir='ltr'><strong>revocat</strong></span> 
     </span>
     <span class='ocr_line' id='line_1_36' title="bbox 140 3189 1849 3259; baseline -0.008 -16"><span class='ocrx_word' id='word_1_338' title='bbox 140 3215 369 3259; x_wconf 81' lang='lat' dir='ltr'><strong>parvoque</strong></span> <span class='ocrx_word' id='word_1_339' title='bbox 409 3197 794 3245; x_wconf 63' lang='lat' dir='ltr'><strong>iuberdecurrere</strong></span> <span class='ocrx_word' id='word_1_340' title='bbox 830 3213 960 3255; x_wconf 82' lang='lat' dir='ltr'><strong>gyro.</strong></span> <span class='ocrx_word' id='word_1_341' title='bbox 1038 3198 1224 3239; x_wconf 74' lang='lat' dir='ltr'><strong>Vossius</strong></span> <span class='ocrx_word' id='word_1_342' title='bbox 1269 3195 1336 3238; x_wconf 86' lang='lat' dir='ltr'><strong>hic</strong></span> <span class='ocrx_word' id='word_1_343' title='bbox 1379 3192 1637 3235; x_wconf 79' lang='lat' dir='ltr'><strong>contendere</strong></span> <span class='ocrx_word' id='word_1_344' title='bbox 1677 3189 1849 3241; x_wconf 80' lang='lat' dir='ltr'><strong>retinet,</strong></span> 
     </span>
     <span class='ocr_line' id='line_1_37' title="bbox 147 3271 1846 3339; baseline -0.01 -10"><span class='ocrx_word' id='word_1_345' title='bbox 147 3291 192 3330; x_wconf 89' lang='lat' dir='ltr'><strong>et</strong></span> <span class='ocrx_word' id='word_1_346' title='bbox 223 3287 264 3328; x_wconf 89' lang='lat' dir='ltr'><strong>iu</strong></span> <span class='ocrx_word' id='word_1_347' title='bbox 303 3283 573 3327; x_wconf 87' lang='lat' dir='ltr'><strong>antecedenti</strong></span> <span class='ocrx_word' id='word_1_348' title='bbox 616 3296 742 3326; x_wconf 83' lang='lat' dir='ltr'><strong>versu</strong></span> <span class='ocrx_word' id='word_1_349' title='bbox 776 3280 1022 3339; x_wconf 76' lang='lat' dir='ltr'><strong>propellere</strong></span> <span class='ocrx_word' id='word_1_350' title='bbox 1056 3281 1254 3323; x_wconf 84' lang='lat' dir='ltr'><strong>emendat</strong></span> <span class='ocrx_word' id='word_1_351' title='bbox 1289 3293 1367 3335; x_wconf 86' lang='lat' dir='ltr'><strong>pro</strong></span> <span class='ocrx_word' id='word_1_352' title='bbox 1401 3274 1684 3320; x_wconf 82' lang='lat' dir='ltr'><strong>contendere,</strong></span> <span class='ocrx_word' id='word_1_353' title='bbox 1731 3271 1846 3326; x_wconf 84' lang='lat' dir='ltr'><strong>quod</strong></span> 
     </span>
     <span class='ocr_line' id='line_1_38' title="bbox 147 3355 1849 3414; baseline -0.009 -3"><span class='ocrx_word' id='word_1_354' title='bbox 147 3375 290 3411; x_wconf 86' lang='lat' dir='ltr'><strong>tamen</strong></span> <span class='ocrx_word' id='word_1_355' title='bbox 332 3367 597 3410; x_wconf 68' lang='lat' dir='ltr'><strong>Huscnst</strong></span> <span class='ocrx_word' id='word_1_356' title='bbox 640 3369 787 3408; x_wconf 81' lang='lat' dir='ltr'><strong>tuetur</strong></span> <span class='ocrx_word' id='word_1_357' title='bbox 826 3365 983 3407; x_wconf 79' lang='lat' dir='ltr'><strong>collato</strong></span> <span class='ocrx_word' id='word_1_358' title='bbox 1025 3366 1211 3407; x_wconf 76' lang='lat' dir='ltr'><strong>Vmeu..</strong></span> <span class='ocrx_word' id='word_1_359' title='bbox 1251 3364 1358 3406; x_wconf 83' lang='lat' dir='ltr'><strong>Aen.</strong></span> <span class='ocrx_word' id='word_1_360' title='bbox 1392 3361 1445 3414; x_wconf 92' lang='lat' dir='ltr'><strong>V,</strong></span> <span class='ocrx_word' id='word_1_361' title='bbox 1473 3363 1588 3403; x_wconf 75' lang='lat'><strong>291:</strong></span> <span class='ocrx_word' id='word_1_362' title='bbox 1641 3355 1731 3397; x_wconf 86' lang='lat' dir='ltr'><strong>Ilic</strong></span> <span class='ocrx_word' id='word_1_363' title='bbox 1773 3355 1849 3412; x_wconf 80' lang='lat' dir='ltr'><strong>qui</strong></span> 
     </span>
    </p>
   </div>
  </div>
 </body>
</html>
