<?xml version="1.0" encoding="UTF-8"?>
<!DOCTYPE html PUBLIC "-//W3C//DTD XHTML 1.0 Transitional//EN"
    "http://www.w3.org/TR/xhtml1/DTD/xhtml1-transitional.dtd">
<html xmlns="http://www.w3.org/1999/xhtml" xml:lang="en" lang="en">
 <head>
  <title>
</title>
<meta http-equiv="Content-Type" content="text/html;charset=utf-8" />
  <meta name='ocr-system' content='tesseract 3.04.00' />
  <meta name='ocr-capabilities' content='ocr_page ocr_carea ocr_par ocr_line ocrx_word'/>
</head>
<body>
  <div class='ocr_page' id='page_1' title='image "./carminaexrecensi01tibuuoft_0402.png"; bbox 0 0 2158 3750; ppageno 0'>
   <div class='ocr_carea' id='block_1_1' title="bbox 302 287 1601 346">
    <p class='ocr_par' dir='ltr' id='par_1_1' title="bbox 302 287 1601 346">
     <span class='ocr_line' id='line_1_1' title="bbox 302 287 1601 346; baseline 0.008 -10"><span class='ocrx_word' id='word_1_1' title='bbox 302 296 327 336; x_wconf 89' lang='lat'>7</span> <span class='ocrx_word' id='word_1_2' title='bbox 337 297 366 336; x_wconf 92' lang='grc' dir='ltr'>Ο</span> <span class='ocrx_word' id='word_1_3' title='bbox 703 287 1168 343; x_wconf 80' lang='lat' dir='ltr'><strong>COMMENTAR.</strong></span> <span class='ocrx_word' id='word_1_4' title='bbox 1202 291 1276 343; x_wconf 81' lang='lat' dir='ltr'><strong>IN</strong></span> <span class='ocrx_word' id='word_1_5' title='bbox 1315 291 1601 346; x_wconf 86' lang='lat' dir='ltr'>TIBULLI</span> 
     </span>
    </p>
   </div>
   <div class='ocr_carea' id='block_1_2' title="bbox 294 435 2014 3495">
    <p class='ocr_par' dir='ltr' id='par_1_2' title="bbox 294 435 2014 3495">
     <span class='ocr_line' id='line_1_2' title="bbox 304 435 1995 489; baseline -0.001 -10"><span class='ocrx_word' id='word_1_6' title='bbox 304 437 438 481; x_wconf 81' lang='lat' dir='ltr'><strong>Ovm.</strong></span> <span class='ocrx_word' id='word_1_7' title='bbox 466 437 572 480; x_wconf 82' lang='lat' dir='ltr'><strong>Met.</strong></span> <span class='ocrx_word' id='word_1_8' title='bbox 604 436 698 489; x_wconf 64' lang='lat' dir='ltr'><strong>Vll,</strong></span> <span class='ocrx_word' id='word_1_9' title='bbox 724 440 826 478; x_wconf 81' lang='lat'><strong>590.</strong></span> <span class='ocrx_word' id='word_1_10' title='bbox 889 436 953 478; x_wconf 87' lang='lat' dir='ltr'><strong>Ac</strong></span> <span class='ocrx_word' id='word_1_11' title='bbox 981 435 1286 479; x_wconf 79' lang='lat' dir='ltr'>recordabatur</span> <span class='ocrx_word' id='word_1_12' title='bbox 1318 436 1533 480; x_wconf 67' lang='lat' dir='ltr'><strong>Hermus</strong></span> <span class='ocrx_word' id='word_1_13' title='bbox 1566 438 1827 483; x_wconf 89' lang='lat' dir='ltr'><strong>locutionem</strong></span> <span class='ocrx_word' id='word_1_14' title='bbox 1859 437 1995 482; x_wconf 75' lang='lat' dir='ltr'><strong>verba</strong></span> 
     </span>
     <span class='ocr_line' id='line_1_3' title="bbox 301 520 1993 577; baseline 0.002 -16"><span class='ocrx_word' id='word_1_15' title='bbox 301 521 478 566; x_wconf 60' lang='lat' dir='ltr'><strong>votiva,</strong></span> <span class='ocrx_word' id='word_1_16' title='bbox 512 520 550 562; x_wconf 78' lang='lat' dir='ltr'><strong>h.</strong></span> <span class='ocrx_word' id='word_1_17' title='bbox 584 535 620 563; x_wconf 89' lang='lat' dir='ltr'><strong>e.</strong></span> <span class='ocrx_word' id='word_1_18' title='bbox 653 520 806 574; x_wconf 87' lang='lat' dir='ltr'><strong>quibus</strong></span> <span class='ocrx_word' id='word_1_19' title='bbox 840 521 1000 563; x_wconf 90' lang='lat' dir='ltr'><strong>utimur</strong></span> <span class='ocrx_word' id='word_1_20' title='bbox 1029 521 1072 564; x_wconf 91' lang='lat' dir='ltr'><strong>in</strong></span> <span class='ocrx_word' id='word_1_21' title='bbox 1105 522 1239 575; x_wconf 85' lang='lat' dir='ltr'><strong>votis,</strong></span> <span class='ocrx_word' id='word_1_22' title='bbox 1283 521 1436 577; x_wconf 86' lang='lat' dir='ltr'><strong>quibus</strong></span> <span class='ocrx_word' id='word_1_23' title='bbox 1467 533 1685 565; x_wconf 83' lang='lat' dir='ltr'><strong>vovemus.</strong></span> <span class='ocrx_word' id='word_1_24' title='bbox 1746 521 1860 566; x_wconf 80' lang='lat' dir='ltr'><strong>vide</strong></span> <span class='ocrx_word' id='word_1_25' title='bbox 1888 534 1993 565; x_wconf 86' lang='lat' dir='ltr'><strong>vero</strong></span> 
     </span>
     <span class='ocr_line' id='line_1_4' title="bbox 303 605 1996 660; baseline -0.001 -13"><span class='ocrx_word' id='word_1_26' title='bbox 303 611 440 647; x_wconf 84' lang='lat' dir='ltr'><strong>totum</strong></span> <span class='ocrx_word' id='word_1_27' title='bbox 485 606 624 647; x_wconf 84' lang='lat' dir='ltr'><strong>iocum</strong></span> <span class='ocrx_word' id='word_1_28' title='bbox 666 605 841 647; x_wconf 84' lang='lat' dir='ltr'><strong>Tibulli.</strong></span> <span class='ocrx_word' id='word_1_29' title='bbox 906 606 993 651; x_wconf 83' lang='lat' dir='ltr'><strong>Qui</strong></span> <span class='ocrx_word' id='word_1_30' title='bbox 1033 612 1133 649; x_wconf 85' lang='lat' dir='ltr'><strong>vota</strong></span> <span class='ocrx_word' id='word_1_31' title='bbox 1177 606 1306 660; x_wconf 77' lang='lat' dir='ltr'><strong>facit,</strong></span> <span class='ocrx_word' id='word_1_32' title='bbox 1354 607 1422 648; x_wconf 88' lang='lat' dir='ltr'><strong>vel</strong></span> <span class='ocrx_word' id='word_1_33' title='bbox 1467 605 1661 660; x_wconf 84' lang='lat' dir='ltr'><strong>legitima</strong></span> <span class='ocrx_word' id='word_1_34' title='bbox 1703 617 1826 647; x_wconf 88' lang='lat' dir='ltr'><strong>sacra</strong></span> <span class='ocrx_word' id='word_1_35' title='bbox 1867 607 1996 647; x_wconf 87' lang='lat' dir='ltr'>vovet</span> 
     </span>
     <span class='ocr_line' id='line_1_5' title="bbox 301 686 1997 746; baseline -0.001 -17"><span class='ocrx_word' id='word_1_36' title='bbox 301 688 491 730; x_wconf 76' lang='lat' dir='ltr'>studiose</span> <span class='ocrx_word' id='word_1_37' title='bbox 519 701 567 730; x_wconf 89' lang='lat' dir='ltr'><strong>se</strong></span> <span class='ocrx_word' id='word_1_38' title='bbox 599 687 946 743; x_wconf 82' lang='lat' dir='ltr'><strong>observaturum,</strong></span> <span class='ocrx_word' id='word_1_39' title='bbox 981 690 1049 732; x_wconf 90' lang='lat' dir='ltr'><strong>vel</strong></span> <span class='ocrx_word' id='word_1_40' title='bbox 1083 690 1315 746; x_wconf 80' lang='lat' dir='ltr'>peculiaria</span> <span class='ocrx_word' id='word_1_41' title='bbox 1347 689 1555 745; x_wconf 84' lang='lat' dir='ltr'><strong>quaedam</strong></span> <span class='ocrx_word' id='word_1_42' title='bbox 1587 687 1810 745; x_wconf 88' lang='lat' dir='ltr'><strong>promittit.</strong></span> <span class='ocrx_word' id='word_1_43' title='bbox 1871 686 1997 729; x_wconf 84' lang='lat' dir='ltr'><strong>Delia</strong></span> 
     </span>
     <span class='ocr_line' id='line_1_6' title="bbox 302 770 1997 828; baseline 0.001 -17"><span class='ocrx_word' id='word_1_44' title='bbox 302 775 531 824; x_wconf 89' lang='lat' dir='ltr'><strong>utrumque</strong></span> <span class='ocrx_word' id='word_1_45' title='bbox 562 770 736 813; x_wconf 81' lang='lat' dir='ltr'><strong>fecerat.</strong></span> <span class='ocrx_word' id='word_1_46' title='bbox 808 771 975 815; x_wconf 89' lang='lat' dir='ltr'><strong>Sedere</strong></span> <span class='ocrx_word' id='word_1_47' title='bbox 1004 772 1177 816; x_wconf 85' lang='lat' dir='ltr'><strong>volebat</strong></span> <span class='ocrx_word' id='word_1_48' title='bbox 1205 778 1306 816; x_wconf 90' lang='lat' dir='ltr'><strong>ante</strong></span> <span class='ocrx_word' id='word_1_49' title='bbox 1337 773 1545 828; x_wconf 91' lang='lat' dir='ltr'><strong>templum</strong></span> <span class='ocrx_word' id='word_1_50' title='bbox 1577 784 1655 828; x_wconf 91' lang='lat' dir='ltr'><strong>per</strong></span> <span class='ocrx_word' id='word_1_51' title='bbox 1685 775 1854 814; x_wconf 89' lang='lat' dir='ltr'><strong>certum</strong></span> <span class='ocrx_word' id='word_1_52' title='bbox 1883 774 1997 812; x_wconf 91' lang='lat' dir='ltr'><strong>tem-</strong></span> 
     </span>
     <span class='ocr_line' id='line_1_7' title="bbox 302 853 2002 909; baseline 0.001 -17"><span class='ocrx_word' id='word_1_53' title='bbox 302 863 382 905; x_wconf 89' lang='lat' dir='ltr'><strong>pus</strong></span> <span class='ocrx_word' id='word_1_54' title='bbox 411 857 454 893; x_wconf 87' lang='lat' dir='ltr'><strong>et</strong></span> <span class='ocrx_word' id='word_1_55' title='bbox 484 857 708 908; x_wconf 86' lang='lat' dir='ltr'><strong>praeterea</strong></span> <span class='ocrx_word' id='word_1_56' title='bbox 739 853 867 897; x_wconf 87' lang='lat' dir='ltr'><strong>etiam</strong></span> <span class='ocrx_word' id='word_1_57' title='bbox 900 854 1117 909; x_wconf 81' lang='lat' dir='ltr'><strong>legitimos</strong></span> <span class='ocrx_word' id='word_1_58' title='bbox 1155 854 1335 909; x_wconf 83' lang='lat' dir='ltr'>hymnos</span> <span class='ocrx_word' id='word_1_59' title='bbox 1366 854 1474 898; x_wconf 86' lang='lat' dir='ltr'><strong>deae</strong></span> <span class='ocrx_word' id='word_1_60' title='bbox 1506 854 1572 897; x_wconf 89' lang='lat' dir='ltr'><strong>bis</strong></span> <span class='ocrx_word' id='word_1_61' title='bbox 1603 867 1760 898; x_wconf 88' lang='lat' dir='ltr'><strong>cauere</strong></span> <span class='ocrx_word' id='word_1_62' title='bbox 1793 865 1892 896; x_wconf 91' lang='lat' dir='ltr'><strong>cum</strong></span> <span class='ocrx_word' id='word_1_63' title='bbox 1924 864 2002 894; x_wconf 84' lang='lat' dir='ltr'><strong>ce-</strong></span> 
     </span>
     <span class='ocr_line' id='line_1_8' title="bbox 302 931 2000 994; baseline 0.002 -19"><span class='ocrx_word' id='word_1_64' title='bbox 302 940 394 976; x_wconf 89' lang='lat' dir='ltr'><strong>tera</strong></span> <span class='ocrx_word' id='word_1_65' title='bbox 425 934 551 976; x_wconf 88' lang='lat' dir='ltr'><strong>turba</strong></span> <span class='ocrx_word' id='word_1_66' title='bbox 582 931 698 978; x_wconf 85' lang='lat' dir='ltr'><strong>horis</strong></span> <span class='ocrx_word' id='word_1_67' title='bbox 729 936 973 990; x_wconf 80' lang='lat' dir='ltr'><strong>consuetis3</strong></span> <span class='ocrx_word' id='word_1_68' title='bbox 1017 949 1115 980; x_wconf 86' lang='lat' dir='ltr'><strong>nam</strong></span> <span class='ocrx_word' id='word_1_69' title='bbox 1147 938 1277 980; x_wconf 89' lang='lat' dir='ltr'><strong>etiam</strong></span> <span class='ocrx_word' id='word_1_70' title='bbox 1308 936 1388 981; x_wconf 90' lang='lat' dir='ltr'><strong>hoc</strong></span> <span class='ocrx_word' id='word_1_71' title='bbox 1429 951 1478 981; x_wconf 87' lang='lat' dir='ltr'><strong>se</strong></span> <span class='ocrx_word' id='word_1_72' title='bbox 1507 939 1678 982; x_wconf 86' lang='lat' dir='ltr'><strong>vovisse</strong></span> <span class='ocrx_word' id='word_1_73' title='bbox 1707 936 1861 994; x_wconf 86' lang='lat' dir='ltr'><strong>probat</strong></span> <span class='ocrx_word' id='word_1_74' title='bbox 1899 947 2000 980; x_wconf 87' lang='lat' dir='ltr'><strong>ver-</strong></span> 
     </span>
     <span class='ocr_line' id='line_1_9' title="bbox 303 1016 2003 1075; baseline 0.004 -18"><span class='ocrx_word' id='word_1_75' title='bbox 303 1016 404 1059; x_wconf 90' lang='lat' dir='ltr'><strong>bum</strong></span> <span class='ocrx_word' id='word_1_76' title='bbox 434 1016 460 1059; x_wconf 89' lang='lat' dir='ltr'><strong>d</strong></span> <span class='ocrx_word' id='word_1_77' title='bbox 475 1017 538 1060; x_wconf 91' lang='lat' dir='ltr'><strong>eb</strong></span> <span class='ocrx_word' id='word_1_78' title='bbox 553 1022 656 1060; x_wconf 87' lang='lat' dir='ltr'><strong>eat.</strong></span> <span class='ocrx_word' id='word_1_79' title='bbox 718 1018 786 1060; x_wconf 90' lang='lat' dir='ltr'><strong>Ad</strong></span> <span class='ocrx_word' id='word_1_80' title='bbox 811 1024 950 1063; x_wconf 90' lang='lat' dir='ltr'><strong>totum</strong></span> <span class='ocrx_word' id='word_1_81' title='bbox 971 1017 1054 1062; x_wconf 88' lang='lat' dir='ltr'><strong>hoc</strong></span> <span class='ocrx_word' id='word_1_82' title='bbox 1078 1020 1294 1075; x_wconf 80' lang='lat' dir='ltr'><strong>pertinent</strong></span> <span class='ocrx_word' id='word_1_83' title='bbox 1324 1034 1448 1062; x_wconf 81' lang='lat' dir='ltr'><strong>voces</strong></span> <span class='ocrx_word' id='word_1_84' title='bbox 1470 1019 1664 1065; x_wconf 76' lang='lat' dir='ltr'><strong>votivae.</strong></span> <span class='ocrx_word' id='word_1_85' title='bbox 1725 1020 1800 1063; x_wconf 87' lang='lat' dir='ltr'><strong>Sic</strong></span> <span class='ocrx_word' id='word_1_86' title='bbox 1822 1032 1907 1063; x_wconf 91' lang='lat' dir='ltr'><strong>non</strong></span> <span class='ocrx_word' id='word_1_87' title='bbox 1929 1033 2003 1063; x_wconf 90' lang='lat' dir='ltr'><strong>re-</strong></span> 
     </span>
     <span class='ocr_line' id='line_1_10' title="bbox 301 1102 2001 1163; baseline 0.004 -18"><span class='ocrx_word' id='word_1_88' title='bbox 301 1102 444 1157; x_wconf 83' lang='lat' dir='ltr'><strong>perias</strong></span> <span class='ocrx_word' id='word_1_89' title='bbox 475 1116 647 1147; x_wconf 86' lang='lat' dir='ltr'><strong>sensum</strong></span> <span class='ocrx_word' id='word_1_90' title='bbox 678 1104 732 1147; x_wconf 87' lang='lat' dir='ltr'><strong>ab</strong></span> <span class='ocrx_word' id='word_1_91' title='bbox 763 1105 878 1147; x_wconf 90' lang='lat' dir='ltr'><strong>omni</strong></span> <span class='ocrx_word' id='word_1_92' title='bbox 908 1109 1032 1160; x_wconf 82' lang='lat' dir='ltr'><strong>parte</strong></span> <span class='ocrx_word' id='word_1_93' title='bbox 1061 1106 1275 1161; x_wconf 84' lang='lat' dir='ltr'><strong>aptiorem</strong></span> <span class='ocrx_word' id='word_1_94' title='bbox 1302 1106 1403 1160; x_wconf 91' lang='lat' dir='ltr'><strong>loci,</strong></span> <span class='ocrx_word' id='word_1_95' title='bbox 1433 1120 1691 1163; x_wconf 87' lang='lat' dir='ltr'><strong>quamquam</strong></span> <span class='ocrx_word' id='word_1_96' title='bbox 1721 1108 2001 1162; x_wconf 76' lang='lat' dir='ltr'><strong>concedimus</strong></span> 
     </span>
     <span class='ocr_line' id='line_1_11' title="bbox 301 1186 2003 1245; baseline 0.003 -17"><span class='ocrx_word' id='word_1_97' title='bbox 301 1187 343 1228; x_wconf 92' lang='lat' dir='ltr'><strong>in</strong></span> <span class='ocrx_word' id='word_1_98' title='bbox 376 1187 521 1242; x_wconf 82' lang='lat' dir='ltr'><strong>lingua</strong></span> <span class='ocrx_word' id='word_1_99' title='bbox 551 1201 648 1230; x_wconf 86' lang='lat' dir='ltr'><strong>esse</strong></span> <span class='ocrx_word' id='word_1_100' title='bbox 676 1187 792 1241; x_wconf 91' lang='lat' dir='ltr'><strong>quod</strong></span> <span class='ocrx_word' id='word_1_101' title='bbox 822 1186 1033 1230; x_wconf 84' lang='lat' dir='ltr'><strong>offendat.</strong></span> <span class='ocrx_word' id='word_1_102' title='bbox 1091 1187 1380 1230; x_wconf 88' lang='lat' dir='ltr'><strong>Statuendum</strong></span> <span class='ocrx_word' id='word_1_103' title='bbox 1410 1193 1478 1230; x_wconf 80' lang='lat' dir='ltr'><strong>est</strong></span> <span class='ocrx_word' id='word_1_104' title='bbox 1505 1189 1619 1232; x_wconf 90' lang='lat' dir='ltr'><strong>enim</strong></span> <span class='ocrx_word' id='word_1_105' title='bbox 1641 1189 1893 1245; x_wconf 64' lang='lat' dir='ltr'><strong>persolvere</strong></span> <span class='ocrx_word' id='word_1_106' title='bbox 1922 1205 2003 1233; x_wconf 76' lang='lat' dir='ltr'><strong>vo·-</strong></span> 
     </span>
     <span class='ocr_line' id='line_1_12' title="bbox 302 1270 2004 1329; baseline 0.002 -18"><span class='ocrx_word' id='word_1_107' title='bbox 302 1285 371 1312; x_wconf 82' lang='lat' dir='ltr'><strong>ces</strong></span> <span class='ocrx_word' id='word_1_108' title='bbox 400 1270 577 1313; x_wconf 78' lang='lat' dir='ltr'><strong>votivas</strong></span> <span class='ocrx_word' id='word_1_109' title='bbox 608 1270 769 1314; x_wconf 91' lang='lat' dir='ltr'><strong>dictum</strong></span> <span class='ocrx_word' id='word_1_110' title='bbox 799 1284 895 1315; x_wconf 82' lang='lat' dir='ltr'><strong>esse</strong></span> <span class='ocrx_word' id='word_1_111' title='bbox 925 1283 990 1327; x_wconf 91' lang='lat' dir='ltr'><strong>pr.</strong></span> <span class='ocrx_word' id='word_1_112' title='bbox 1022 1273 1272 1329; x_wconf 81' lang='lat' dir='ltr'><strong>persolvere</strong></span> <span class='ocrx_word' id='word_1_113' title='bbox 1301 1271 1420 1327; x_wconf 89' lang='lat' dir='ltr'><strong>quod</strong></span> <span class='ocrx_word' id='word_1_114' title='bbox 1448 1277 1597 1316; x_wconf 84' lang='lat' dir='ltr'><strong>votum</strong></span> <span class='ocrx_word' id='word_1_115' title='bbox 1626 1272 1805 1316; x_wconf 87' lang='lat' dir='ltr'><strong>vocibus</strong></span> <span class='ocrx_word' id='word_1_116' title='bbox 1834 1273 2004 1316; x_wconf 83' lang='lat' dir='ltr'><strong>votivis.</strong></span> 
     </span>
     <span class='ocr_line' id='line_1_13' title="bbox 302 1349 2005 1411; baseline 0.002 -14"><span class='ocrx_word' id='word_1_117' title='bbox 302 1354 378 1397; x_wconf 88' lang='lat' dir='ltr'><strong>Sic</strong></span> <span class='ocrx_word' id='word_1_118' title='bbox 408 1365 511 1397; x_wconf 78' lang='lat' dir='ltr'><strong>vero</strong></span> <span class='ocrx_word' id='word_1_119' title='bbox 542 1354 700 1397; x_wconf 86' lang='lat' dir='ltr'><strong>Graeci</strong></span> <span class='ocrx_word' id='word_1_120' title='bbox 731 1349 860 1408; x_wconf 71' lang='grc' dir='ltr'><em>εὐχᾶς</em></span> <span class='ocrx_word' id='word_1_121' title='bbox 890 1350 1132 1397; x_wconf 74' lang='grc' dir='ltr'><strong><em>ἀποδοῦναι</em></strong></span> <span class='ocrx_word' id='word_1_122' title='bbox 1161 1354 1332 1411; x_wconf 90' lang='lat' dir='ltr'><strong>dicunt,</strong></span> <span class='ocrx_word' id='word_1_123' title='bbox 1374 1361 1424 1400; x_wconf 93' lang='lat' dir='ltr'><strong>ut</strong></span> <span class='ocrx_word' id='word_1_124' title='bbox 1454 1361 1638 1400; x_wconf 81' lang='lat' dir='ltr'><strong>constat.</strong></span> <span class='ocrx_word' id='word_1_125' title='bbox 1709 1356 1838 1402; x_wconf 87' lang='lat' dir='ltr'><strong>Nunc</strong></span> <span class='ocrx_word' id='word_1_126' title='bbox 1867 1354 2005 1400; x_wconf 87' lang='lat' dir='ltr'><strong>adda-</strong></span> 
     </span>
     <span class='ocr_line' id='line_1_14' title="bbox 302 1438 2006 1500; baseline 0.004 -21"><span class='ocrx_word' id='word_1_127' title='bbox 302 1449 396 1480; x_wconf 81' lang='lat' dir='ltr'><strong>mus</strong></span> <span class='ocrx_word' id='word_1_128' title='bbox 421 1438 598 1493; x_wconf 90' lang='lat' dir='ltr'><strong>reliqua.</strong></span> <span class='ocrx_word' id='word_1_129' title='bbox 616 1462 675 1470; x_wconf 86' lang='lat'><strong>—-</strong></span> <span class='ocrx_word' id='word_1_130' title='bbox 704 1439 846 1483; x_wconf 85' lang='lat' dir='ltr'><strong>Ante</strong></span> <span class='ocrx_word' id='word_1_131' title='bbox 877 1439 1036 1485; x_wconf 77' lang='lat' dir='ltr'><strong>fores</strong></span> <span class='ocrx_word' id='word_1_132' title='bbox 1066 1440 1282 1486; x_wconf 81' lang='lat' dir='ltr'><strong>sedeat.</strong></span> <span class='ocrx_word' id='word_1_133' title='bbox 1343 1441 1566 1486; x_wconf 76' lang='lat' dir='ltr'><strong>Sedebant</strong></span> <span class='ocrx_word' id='word_1_134' title='bbox 1595 1440 1714 1485; x_wconf 81' lang='lat' dir='ltr'><strong>humi</strong></span> <span class='ocrx_word' id='word_1_135' title='bbox 1737 1444 1817 1500; x_wconf 83' lang='lat' dir='ltr'><strong>pro</strong></span> <span class='ocrx_word' id='word_1_136' title='bbox 1837 1441 2006 1486; x_wconf 78' lang='lat' dir='ltr'><strong>foribus</strong></span> 
     </span>
     <span class='ocr_line' id='line_1_15' title="bbox 303 1521 2006 1583; baseline 0.005 -21"><span class='ocrx_word' id='word_1_137' title='bbox 303 1521 452 1577; x_wconf 86' lang='lat' dir='ltr'><strong>templi</strong></span> <span class='ocrx_word' id='word_1_138' title='bbox 479 1527 553 1565; x_wconf 90' lang='lat' dir='ltr'><strong>aut</strong></span> <span class='ocrx_word' id='word_1_139' title='bbox 583 1527 684 1566; x_wconf 90' lang='lat' dir='ltr'><strong>ante</strong></span> <span class='ocrx_word' id='word_1_140' title='bbox 715 1536 832 1567; x_wconf 85' lang='lat' dir='ltr'><strong>aram</strong></span> <span class='ocrx_word' id='word_1_141' title='bbox 864 1529 910 1567; x_wconf 89' lang='lat' dir='ltr'><strong>et</strong></span> <span class='ocrx_word' id='word_1_142' title='bbox 938 1529 1124 1568; x_wconf 87' lang='lat' dir='ltr'><strong>statuam</strong></span> <span class='ocrx_word' id='word_1_143' title='bbox 1154 1525 1432 1568; x_wconf 77' lang='lat' dir='ltr'><strong>mulierculae</strong></span> <span class='ocrx_word' id='word_1_144' title='bbox 1463 1525 1782 1582; x_wconf 84' lang='lat' dir='ltr'><strong>supplicantes,</strong></span> <span class='ocrx_word' id='word_1_145' title='bbox 1821 1530 2006 1583; x_wconf 85' lang='lat' dir='ltr'><strong>peccata</strong></span> 
     </span>
     <span class='ocr_line' id='line_1_16' title="bbox 302 1605 2007 1666; baseline 0.002 -19"><span class='ocrx_word' id='word_1_146' title='bbox 302 1618 379 1648; x_wconf 88' lang='lat' dir='ltr'><strong>sua</strong></span> <span class='ocrx_word' id='word_1_147' title='bbox 410 1605 611 1660; x_wconf 82' lang='lat' dir='ltr'><strong>fatentes,</strong></span> <span class='ocrx_word' id='word_1_148' title='bbox 641 1613 741 1651; x_wconf 88' lang='lat' dir='ltr'><strong>vota</strong></span> <span class='ocrx_word' id='word_1_149' title='bbox 774 1609 1005 1652; x_wconf 84' lang='lat' dir='ltr'><strong>solventes.</strong></span> <span class='ocrx_word' id='word_1_150' title='bbox 1035 1610 1173 1653; x_wconf 85' lang='lat' dir='ltr'><strong>Ovm.</strong></span> <span class='ocrx_word' id='word_1_151' title='bbox 1203 1607 1346 1666; x_wconf 83' lang='lat' dir='ltr'><strong>Epist.</strong></span> <span class='ocrx_word' id='word_1_152' title='bbox 1379 1623 1435 1653; x_wconf 85' lang='lat' dir='ltr'><strong>ex</strong></span> <span class='ocrx_word' id='word_1_153' title='bbox 1465 1610 1608 1654; x_wconf 91' lang='lat' dir='ltr'><strong>Ponto</strong></span> <span class='ocrx_word' id='word_1_154' title='bbox 1637 1609 1673 1664; x_wconf 89' lang='grc' dir='ltr'><strong>Ι,</strong></span> <span class='ocrx_word' id='word_1_155' title='bbox 1706 1611 1748 1664; x_wconf 93' lang='lat'><strong>1,</strong></span> <span class='ocrx_word' id='word_1_156' title='bbox 1778 1612 1863 1653; x_wconf 74' lang='lat'><strong>51:</strong></span> <span class='ocrx_word' id='word_1_157' title='bbox 1900 1607 2007 1653; x_wconf 80' lang='lat' dir='ltr'><strong>Vidi</strong></span> 
     </span>
     <span class='ocr_line' id='line_1_17' title="bbox 300 1687 2006 1751; baseline 0.004 -24"><span class='ocrx_word' id='word_1_158' title='bbox 300 1701 380 1745; x_wconf 85' lang='lat' dir='ltr'><strong>ego</strong></span> <span class='ocrx_word' id='word_1_159' title='bbox 410 1687 626 1747; x_wconf 83' lang='lat' dir='ltr'><strong>linigerae</strong></span> <span class='ocrx_word' id='word_1_160' title='bbox 656 1706 817 1733; x_wconf 82' lang='lat' dir='ltr'><strong>numen</strong></span> <span class='ocrx_word' id='word_1_161' title='bbox 846 1690 1038 1735; x_wconf 77' lang='lat' dir='ltr'><strong>violasse</strong></span> <span class='ocrx_word' id='word_1_162' title='bbox 1063 1691 1297 1751; x_wconf 75' lang='lat' dir='ltr'><strong>fatentem</strong></span> <span class='ocrx_word' id='word_1_163' title='bbox 1326 1691 1487 1740; x_wconf 76' lang='lat' dir='ltr'><strong>Isidis,</strong></span> <span class='ocrx_word' id='word_1_164' title='bbox 1517 1691 1690 1735; x_wconf 74' lang='lat' dir='ltr'><strong>Isiacos·</strong></span> <span class='ocrx_word' id='word_1_165' title='bbox 1720 1698 1828 1735; x_wconf 82' lang='lat' dir='ltr'><strong>ante</strong></span> <span class='ocrx_word' id='word_1_166' title='bbox 1856 1690 2006 1735; x_wconf 72' lang='lat' dir='ltr'><strong>sedere</strong></span> 
     </span>
     <span class='ocr_line' id='line_1_18' title="bbox 294 1769 2005 1832; baseline 0.003 -21"><span class='ocrx_word' id='word_1_167' title='bbox 294 1769 441 1828; x_wconf 77' lang='lat' dir='ltr'><strong>socos.</strong></span> <span class='ocrx_word' id='word_1_168' title='bbox 489 1774 660 1817; x_wconf 89' lang='lat' dir='ltr'><strong>Amorr.</strong></span> <span class='ocrx_word' id='word_1_169' title='bbox 690 1773 748 1823; x_wconf 85' lang='lat'><strong>11,</strong></span> <span class='ocrx_word' id='word_1_170' title='bbox 783 1776 851 1828; x_wconf 80' lang='lat'><strong>13,</strong></span> <span class='ocrx_word' id='word_1_171' title='bbox 885 1776 941 1817; x_wconf 76' lang='lat'><strong>17</strong></span> <span class='ocrx_word' id='word_1_172' title='bbox 954 1789 966 1817; x_wconf 66' lang='grc' dir='ltr'><strong>ι</strong></span> <span class='ocrx_word' id='word_1_173' title='bbox 1011 1775 1152 1830; x_wconf 84' lang='lat' dir='ltr'><strong>Saepe</strong></span> <span class='ocrx_word' id='word_1_174' title='bbox 1184 1772 1268 1816; x_wconf 78' lang='lat' dir='ltr'><strong>tibi</strong></span> <span class='ocrx_word' id='word_1_175' title='bbox 1301 1774 1420 1816; x_wconf 77' lang='lat' dir='ltr'><strong>sedit</strong></span> <span class='ocrx_word' id='word_1_176' title='bbox 1451 1771 1585 1817; x_wconf 70' lang='lat' dir='ltr'><strong>certis</strong></span> <span class='ocrx_word' id='word_1_177' title='bbox 1615 1780 1806 1832; x_wconf 81' lang='lat' dir='ltr'><strong>operata</strong></span> <span class='ocrx_word' id='word_1_178' title='bbox 1835 1770 2005 1825; x_wconf 61' lang='lat' dir='ltr'><strong>diebus·</strong></span> 
     </span>
     <span class='ocr_line' id='line_1_19' title="bbox 302 1848 2004 1916; baseline 0.002 -19"><span class='ocrx_word' id='word_1_179' title='bbox 302 1856 386 1899; x_wconf 81' lang='lat' dir='ltr'><strong>Ubi</strong></span> <span class='ocrx_word' id='word_1_180' title='bbox 422 1858 542 1912; x_wconf 90' lang='lat' dir='ltr'><strong>plura</strong></span> <span class='ocrx_word' id='word_1_181' title='bbox 582 1857 637 1901; x_wconf 90' lang='lat' dir='ltr'><strong>de</strong></span> <span class='ocrx_word' id='word_1_182' title='bbox 668 1871 789 1902; x_wconf 90' lang='lat' dir='ltr'><strong>more</strong></span> <span class='ocrx_word' id='word_1_183' title='bbox 819 1857 999 1902; x_wconf 85' lang='lat' dir='ltr'><strong>sedendi</strong></span> <span class='ocrx_word' id='word_1_184' title='bbox 1030 1860 1161 1903; x_wconf 89' lang='lat' dir='ltr'><strong>etiam</strong></span> <span class='ocrx_word' id='word_1_185' title='bbox 1203 1860 1385 1902; x_wconf 87' lang='lat' dir='ltr'><strong>aliorum</strong></span> <span class='ocrx_word' id='word_1_186' title='bbox 1416 1859 1459 1902; x_wconf 90' lang='lat' dir='ltr'><strong>in</strong></span> <span class='ocrx_word' id='word_1_187' title='bbox 1490 1858 1671 1903; x_wconf 87' lang='lat' dir='ltr'><strong>deorum</strong></span> <span class='ocrx_word' id='word_1_188' title='bbox 1701 1848 2004 1916; x_wconf 64' lang='lat' dir='ltr'><strong>templis‘vide</strong></span> 
     </span>
     <span class='ocr_line' id='line_1_20' title="bbox 300 1939 2004 1998; baseline 0.001 -17"><span class='ocrx_word' id='word_1_189' title='bbox 300 1953 371 1994; x_wconf 85' lang='lat' dir='ltr'><strong>ap.</strong></span> <span class='ocrx_word' id='word_1_190' title='bbox 403 1939 656 1984; x_wconf 68' lang='lat' dir='ltr'><strong>Hsmsmn.</strong></span> <span class='ocrx_word' id='word_1_191' title='bbox 717 1940 778 1983; x_wconf 88' lang='lat' dir='ltr'><strong>Et</strong></span> <span class='ocrx_word' id='word_1_192' title='bbox 818 1953 932 1985; x_wconf 90' lang='lat' dir='ltr'><strong>nunc</strong></span> <span class='ocrx_word' id='word_1_193' title='bbox 974 1941 1148 1998; x_wconf 88' lang='lat' dir='ltr'><strong>quidem</strong></span> <span class='ocrx_word' id='word_1_194' title='bbox 1180 1943 1331 1996; x_wconf 89' lang='lat' dir='ltr'><strong>Delia,</strong></span> <span class='ocrx_word' id='word_1_195' title='bbox 1374 1943 1410 1986; x_wconf 86' lang='lat' dir='ltr'><strong>si</strong></span> <span class='ocrx_word' id='word_1_196' title='bbox 1445 1943 1592 1986; x_wconf 80' lang='lat' dir='ltr'><strong>salvus</strong></span> <span class='ocrx_word' id='word_1_197' title='bbox 1621 1942 1820 1986; x_wconf 76' lang='lat' dir='ltr'><strong>rediisset</strong></span> <span class='ocrx_word' id='word_1_198' title='bbox 1849 1941 2004 1985; x_wconf 78' lang='lat' dir='ltr'><strong>Tibul-</strong></span> 
     </span>
     <span class='ocr_line' id='line_1_21' title="bbox 302 2025 2004 2082; baseline 0.001 -16"><span class='ocrx_word' id='word_1_199' title='bbox 302 2026 394 2079; x_wconf 85' lang='lat' dir='ltr'><strong>lus,</strong></span> <span class='ocrx_word' id='word_1_200' title='bbox 425 2025 578 2069; x_wconf 89' lang='lat' dir='ltr'><strong>sedere</strong></span> <span class='ocrx_word' id='word_1_201' title='bbox 608 2026 783 2068; x_wconf 88' lang='lat' dir='ltr'><strong>volebat</strong></span> <span class='ocrx_word' id='word_1_202' title='bbox 814 2031 914 2068; x_wconf 89' lang='lat' dir='ltr'><strong>ante</strong></span> <span class='ocrx_word' id='word_1_203' title='bbox 946 2027 1154 2082; x_wconf 89' lang='lat' dir='ltr'><strong>templum</strong></span> <span class='ocrx_word' id='word_1_204' title='bbox 1186 2027 1308 2068; x_wconf 92' lang='lat' dir='ltr'><strong>lino</strong></span> <span class='ocrx_word' id='word_1_205' title='bbox 1337 2030 1518 2077; x_wconf 81' lang='lat' dir='ltr'><strong>tecta,</strong></span> <span class='ocrx_word' id='word_1_206' title='bbox 1549 2025 1671 2069; x_wconf 87' lang='lat' dir='ltr'><strong>cuius</strong></span> <span class='ocrx_word' id='word_1_207' title='bbox 1701 2038 1806 2069; x_wconf 85' lang='lat' dir='ltr'><strong>usus</strong></span> <span class='ocrx_word' id='word_1_208' title='bbox 1837 2030 1931 2069; x_wconf 88' lang='lat' dir='ltr'><strong>erat</strong></span> <span class='ocrx_word' id='word_1_209' title='bbox 1959 2025 2004 2068; x_wconf 88' lang='lat' dir='ltr'><strong>in</strong></span> 
     </span>
     <span class='ocr_line' id='line_1_22' title="bbox 302 2107 2003 2164; baseline 0.002 -14"><span class='ocrx_word' id='word_1_210' title='bbox 302 2108 427 2151; x_wconf 85' lang='lat' dir='ltr'><strong>Isidis</strong></span> <span class='ocrx_word' id='word_1_211' title='bbox 457 2110 616 2162; x_wconf 83' lang='lat' dir='ltr'><strong>sacris3</strong></span> <span class='ocrx_word' id='word_1_212' title='bbox 649 2109 829 2164; x_wconf 84' lang='lat' dir='ltr'><strong>linigera</strong></span> <span class='ocrx_word' id='word_1_213' title='bbox 859 2109 942 2153; x_wconf 89' lang='lat' dir='ltr'><strong>dea</strong></span> <span class='ocrx_word' id='word_1_214' title='bbox 966 2115 1072 2164; x_wconf 89' lang='lat' dir='ltr'><strong>erat,</strong></span> <span class='ocrx_word' id='word_1_215' title='bbox 1104 2110 1274 2164; x_wconf 84' lang='lat' dir='ltr'><strong>linigeri</strong></span> <span class='ocrx_word' id='word_1_216' title='bbox 1304 2109 1626 2153; x_wconf 61' lang='lat' dir='ltr'><strong>sacerdoteset</strong></span> <span class='ocrx_word' id='word_1_217' title='bbox 1655 2123 1805 2154; x_wconf 90' lang='lat' dir='ltr'><strong>omnes</strong></span> <span class='ocrx_word' id='word_1_218' title='bbox 1835 2107 1900 2152; x_wconf 86' lang='lat' dir='ltr'><strong>his</strong></span> <span class='ocrx_word' id='word_1_219' title='bbox 1931 2122 2003 2153; x_wconf 88' lang='lat' dir='ltr'><strong>re-</strong></span> 
     </span>
     <span class='ocr_line' id='line_1_23' title="bbox 303 2190 2002 2247; baseline 0.001 -13"><span class='ocrx_word' id='word_1_220' title='bbox 303 2193 536 2247; x_wconf 88' lang='lat' dir='ltr'><strong>ligionibus</strong></span> <span class='ocrx_word' id='word_1_221' title='bbox 567 2192 752 2247; x_wconf 83' lang='lat' dir='ltr'><strong>addicti,</strong></span> <span class='ocrx_word' id='word_1_222' title='bbox 800 2194 857 2237; x_wconf 90' lang='lat' dir='ltr'><strong>cf.</strong></span> <span class='ocrx_word' id='word_1_223' title='bbox 887 2194 1258 2238; x_wconf 76' lang='lat' dir='ltr'><strong>Bnoucifflusrmu</strong></span> <span class='ocrx_word' id='word_1_224' title='bbox 1289 2195 1344 2237; x_wconf 88' lang='lat' dir='ltr'><strong>ad</strong></span> <span class='ocrx_word' id='word_1_225' title='bbox 1375 2193 1416 2239; x_wconf 87' lang='lat' dir='ltr'><strong>h.</strong></span> <span class='ocrx_word' id='word_1_226' title='bbox 1449 2196 1478 2238; x_wconf 91' lang='lat' dir='ltr'><strong>l.</strong></span> <span class='ocrx_word' id='word_1_227' title='bbox 1515 2199 1560 2236; x_wconf 89' lang='lat' dir='ltr'><strong>et</strong></span> <span class='ocrx_word' id='word_1_228' title='bbox 1593 2193 1758 2237; x_wconf 69' lang='lat' dir='ltr'><strong>Herm.</strong></span> <span class='ocrx_word' id='word_1_229' title='bbox 1789 2192 1844 2236; x_wconf 84' lang='lat' dir='ltr'><strong>ad</strong></span> <span class='ocrx_word' id='word_1_230' title='bbox 1875 2190 2002 2236; x_wconf 90' lang='lat' dir='ltr'><strong>Ovid.</strong></span> 
     </span>
     <span class='ocr_line' id='line_1_24' title="bbox 303 2274 2006 2334; baseline 0 -17"><span class='ocrx_word' id='word_1_231' title='bbox 303 2279 394 2318; x_wconf 76' lang='lat' dir='ltr'><strong>Art.</strong></span> <span class='ocrx_word' id='word_1_232' title='bbox 426 2276 521 2318; x_wconf 83' lang='lat' dir='ltr'><strong>Am.</strong></span> <span class='ocrx_word' id='word_1_233' title='bbox 551 2275 588 2329; x_wconf 91' lang='lat' dir='ltr'><strong>I,</strong></span> <span class='ocrx_word' id='word_1_234' title='bbox 618 2280 690 2318; x_wconf 80' lang='grc'><strong>77.</strong></span> <span class='ocrx_word' id='word_1_235' title='bbox 754 2276 816 2318; x_wconf 83' lang='lat' dir='ltr'><strong>Ac</strong></span> <span class='ocrx_word' id='word_1_236' title='bbox 848 2289 944 2319; x_wconf 87' lang='lat' dir='ltr'><strong>cum</strong></span> <span class='ocrx_word' id='word_1_237' title='bbox 975 2276 1178 2319; x_wconf 88' lang='lat' dir='ltr'><strong>sedentes</strong></span> <span class='ocrx_word' id='word_1_238' title='bbox 1197 2281 1341 2334; x_wconf 83' lang='lat' dir='ltr'><strong>caput</strong></span> <span class='ocrx_word' id='word_1_239' title='bbox 1371 2276 1562 2319; x_wconf 89' lang='lat' dir='ltr'><strong>velatum</strong></span> <span class='ocrx_word' id='word_1_240' title='bbox 1592 2274 1825 2328; x_wconf 87' lang='lat' dir='ltr'><strong>haberent,</strong></span> <span class='ocrx_word' id='word_1_241' title='bbox 1855 2279 1905 2317; x_wconf 88' lang='lat' dir='ltr'><strong>ut</strong></span> <span class='ocrx_word' id='word_1_242' title='bbox 1938 2278 2006 2317; x_wconf 86' lang='lat' dir='ltr'><strong>est</strong></span> 
     </span>
     <span class='ocr_line' id='line_1_25' title="bbox 301 2354 2006 2417; baseline -0.002 -18"><span class='ocrx_word' id='word_1_243' title='bbox 301 2372 373 2414; x_wconf 79' lang='lat' dir='ltr'><strong>ap.</strong></span> <span class='ocrx_word' id='word_1_244' title='bbox 404 2358 643 2405; x_wconf 68' lang='lat' dir='ltr'><strong>Pnopnuvr.</strong></span> <span class='ocrx_word' id='word_1_245' title='bbox 675 2358 732 2412; x_wconf 91' lang='lat' dir='ltr'><strong>II,</strong></span> <span class='ocrx_word' id='word_1_246' title='bbox 764 2362 838 2412; x_wconf 83' lang='lat'><strong>28,</strong></span> <span class='ocrx_word' id='word_1_247' title='bbox 869 2361 952 2402; x_wconf 81' lang='lat'><strong>45:</strong></span> <span class='ocrx_word' id='word_1_248' title='bbox 1001 2365 1108 2399; x_wconf 81' lang='lat' dir='ltr'><strong>ante</strong></span> <span class='ocrx_word' id='word_1_249' title='bbox 1139 2365 1330 2417; x_wconf 81' lang='lat' dir='ltr'><strong>tuosque</strong></span> <span class='ocrx_word' id='word_1_250' title='bbox 1359 2357 1492 2415; x_wconf 79' lang='lat' dir='ltr'><strong>pedes</strong></span> <span class='ocrx_word' id='word_1_251' title='bbox 1531 2356 1615 2399; x_wconf 85' lang='lat' dir='ltr'><strong>illa</strong></span> <span class='ocrx_word' id='word_1_252' title='bbox 1645 2356 1746 2414; x_wconf 76' lang='lat' dir='ltr'><strong>ipsa</strong></span> <span class='ocrx_word' id='word_1_253' title='bbox 1786 2354 2006 2413; x_wconf 81' lang='lat' dir='ltr'><strong>adoperta</strong></span> 
     </span>
     <span class='ocr_line' id='line_1_26' title="bbox 302 2438 2006 2496; baseline 0.001 -15"><span class='ocrx_word' id='word_1_254' title='bbox 302 2438 494 2487; x_wconf 77' lang='lat' dir='ltr'><strong>sedebit,</strong></span> <span class='ocrx_word' id='word_1_255' title='bbox 537 2440 668 2483; x_wconf 89' lang='lat' dir='ltr'><strong>etiam</strong></span> <span class='ocrx_word' id='word_1_256' title='bbox 698 2441 825 2484; x_wconf 89' lang='lat' dir='ltr'><strong>Delia</strong></span> <span class='ocrx_word' id='word_1_257' title='bbox 855 2441 915 2484; x_wconf 90' lang='lat' dir='ltr'><strong>ita</strong></span> <span class='ocrx_word' id='word_1_258' title='bbox 947 2440 1112 2484; x_wconf 82' lang='lat' dir='ltr'><strong>factura</strong></span> <span class='ocrx_word' id='word_1_259' title='bbox 1143 2445 1260 2496; x_wconf 88' lang='lat' dir='ltr'><strong>erat,</strong></span> <span class='ocrx_word' id='word_1_260' title='bbox 1306 2442 1423 2496; x_wconf 88' lang='lat' dir='ltr'><strong>quod</strong></span> <span class='ocrx_word' id='word_1_261' title='bbox 1453 2442 1652 2484; x_wconf 88' lang='lat' dir='ltr'><strong>consulto</strong></span> <span class='ocrx_word' id='word_1_262' title='bbox 1683 2440 1796 2483; x_wconf 88' lang='lat' dir='ltr'><strong>addo</strong></span> <span class='ocrx_word' id='word_1_263' title='bbox 1827 2444 2006 2496; x_wconf 90' lang='lat' dir='ltr'><strong>propter</strong></span> 
     </span>
     <span class='ocr_line' id='line_1_27' title="bbox 302 2523 2004 2579; baseline 0.001 -15"><span class='ocrx_word' id='word_1_264' title='bbox 302 2524 523 2577; x_wconf 86' lang='lat' dir='ltr'><strong>sequentia</strong></span> <span class='ocrx_word' id='word_1_265' title='bbox 550 2524 706 2567; x_wconf 86' lang='lat' dir='ltr'><strong>verba:</strong></span> <span class='ocrx_word' id='word_1_266' title='bbox 740 2523 942 2567; x_wconf 75' lang='lat' dir='ltr'><strong>resolata</strong></span> <span class='ocrx_word' id='word_1_267' title='bbox 973 2540 1134 2568; x_wconf 82' lang='lat' dir='ltr'><strong>comas.</strong></span> <span class='ocrx_word' id='word_1_268' title='bbox 1155 2549 1213 2558; x_wconf 90' lang='lat'>—</span> <span class='ocrx_word' id='word_1_269' title='bbox 1245 2527 1300 2570; x_wconf 90' lang='lat' dir='ltr'><strong>V.</strong></span> <span class='ocrx_word' id='word_1_270' title='bbox 1331 2529 1403 2570; x_wconf 84' lang='lat'><strong>31.</strong></span> <span class='ocrx_word' id='word_1_271' title='bbox 1435 2529 1508 2568; x_wconf 80' lang='lat'><strong>32.</strong></span> <span class='ocrx_word' id='word_1_272' title='bbox 1541 2525 1759 2579; x_wconf 85' lang='lat' dir='ltr'><strong>Bisque</strong></span> <span class='ocrx_word' id='word_1_273' title='bbox 1792 2523 1880 2567; x_wconf 89' lang='lat' dir='ltr'><strong>die</strong></span> <span class='ocrx_word' id='word_1_274' title='bbox 1909 2536 2004 2579; x_wconf 85' lang='lat' dir='ltr'><strong>sqq.</strong></span> 
     </span>
     <span class='ocr_line' id='line_1_28' title="bbox 300 2608 2004 2666; baseline 0 -16"><span class='ocrx_word' id='word_1_275' title='bbox 300 2608 425 2650; x_wconf 85' lang='lat' dir='ltr'><strong>Haec</strong></span> <span class='ocrx_word' id='word_1_276' title='bbox 456 2608 624 2651; x_wconf 88' lang='lat' dir='ltr'><strong>diversa</strong></span> <span class='ocrx_word' id='word_1_277' title='bbox 654 2614 778 2663; x_wconf 86' lang='lat' dir='ltr'><strong>sunt,</strong></span> <span class='ocrx_word' id='word_1_278' title='bbox 822 2615 871 2652; x_wconf 89' lang='lat' dir='ltr'><strong>ut</strong></span> <span class='ocrx_word' id='word_1_279' title='bbox 902 2610 985 2653; x_wconf 89' lang='lat' dir='ltr'><strong>iam</strong></span> <span class='ocrx_word' id='word_1_280' title='bbox 1016 2610 1278 2666; x_wconf 83' lang='lat' dir='ltr'><strong>significavi,</strong></span> <span class='ocrx_word' id='word_1_281' title='bbox 1324 2615 1369 2653; x_wconf 90' lang='lat' dir='ltr'><strong>et</strong></span> <span class='ocrx_word' id='word_1_282' title='bbox 1399 2610 1529 2652; x_wconf 88' lang='lat' dir='ltr'><strong>alium</strong></span> <span class='ocrx_word' id='word_1_283' title='bbox 1561 2608 1768 2652; x_wconf 90' lang='lat' dir='ltr'><strong>honorem</strong></span> <span class='ocrx_word' id='word_1_284' title='bbox 1799 2608 2004 2662; x_wconf 88' lang='lat' dir='ltr'><strong>indicant,</strong></span> 
     </span>
     <span class='ocr_line' id='line_1_29' title="bbox 301 2691 2007 2748; baseline 0 -14"><span class='ocrx_word' id='word_1_285' title='bbox 301 2699 346 2734; x_wconf 90' lang='lat' dir='ltr'><strong>et</strong></span> <span class='ocrx_word' id='word_1_286' title='bbox 389 2693 592 2735; x_wconf 85' lang='lat' dir='ltr'><strong>falluntur</strong></span> <span class='ocrx_word' id='word_1_287' title='bbox 635 2693 707 2748; x_wconf 90' lang='lat' dir='ltr'><strong>qui</strong></span> <span class='ocrx_word' id='word_1_288' title='bbox 749 2707 834 2737; x_wconf 92' lang='lat' dir='ltr'><strong>non</strong></span> <span class='ocrx_word' id='word_1_289' title='bbox 877 2694 1158 2748; x_wconf 88' lang='lat' dir='ltr'><strong>distinguunt.</strong></span> <span class='ocrx_word' id='word_1_290' title='bbox 1246 2694 1525 2737; x_wconf 76' lang='lat' dir='ltr'><strong>canebantur</strong></span> <span class='ocrx_word' id='word_1_291' title='bbox 1565 2693 1679 2736; x_wconf 80' lang='lat' dir='ltr'><strong>enim</strong></span> <span class='ocrx_word' id='word_1_292' title='bbox 1723 2692 1896 2734; x_wconf 89' lang='lat' dir='ltr'><strong>omnino</strong></span> <span class='ocrx_word' id='word_1_293' title='bbox 1937 2691 2007 2734; x_wconf 85' lang='lat' dir='ltr'><strong>bis</strong></span> 
     </span>
     <span class='ocr_line' id='line_1_30' title="bbox 301 2774 2003 2832; baseline -0.001 -15"><span class='ocrx_word' id='word_1_294' title='bbox 301 2775 368 2817; x_wconf 82' lang='lat' dir='ltr'><strong>die</strong></span> <span class='ocrx_word' id='word_1_295' title='bbox 417 2774 560 2830; x_wconf 84' lang='lat' dir='ltr'><strong>hymni</strong></span> <span class='ocrx_word' id='word_1_296' title='bbox 605 2777 647 2818; x_wconf 88' lang='lat' dir='ltr'><strong>in</strong></span> <span class='ocrx_word' id='word_1_297' title='bbox 689 2776 874 2829; x_wconf 88' lang='lat' dir='ltr'><strong>Isidem,</strong></span> <span class='ocrx_word' id='word_1_298' title='bbox 936 2789 1060 2819; x_wconf 88' lang='lat' dir='ltr'><strong>mane</strong></span> <span class='ocrx_word' id='word_1_299' title='bbox 1110 2777 1246 2832; x_wconf 86' lang='lat' dir='ltr'><strong>prima</strong></span> <span class='ocrx_word' id='word_1_300' title='bbox 1289 2774 1394 2819; x_wconf 87' lang='lat' dir='ltr'><strong>hora</strong></span> <span class='ocrx_word' id='word_1_301' title='bbox 1448 2789 1546 2818; x_wconf 87' lang='lat' dir='ltr'><strong>cum</strong></span> <span class='ocrx_word' id='word_1_302' title='bbox 1591 2774 1842 2817; x_wconf 85' lang='lat' dir='ltr'><strong>sacerdotes</strong></span> <span class='ocrx_word' id='word_1_303' title='bbox 1892 2778 2003 2816; x_wconf 89' lang='lat' dir='ltr'><strong>tem-</strong></span> 
     </span>
     <span class='ocr_line' id='line_1_31' title="bbox 300 2857 2002 2918; baseline 0 -16"><span class='ocrx_word' id='word_1_304' title='bbox 300 2862 417 2916; x_wconf 88' lang='lat' dir='ltr'><strong>plum</strong></span> <span class='ocrx_word' id='word_1_305' title='bbox 458 2863 751 2918; x_wconf 89' lang='lat' dir='ltr'><strong>aperuissent,</strong></span> <span class='ocrx_word' id='word_1_306' title='bbox 792 2868 842 2904; x_wconf 72' lang='lat' dir='ltr'><strong>&#39;et</strong></span> <span class='ocrx_word' id='word_1_307' title='bbox 884 2875 1064 2918; x_wconf 89' lang='lat' dir='ltr'><strong>vespere</strong></span> <span class='ocrx_word' id='word_1_308' title='bbox 1112 2859 1216 2904; x_wconf 81' lang='lat' dir='ltr'><strong>hora</strong></span> <span class='ocrx_word' id='word_1_309' title='bbox 1258 2866 1412 2904; x_wconf 87' lang='lat' dir='ltr'><strong>octava</strong></span> <span class='ocrx_word' id='word_1_310' title='bbox 1451 2874 1550 2903; x_wconf 91' lang='lat' dir='ltr'><strong>cum</strong></span> <span class='ocrx_word' id='word_1_311' title='bbox 1592 2859 1857 2903; x_wconf 88' lang='lat' dir='ltr'><strong>clauderent.</strong></span> <span class='ocrx_word' id='word_1_312' title='bbox 1931 2857 2002 2902; x_wconf 84' lang='lat' dir='ltr'><strong>Ex</strong></span> 
     </span>
     <span class='ocr_line' id='line_1_32' title="bbox 298 2942 2004 3000; baseline -0.001 -15"><span class='ocrx_word' id='word_1_313' title='bbox 298 2944 429 2997; x_wconf 73' lang='lat' dir='ltr'><strong>adyto</strong></span> <span class='ocrx_word' id='word_1_314' title='bbox 474 2957 665 2986; x_wconf 89' lang='lat' dir='ltr'><strong>summus</strong></span> <span class='ocrx_word' id='word_1_315' title='bbox 703 2943 906 2986; x_wconf 86' lang='lat' dir='ltr'><strong>sacerdos</strong></span> <span class='ocrx_word' id='word_1_316' title='bbox 938 2957 1035 2986; x_wconf 91' lang='lat' dir='ltr'><strong>cum</strong></span> <span class='ocrx_word' id='word_1_317' title='bbox 1067 2944 1272 2987; x_wconf 87' lang='lat' dir='ltr'><strong>ministris</strong></span> <span class='ocrx_word' id='word_1_318' title='bbox 1305 2944 1531 3000; x_wconf 85' lang='lat' dir='ltr'><strong>prodibat,</strong></span> <span class='ocrx_word' id='word_1_319' title='bbox 1581 2944 1623 2986; x_wconf 91' lang='lat' dir='ltr'><strong>iu</strong></span> <span class='ocrx_word' id='word_1_320' title='bbox 1664 2942 1789 2986; x_wconf 89' lang='lat' dir='ltr'><strong>altari</strong></span> <span class='ocrx_word' id='word_1_321' title='bbox 1833 2942 2004 2985; x_wconf 87' lang='lat' dir='ltr'><strong>suffitus</strong></span> 
     </span>
     <span class='ocr_line' id='line_1_33' title="bbox 298 3026 2002 3082; baseline 0.001 -14"><span class='ocrx_word' id='word_1_322' title='bbox 298 3028 430 3069; x_wconf 88' lang='lat' dir='ltr'><strong>fiebat</strong></span> <span class='ocrx_word' id='word_1_323' title='bbox 462 3032 582 3080; x_wconf 84' lang='lat' dir='ltr'><strong>ture,</strong></span> <span class='ocrx_word' id='word_1_324' title='bbox 617 3027 943 3082; x_wconf 82' lang='lat' dir='ltr'><strong>praecinebatur</strong></span> <span class='ocrx_word' id='word_1_325' title='bbox 976 3027 1104 3082; x_wconf 87' lang='lat' dir='ltr'><strong>tibia,</strong></span> <span class='ocrx_word' id='word_1_326' title='bbox 1154 3033 1304 3072; x_wconf 88' lang='lat' dir='ltr'><strong>coetus</strong></span> <span class='ocrx_word' id='word_1_327' title='bbox 1334 3028 1603 3071; x_wconf 87' lang='lat' dir='ltr'><strong>adorantium</strong></span> <span class='ocrx_word' id='word_1_328' title='bbox 1632 3029 1802 3070; x_wconf 88' lang='lat' dir='ltr'><strong>interea</strong></span> <span class='ocrx_word' id='word_1_329' title='bbox 1833 3026 2002 3070; x_wconf 84' lang='lat' dir='ltr'><strong>duobus</strong></span> 
     </span>
     <span class='ocr_line' id='line_1_34' title="bbox 303 3108 2001 3167; baseline -0.001 -16"><span class='ocrx_word' id='word_1_330' title='bbox 303 3110 522 3152; x_wconf 85' lang='lat' dir='ltr'><strong>ordinibus</strong></span> <span class='ocrx_word' id='word_1_331' title='bbox 553 3111 595 3152; x_wconf 90' lang='lat' dir='ltr'><strong>in</strong></span> <span class='ocrx_word' id='word_1_332' title='bbox 626 3111 739 3152; x_wconf 87' lang='lat' dir='ltr'><strong>atrio</strong></span> <span class='ocrx_word' id='word_1_333' title='bbox 778 3123 914 3164; x_wconf 89' lang='lat' dir='ltr'><strong>usque</strong></span> <span class='ocrx_word' id='word_1_334' title='bbox 952 3110 1005 3153; x_wconf 91' lang='lat' dir='ltr'><strong>ad</strong></span> <span class='ocrx_word' id='word_1_335' title='bbox 1050 3111 1210 3165; x_wconf 85' lang='lat' dir='ltr'><strong>gradus</strong></span> <span class='ocrx_word' id='word_1_336' title='bbox 1253 3112 1401 3167; x_wconf 91' lang='lat' dir='ltr'><strong>templi</strong></span> <span class='ocrx_word' id='word_1_337' title='bbox 1443 3109 1720 3154; x_wconf 87' lang='lat' dir='ltr'><strong>consistebat.</strong></span> <span class='ocrx_word' id='word_1_338' title='bbox 1783 3108 2001 3152; x_wconf 85' lang='lat' dir='ltr'><strong>Sacerdos</strong></span> 
     </span>
     <span class='ocr_line' id='line_1_35' title="bbox 299 3189 2001 3249; baseline -0.001 -15"><span class='ocrx_word' id='word_1_339' title='bbox 299 3193 352 3234; x_wconf 88' lang='lat' dir='ltr'><strong>ad</strong></span> <span class='ocrx_word' id='word_1_340' title='bbox 396 3207 517 3235; x_wconf 87' lang='lat' dir='ltr'><strong>sacra</strong></span> <span class='ocrx_word' id='word_1_341' title='bbox 558 3198 710 3246; x_wconf 75' lang='lat' dir='ltr'><strong>vocat,</strong></span> <span class='ocrx_word' id='word_1_342' title='bbox 762 3193 997 3235; x_wconf 86' lang='lat' dir='ltr'><strong>recitantur</strong></span> <span class='ocrx_word' id='word_1_343' title='bbox 1039 3206 1218 3249; x_wconf 90' lang='lat' dir='ltr'><strong>preces,</strong></span> <span class='ocrx_word' id='word_1_344' title='bbox 1264 3198 1355 3236; x_wconf 90' lang='lat' dir='ltr'><strong>tum</strong></span> <span class='ocrx_word' id='word_1_345' title='bbox 1401 3192 1455 3235; x_wconf 87' lang='lat' dir='ltr'><strong>ad</strong></span> <span class='ocrx_word' id='word_1_346' title='bbox 1499 3197 1643 3235; x_wconf 88' lang='lat' dir='ltr'><strong>certos</strong></span> <span class='ocrx_word' id='word_1_347' title='bbox 1681 3190 1833 3233; x_wconf 87' lang='lat' dir='ltr'><strong>modos</strong></span> <span class='ocrx_word' id='word_1_348' title='bbox 1875 3189 2001 3232; x_wconf 86' lang='lat' dir='ltr'><strong>sistra</strong></span> 
     </span>
     <span class='ocr_line' id='line_1_36' title="bbox 300 3272 2000 3330; baseline -0.001 -14"><span class='ocrx_word' id='word_1_349' title='bbox 300 3276 467 3328; x_wconf 83' lang='lat' dir='ltr'><strong>omnia,</strong></span> <span class='ocrx_word' id='word_1_350' title='bbox 515 3288 626 3329; x_wconf 85' lang='lat' dir='ltr'><strong>quae</strong></span> <span class='ocrx_word' id='word_1_351' title='bbox 670 3275 898 3317; x_wconf 88' lang='lat' dir='ltr'><strong>adorantes</strong></span> <span class='ocrx_word' id='word_1_352' title='bbox 942 3276 1138 3320; x_wconf 88' lang='lat' dir='ltr'><strong>manibus</strong></span> <span class='ocrx_word' id='word_1_353' title='bbox 1182 3281 1354 3328; x_wconf 88' lang='lat' dir='ltr'><strong>tenent,</strong></span> <span class='ocrx_word' id='word_1_354' title='bbox 1399 3280 1667 3330; x_wconf 86' lang='lat' dir='ltr'><strong>quassantur.</strong></span> <span class='ocrx_word' id='word_1_355' title='bbox 1727 3272 1848 3315; x_wconf 91' lang='lat' dir='ltr'><strong>Idem</strong></span> <span class='ocrx_word' id='word_1_356' title='bbox 1894 3273 2000 3315; x_wconf 89' lang='lat' dir='ltr'><strong>ritus</strong></span> 
     </span>
     <span class='ocr_line' id='line_1_37' title="bbox 299 3356 2014 3413; baseline 0 -16"><span class='ocrx_word' id='word_1_357' title='bbox 299 3369 418 3399; x_wconf 86' lang='lat' dir='ltr'><strong>mane</strong></span> <span class='ocrx_word' id='word_1_358' title='bbox 464 3363 507 3399; x_wconf 86' lang='lat' dir='ltr'><strong>et</strong></span> <span class='ocrx_word' id='word_1_359' title='bbox 547 3370 726 3412; x_wconf 81' lang='lat' dir='ltr'><strong>vespere</strong></span> <span class='ocrx_word' id='word_1_360' title='bbox 769 3357 938 3400; x_wconf 81' lang='lat' dir='ltr'><strong>videtur</strong></span> <span class='ocrx_word' id='word_1_361' title='bbox 979 3357 1137 3412; x_wconf 83' lang='lat' dir='ltr'><strong>fuisse,</strong></span> <span class='ocrx_word' id='word_1_362' title='bbox 1185 3359 1265 3401; x_wconf 87' lang='lat' dir='ltr'><strong>nisi</strong></span> <span class='ocrx_word' id='word_1_363' title='bbox 1307 3358 1422 3413; x_wconf 90' lang='lat' dir='ltr'><strong>quod</strong></span> <span class='ocrx_word' id='word_1_364' title='bbox 1474 3356 1619 3412; x_wconf 88' lang='lat' dir='ltr'><strong>hymni</strong></span> <span class='ocrx_word' id='word_1_365' title='bbox 1663 3356 1820 3399; x_wconf 87' lang='lat' dir='ltr'><strong>diversi</strong></span> <span class='ocrx_word' id='word_1_366' title='bbox 1863 3362 2014 3399; x_wconf 85' lang='lat' dir='ltr'><strong>erant.-</strong></span> 
     </span>
     <span class='ocr_line' id='line_1_38' title="bbox 300 3421 1997 3495; baseline -0.001 -14"><span class='ocrx_word' id='word_1_367' title='bbox 300 3421 407 3481; x_wconf 55' lang='lat' dir='ltr'><strong>wile</strong></span> <span class='ocrx_word' id='word_1_368' title='bbox 457 3445 626 3494; x_wconf 75' lang='lat' dir='ltr'><strong>praeter</strong></span> <span class='ocrx_word' id='word_1_369' title='bbox 672 3440 952 3495; x_wconf 86' lang='lat' dir='ltr'><strong>interpretes,</strong></span> <span class='ocrx_word' id='word_1_370' title='bbox 1015 3441 1263 3485; x_wconf 85' lang='lat' dir='ltr'><strong>nominatim</strong></span> <span class='ocrx_word' id='word_1_371' title='bbox 1311 3443 1616 3485; x_wconf 72' lang='lat' dir='ltr'><strong>ScAmGERUM</strong></span> <span class='ocrx_word' id='word_1_372' title='bbox 1663 3445 1712 3483; x_wconf 79' lang='lat' dir='ltr'><strong>et</strong></span> <span class='ocrx_word' id='word_1_373' title='bbox 1754 3438 1997 3490; x_wconf 64' lang='lat' dir='ltr'><strong>Hermum,</strong></span> 
     </span>
    </p>
   </div>
  </div>
 </body>
</html>
