2158 3750
367 259 471 306 225
762 249 1231 302 COMMENTAR.
1266 247 1342 300 IN
1379 249 1668 301 TIBULLI

369 401 581 456 gratiores
612 397 725 450 inis,
753 396 919 438 cruoris
950 396 1082 438 crassi
1115 396 1304 439 colorem
1331 393 1548 437 habebant
1576 394 1827 449 subnigram
1859 394 2068 450 (braun).

367 481 603 535 Distinguit
643 479 774 521 etiam
818 479 997 521 PLAUT.
1041 477 1312 520 Menaechm.
1345 477 1401 529 V,
1431 479 1475 530 5,
1509 479 1580 517 18.
1641 475 1848 520 Lucnssw.
1877 477 1934 530 11,
1966 481 2069 521 830.

366 569 508 619 Atque
562 563 668 606 haec
725 561 944 605 hactenus.
984 584 1043 595 --
1100 563 1210 604 Post
1267 560 1374 603 haec
1429 560 1626 601 lacunam
1681 560 1923 615 ponendam
1973 574 2071 602 cum

361 632 659 690 'mmmmm
703 645 1000 688 certissimum.
1073 646 1481 688 Wurmunmcums
1526 642 1702 697 quidem
1745 655 1902 684 nexum
1943 645 2071 686 resti-

364 733 487 771 tuere
530 728 611 771 sibi
656 727 880 770 videbatur
920 728 1006 780 sic,
1054 727 1091 769 si
1138 741 1178 770 v.
1220 731 1295 770 59.
1366 727 1516 769 Nota
1561 726 1767 778 loquor
1811 724 2070 779 explicaret:

363 823 474 864 quae
503 814 716 852 amatores
747 809 866 864 loqui
895 813 940 851 et
975 813 1127 863 optare
1156 809 1200 850 in
1230 808 1387 861 vulgus
1418 812 1568 851 notum
1602 811 1686 859 est,
1720 805 1762 850 h.
1794 819 1832 849 e.
1865 819 1973 848 vana
2002 807 2069 848 lo·-

360 906 482 947 quor.
545 891 918 939 Quemadmodum
949 891 991 932 in
1023 903 1152 945 prosa
1192 890 1389 932 oratione
1433 889 1614 931 dicitur:
1664 889 1935 942 Quamquam
1967 889 2070 943 quid

358 976 550 1030 loquor?
611 975 700 1018 Sed
731 988 785 1018 ne
816 987 1011 1016 moneam
1041 973 1167 1015 nimis
1198 972 1388 1022 breviter
1419 976 1465 1014 et
1497 970 1648 1026 rapide
1674 971 1738 1013 sic
1767 983 1855 1013 uno
1887 969 2070 1013 disticho

361 1065 502 1103 totum
534 1060 675 1101 locum
717 1058 910 1109 absolvi,
961 1058 1078 1098 nullo
1111 1057 1314 1111 exemplo
1346 1055 1546 1110 probavit
1587 1054 1694 1098 hanc
1738 1055 2069 1111 explicationem

360 1144 479 1187 vocis
509 1150 631 1186 nota.
692 1143 829 1184 Immo
860 1139 1100 1182 contrarius
1131 1152 1284 1181 sensus
1323 1139 1450 1180 inest.
1513 1139 1639 1178 Nota
1670 1137 1826 1193 loquor
1856 1138 2070 1191 significat
2142 1139 2158 1185 “,

358 1225 451 1270 hic:
495 1240 597 1269 vera
629 1228 804 1279 loquor,
846 1228 1016 1266 constat
1044 1225 1157 1266 iuter
1186 1236 1335 1265 omnes
1366 1221 1484 1277 quod
1517 1221 1644 1274 dico,
1684 1222 1956 1276 pertinetque
1989 1221 2068 1265 hoc

357 1326 444 1356 non
476 1312 530 1354 ad
563 1310 876 1362 antecedentia,
907 1309 984 1351 sed
1017 1307 1074 1350 ad
1104 1307 1329 1361 sequentia
1361 1306 1506 1357 verba,
1537 1318 1636 1348 cum
1667 1305 1725 1347 sit
1756 1317 1895 1360 paene
1926 1307 2067 1348 iucre-

357 1394 534 1437 dibilem
565 1406 656 1435 rem
692 1392 910 1444 dicturus,
955 1388 1168 1432 hominem
1201 1401 1313 1430 nunc
1343 1400 1528 1442 regnare
1558 1387 1674 1443 apud
1706 1387 1952 1440 Nemesim,
1995 1388 2069 1442 qui

356 1479 568 1534 pessimus
612 1477 712 1519 olim
756 1488 905 1518 servus
946 1474 1091 1516 fuerit.
1154 1475 1281 1518 Quae
1324 1486 1421 1515 cum
1467 1473 1528 1514 ita
1569 1472 1680 1524 sint,
1732 1477 1913 1528 apparet
1953 1473 2068 1516 clare

358 1565 459 1602 ante
506 1558 587 1602 hoc
634 1556 845 1601 distichon
891 1556 1105 1598 excidisse
1153 1554 1329 1608 aliquid.
1415 1554 1540 1596 Talia
1589 1555 1729 1607 enim,
1792 1559 2064 1611 perrexerat,

359 1642 488 1685 credo
521 1646 674 1697 poeta,
704 1645 847 1683 amant
877 1653 990 1682 nunc
1023 1639 1220 1694 puellae,
1253 1637 1355 1680 talia
1388 1637 1461 1691 qui
1493 1636 1647 1689 offert,
1679 1650 1775 1679 eum
1810 1643 2066 1691 sequuntur,

358 1726 439 1766 etsi
481 1724 576 1766 vilis
621 1722 750 1765 homo
795 1723 864 1765 sit.
945 1721 1098 1766 Qualis
1145 1719 1275 1765 etiam
1321 1719 1543 1762 Nemesim
1589 1733 1887 1779 meam-nunc
1935 1722 2064 1777 cepit.

357 1806 471 1849 Nam
502 1819 604 1848 vera
635 1806 812 1860 loquor,
849 1805 935 1857 ait,
978 1807 1022 1846 et
1052 1807 1184 1855 nota3
1227 1815 1378 1844 servus
1409 1801 1490 1845 fuit
1521 1807 1566 1844 et
1600 1815 1810 1856 nequam,
1853 1803 1925 1856 qui
1957 1815 2067 1845 nunc

355 1895 511 1945 regnat
540 1890 654 1946 apud
693 1890 896 1945 puellam.
957 1888 1163 1930 Ceterum
1204 1887 1322 1941 quod
1365 1899 1478 1928 nunc
1521 1885 1694 1928 demum
1735 1885 1940 1928 discimus
1970 1885 2065 1939 quis

356 1973 588 2017 abduxerit
616 1973 861 2026 Nemesim,
892 1985 988 2014 cum
1020 1973 1145 2014 initio
1175 1972 1430 2027 simpliciter
1461 1970 1669 2013 dixissetx
1722 1982 1822 2012 rura
1852 1970 2065 2023 villaeque
2143 2010 2145 2013 .

356 2060 504 2098 tenent
547 2056 759 2110 puellam,
805 2054 904 2096 inde
948 2055 1107 2097 frustra
1151 2059 1454 2108 argumentum
1495 2057 1622 2109 petas
1665 2058 1814 2095 contra
1857 2052 2064 2094 unitatem

357 2138 583 2190 carminis3
630 2150 728 2179 nam
760 2141 878 2178 recte
911 2141 954 2178 et
987 2136 1160 2191 poetice
1201 2135 1263 2177 ita
1301 2135 1461 2177 factum
1505 2138 1599 2186 est,
1646 2137 1696 2176 ut
1733 2133 1818 2175 iam
1849 2146 1978 2189 supra
2009 2132 2065 2176 ad

356 2234 395 2262 v.
429 2224 469 2262 1.
514 2220 813 2273 significatum.
876 2220 1134 2261 Sexcenties
1165 2219 1318 2261 similia
1348 2218 1497 2262 videas
1528 2217 1643 2273 apud
1675 2222 1841 2273 poetas.
1874 2240 1930 2248 -
1983 2230 2064 2260 re-

355 2313 519 2354 gnum
563 2305 744 2351 tenet,
801 2301 962 2341 usitata
1009 2299 1063 2341 de
1107 2299 1326 2342 amoribus
1358 2299 1526 2355 phrasis
1569 2312 1682 2342 nunc
1726 2312 1928 2354 magnum
1970 2313 2066 2343 sar-

359 2395 549 2423 casmum
585 2379 714 2423 habet
746 2380 800 2423 de
835 2379 1005 2423 homine
1038 2382 1138 2423 olim
1170 2394 1309 2424 servo.
1337 2404 1392 2412 —
1434 2383 1570 2437 ipse.
1632 2381 1850 2425 Hermus
1876 2381 1975 2426 iste.
2007 2407 2066 2417 —-

355 2469 612 2517 catasta,
642 2463 882 2507 tabulatum
914 2464 1003 2505 sive
1035 2476 1191 2519 pegma
1224 2463 1448 2519 (Bizlme),
1479 2464 1552 2506 ubi
1584 2465 1756 2506 venales
1788 2465 2067 2520 exponeban-

353 2553 424 2592 tur
455 2551 658 2601 emturis,
688 2549 786 2591 vide
817 2562 926 2603 quos
960 2549 1319 2592 Bnoucxnusms
1349 2548 1518 2601 laudat,
1564 2548 1822 2592 CASAUBON.
1854 2548 1909 2590 ad
1940 2548 2063 2592 Pers.
2144 2553 2158 2571 ⁴

353 2634 448 2675 Sat.
482 2633 559 2686 Vl,
588 2637 660 2675 77.
714 2633 954 2674 lezmm
996 2632 1049 2673 ad
1096 2631 1284 2673 Martial.
1318 2631 1392 2683 Vl,
1422 2634 1496 2672 29.
1550 2630 1807 2672 BAn'rnnm
1849 2630 1905 2672 ad
1948 2632 2061 2675 Stat.

353 2715 462 2757 Silv.
491 2714 549 2767 ΙΙ,
587 2717 626 2766 1,
663 2717 737 2758 27.
795 2715 1101 2756 ὃοΑιιαΕιωΜ
1145 2712 1200 2754 ad
1241 2714 1443 2766 Propert.
1485 2712 1562 2764 IV,
1605 2716 1649 2765 5,
1691 2716 1765 2756 52.
1827 2713 2063 2756 Dicebatur
2140 2707 2142 2754 ᾗ

353 2798 484 2839 etiam
514 2796 658 2852 lapis,
706 2796 819 2839 unde
861 2796 967 2836 emti
1009 2795 1060 2835 de
1099 2794 1248 2850 lapide
1281 2800 1381 2837 sunt
1413 2794 1509 2838 Crc.
1542 2796 1585 2837 in
1616 2796 1761 2838 Pison.
1798 2800 1870 2839 15.
1935 2798 2060 2841 Conf.

353 2883 482 2925 etiam
514 2884 707 2926 POLLux
738 2882 817 2934 111,
854 2884 929 2922 78.
975 2880 1077 2933 ibiq.
1121 2879 1364 2933 interprett.
1397 2902 1457 2910 —-
1502 2878 1780 2934 Barbara,
1826 2886 1875 2923 ut
1917 2883 2060 2925 S‘lwr.

352 2965 459 3006 Silv.
492 2966 522 3007 l.
554 2966 628 3007 cit.
671 2962 947 3004 barbaricam
980 2969 1208 3002 catastam
1239 2961 1373 3014 dixit,
1416 2974 1513 3003 cum
1558 2963 1670 3004 servi
1713 2962 1881 3005 barbari
1923 2964 1965 3006 in
2009 2977 2060 3007 ea

352 3046 674 3089 exhiberentur.
706 3068 765 3076 —
813 3044 1050 3099 gypsati
1084 3043 1286 3098 pedes,
1318 3044 1419 3097 quia
1449 3045 1661 3086 venalium
1692 3057 1911 3088 servorum
1943 3051 2060 3091 trans

349 3143 467 3172 mare
499 3130 778 3172 advectorum
817 3127 950 3183 pedes
983 3132 1102 3170 creta
1132 3129 1199 3170 vel
1242 3141 1382 3182 gypso
1413 3127 1710 3181 signabantur.
1773 3127 1887 3171 Vide
1918 3129 2056 3173 an.

348 3210 536 3263 XXXV,
573 3215 641 3253 17.
673 3223 707 3252 s.
739 3214 812 3252 58.
844 3214 890 3251 et
918 3211 1158 3252 Pnopnnw.
1190 3210 1266 3263 lv,
1298 3214 1342 3262 5,
1374 3213 1447 3252 51.
1481 3222 1577 3251 cum
1609 3214 1799 3252 annotat.
1819 3210 2058 3259 ,Βιιουσκ-

353 3307 475 3336 uusn
520 3300 564 3336 et
609 3295 862 3336 Kumonmr
906 3298 951 3335 et
991 3295 1130 3337 Ovm.
1171 3296 1340 3336 Amorr.
1371 3293 1406 3347 l,
1433 3297 1478 3346 8,
1506 3295 1577 3335 64.
1639 3291 1753 3335 Hinc
1795 3291 1888 3334 albi
1921 3294 2057 3348 pedes
2139 3307 2145 3314 ⁴·

351 3376 511 3419 luvssN.
541 3375 574 3428 Ι,
615 3378 710 3428 111,
744 3376 816 3417 ubi
848 3375 995 3418 confer
1026 3376 1211 3431 Rupert.
1244 3399 1300 3408 -—
1347 3388 1515 3430 saepe
1547 3377 1768 3430 coegit,
1803 3391 1896 3420 cum
1930 3376 2055 3420 homo
