2086 3756
913 168 1217 223 TIBULLI.
1775 185 1903 218 ccxv

344 313 486 365 Rure
525 313 655 366 levis
691 327 856 365 verno
892 310 1050 363 flores
1086 309 1196 378 apis
1230 306 1417 374 ingerit
1450 308 1626 368 alve0,

416 406 691 476 Compleat
725 408 786 457 u't
826 403 966 456 dulci
1005 406 1173 456 sedula
1211 403 1363 455 melle
1401 399 1565 454 favos.

203 500 397 553 Videas
434 500 613 552 eadem
651 501 709 550 iu
746 498 858 549 aliis
899 498 1083 551 formis
1120 498 1554 550 enuntiationum.
1624 493 1708 546 Sic
1744 496 1898 562 vulgo

202 597 355 645 etiam
404 595 557 656 alias,
623 591 717 642 ubi
768 591 1103 642 continuatur
1152 591 1292 643 idem
1343 590 1662 653 subiectum,
1725 598 1900 642 amant

200 689 532 752 interponere
567 685 670 749 ιἸΙε,
716 701 784 735 ne
819 685 1063 750 langueat
1097 685 1296 748 oratio,
1351 694 1412 736 ut
1449 687 1502 748 1,
1540 690 1602 748 2,
1639 687 1736 734 58:

335 779 420 828 Tu
455 787 631 828 tamen
671 777 931 829 abstineas
972 777 1115 830 aliis:
1156 780 1288 828 ‘nam
1327 789 1497 830 cetera
1538 787 1715 830 cernet

411 869 631 924 Omnia:
679 870 745 923 de
781 889 867 923 me
903 889 1014 924 uno
1049 871 1238 924 sentiet
1277 874 1352 923 ille
1387 871 1548 934 nihil,

199 965 288 1015 ubi
326 966 464 1016 conf.
500 965 908 1018 annotationem.
975 969 1150 1035 Atque
1186 964 1386 1017 addunt
1420 964 1638 1016 omnino
1679 963 1736 1014 in
1773 980 1898 1014 con-

195 1057 486 1109 tinuatione
538 1058 772 1112 eiusdem
830 1061 1231 1113 constructionis
1288 1059 1528 1112 secundis
1587 1057 1682 1109 aut'
1734 1058 1900 1114 tertiis

196 1154 440 1204 membris
474 1171 618 1206 nunc
650 1156 752 1206 hoc
789 1173 930 1208 nunc
963 1154 1097 1207 illud
1132 1153 1198 1208 ad
1234 1153 1480 1208 alendum
1517 1164 1568 1206 et
1603 1150 1898 1220 augendum

195 1247 445 1313 vigorem.
517 1249 571 1313 1,
609 1254 669 1316 6,
703 1253 804 1302 57:

334 1340 460 1394 Non
498 1360 593 1411 ego
627 1353 681 1395 te
715 1353 937 1412 propter
969 1360 1131 1412 parco
1171 1344 1296 1409 tibi,
1344 1341 1433 1395 sed
1471 1353 1561 1393 tua
1596 1351 1762 1394 mater

404 1438 496 1489 Me
531 1449 708 1492 movet
745 1449 902 1509 atque
937 1439 1043 1490 iras
1081 1456 1236 1490 aurea
1268 1437 1429 1490 vincit
1464 1454 1602 1489 anus.

190 1535 244 1594 1,
280 1536 340 1598 6,
371 1534 477 1585 ⁴462·

333 1627 477 1678 Haec
516 1624 611 1678 ubi
645 1626 895 1679 Bellonae
931 1635 1080 1678 motu
1115 1636 1192 1678 est
1230 1625 1444 1693 agitata,
1493 1643 1589 1676 nec
1636 1640 1806 1674 acrem

403 1719 718 1785 Flammam,
763 1724 874 1774 non
908 1739 1070 1773 amens
1109 1720 1329 1775 verbera
1363 1729 1500 1773 torta
1533 1719 1698 1775 timet.

190 1822 244 1885 I,
281 1826 344 1886 9,
378 1823 450 1870 22
467 1838 483 1871 z
890 1820 892 1823 ’

328 1912 439 1966 Ure
473 1930 650 1965 meum
688 1913 865 1982 potius
898 1910 1108 1964 flamma
1147 1921 1302 1980 caput
1338 1920 1390 1961 et
1415 1920 1544 1978 'pete
1582 1909 1723 1960 ferro

403 2005 612 2075 Corpus
648 2017 700 2059 et
733 2011 899 2060 ι’πίονιο
935 2007 1158 2062 verbere
1196 2016 1341 2073 terga
1376 2022 1508 2057 seca.

192 2103 241 2153 11
255 2139 271 2169 ,
310 2105 338 2152 1
355 2138 371 2166 ,
410 2106 509 2153 68:

330 2196 449 2264 Ipse
484 2196 726 2263 interque
761 2209 940 2260 greges
975 2194 1221 2261 interque
1260 2200 1496 2242 armenta
1530 2187 1736 2256 Cupido

401 2286 573 2341 Natus
608 2297 659 2339 et
691 2289 944 2339 &domitas
980 2284 1171 2338 dicitur
1210 2286 1350 2337 inter
1385 2299 1566 2353 equas-

191 2382 268 2446 11,
306 2386 332 2432 1
350 2420 365 2447 ‚
403 2387 490 2434 81.
526 2387 624 2434 82:

328 2476 544 2543 Sancte,
599 2478 726 2530 veni
758 2475 981 2544 dapibus
1018 2475 1191 2539 festis,
1237 2472 1330 2525 sed
1370 2490 1509 2542 pone
1545 2472 1753 2538 sagittas

395 2571 464 2622 Et
497 2570 684 2639 procul
718 2568 959 2622 ardentes
994 2569 1118 2620 hinc
1154 2585 1323 2636 precor
1363 2565 1497 2618 abde
1533 2567 1687 2617 faces.

189 2664 242 2727 1,
280 2668 309 2716 6,
325 2700 340 2727 ,
375 2668 473 2715 37:

330 2785 402 2796 —
436 2783 511 2796 -·
545 2784 619 2796 —
653 2786 727 2797 -
761 2784 836 2799 --·
867 2771 941 2797 ·—²
975 2759 1049 2795 ·—‘
1099 2768 1206 2807 non
1245 2772 1401 2807 saeva
1443 2767 1630 2804 recuso

397 2851 664 2917 Verbera,
707 2848 941 2906 deu'acto
977 2867 1087 2903 non
1124 2868 1209 2916 ego
1245 2850 1416 2902 vincla
1457 2846 1670 2915 pedum.

188 2946 282 2999 ubi
318 2946 457 2998 conf.
476 2945 893 2999 'annotationem-
963 2945 1101 2999 Hinc
1139 2961 1302 3013 porro
1340 2944 1464 2995 talia
1493 2942 1730 3010 placent:
1773 2939 1811 3001 l,
1845 2941 1894 3002 5,

189 3044 275 3094 44.
346 3044 370 3094 I
384 3079 399 3107 ‚
438 3048 498 3107 8,
536 3046 635 3095 62:

212 3127 215 3129 ⁸
327 3135 470 3200 Quid
508 3145 730 3204 prosunt
764 3145 925 3199 auce,
971 3136 1221 3188 miserum
1257 3134 1301 3186 si
1337 3133 1535 3200 spernit
1573 3140 1829 3183 amantem

400 3232 466 3282 Et
503 3230 632 3295 sugit
675 3247 742 3280 ex
781 3231 895 3296 ipso
937 3248 1079 3280 saeva
1119 3231 1277 3295 puella
1312 3238 1430 3278 toro
1447 3226 1473 3278 ἐ’
