2158 3750
771 243 953 295 LIBR.
990 246 1031 296 1.
1101 242 1302 295 ELEG.
1339 243 1406 295 V.
1822 251 1922 297 119

227 384 374 424 narrat
403 380 459 426 ad
488 381 636 427 vilium
664 382 776 428 adeo
805 384 1033 427 mulierum
1072 384 1297 440 mplexns
1327 394 1375 427 se
1407 380 1708 437 descendisse,
1752 384 1788 426 si
1820 398 1922 441 pos·

221 470 293 508 set
321 479 506 510 avocare
534 473 724 512 mentem
753 481 782 511 a
810 469 962 511 Deliae
993 467 1270 522 cogitatione,
1306 466 1364 510 de
1394 466 1548 510 vilibus
1577 466 1640 510 ita
1667 466 1784 521 loqui
1816 467 1922 510 lice-

225 549 324 604 bat3
371 551 521 595 Deliae
560 553 807 609 amplexum
849 562 1061 605 nusquam
1101 550 1306 594 describit
1346 550 1588 594 libidinose.
1647 549 1787 592 Simul
1817 561 1921 592 vero

222 637 439 688 poeticam
479 637 690 680 rationem
730 635 817 678 loci
856 633 1097 677 considera.
1159 634 1277 680 Quid
1308 635 1420 679 enim
1449 635 1626 690 gravius
1654 638 1754 690 post
1784 633 1924 676 felicis

222 717 338 760 vitae
378 723 580 774 speratae
617 716 949 772 descn’ptionem
979 714 1060 759 hac
1089 718 1286 772 proxime
1317 717 1513 762 subiecta
1540 717 1776 760 dissolutae
1804 716 1920 759 vitae

221 801 562 856 adumbratione,
590 801 648 845 ad
674 813 804 856 quam
831 800 983 843 Deliae
1010 799 1192 856 perfidia
1221 799 1461 856 desperatis
1484 802 1526 844 in
1557 801 1687 844 rebus
1717 800 1920 856 delapsus

218 884 323 927 est?
394 885 461 926 Ac
504 883 593 926 noli
630 882 830 925 assentiri
870 880 1113 924 Huscmtro
1157 882 1342 936 aliisque
1381 883 1722 939 vituperantibus
1761 888 1918 940 poetae

216 966 598 1021 compontionem,
625 964 707 1010 sed
730 964 878 1008 missis
899 963 1073 1007 novitiis
1097 963 1268 1008 iudiciis
1293 966 1496 1020 antiquae
1528 978 1714 1022 poeseos
1743 980 1917 1012 sensum

213 1049 349 1102 affer,
389 1061 595 1093 nervosas
623 1049 922 1106 oppositiones
951 1049 1149 1092 amantis.
1185 1071 1239 1080 —
1284 1049 1337 1093 V.
1373 1051 1428 1092 41
1463 1062 1530 1104 sq.
1578 1048 1912 1103 discedens,

212 1136 347 1176 recte.
406 1131 536 1179 Quod
579 1146 762 1191 surgere
800 1145 934 1190 saepe
975 1123 1175 1176 absolute
1223 1131 1380 1176 dicitur
1422 1146 1489 1190 pr.
1518 1145 1699 1188 surgere
1729 1146 1755 1177 e
1786 1135 1913 1187 lecto,

209 1214 493 1270 similiterque
519 1212 684 1257 cubare
710 1215 772 1270 (1,
801 1218 847 1270 6,
877 1217 950 1259 11.
982 1214 1081 1271 18),
1106 1214 1207 1258 inde
1236 1228 1320 1258 non
1351 1216 1545 1270 sequitur
1574 1217 1703 1260 etiam
1736 1216 1915 1260 descen-

211 1299 335 1346 dere,
363 1299 481 1354 quod
510 1300 553 1343 in
582 1299 680 1342 aliis
709 1299 832 1343 libris
861 1305 955 1354 est,
983 1299 1045 1343 ita
1074 1299 1254 1343 dictum.
1282 1323 1340 1333 -
1382 1299 1650 1344 devotum
1679 1302 1914 1356 appellant,

209 1382 280 1425 cui
308 1383 488 1438 magicis
522 1384 689 1427 artibus
717 1385 784 1427 vis
805 1373 1001 1427 mascula
1032 1383 1233 1440 deperiit.
1265 1385 1406 1427 ovm.
1441 1386 1607 1428 Amorr.
1637 1384 1716 1437 ΙΙΙ,
1751 1388 1794 1437 7,
1823 1388 1883 1428 27
1897 1399 1910 1426 2

210 1465 332 1506 Num
379 1479 476 1507 mea
521 1465 778 1509 Thessalico
822 1465 1042 1526 languent
1085 1467 1250 1510 devota
1288 1482 1454 1510 veneno
1494 1466 1717 1523 corpora?
1791 1469 1911 1509 Num

208 1549 366 1592 miser-o
397 1564 574 1592 carmen
602 1557 651 1592 et
686 1548 828 1594 herba
854 1549 1050 1594 nocent?
1109 1553 1288 1609 Sagave
1314 1549 1510 1608 punicea
1541 1548 1700 1605 defixit
1731 1549 1911 1591 nomina

207 1648 310 1676 cera
334 1641 380 1676 et
410 1634 601 1677 medium
630 1640 785 1677 tenues
814 1633 864 1677 in
890 1634 1017 1679 iecur
1045 1635 1139 1694 egit
1170 1633 1318 1677 acus?
1361 1634 1484 1678 Adde
1515 1634 1696 1677 Heroid.
1722 1635 1798 1688 VI,
1825 1637 1908 1678 91:

209 1715 392 1759 devovet
434 1714 642 1759 absentes
681 1714 1015 1776 simulacraque
1058 1731 1183 1760 cerea
1215 1717 1332 1776 figit
1362 1724 1407 1758 et
1439 1716 1645 1760 miserum
1676 1724 1830 1760 tenues
1862 1717 1908 1758 in

204 1800 332 1842 iecur'
357 1809 489 1859 urget
519 1815 646 1846 acus.
718 1801 858 1845 Erant
898 1803 1030 1845 etiam
1072 1803 1224 1846 laneae
1265 1803 1501 1857 imagines,
1546 1807 1595 1845 ut
1627 1803 1793 1845 Amorr.
1827 1801 1906 1854 111,

201 1887 246 1937 7,
275 1887 350 1926 79.
391 1884 570 1928 videbis.
631 1884 836 1930 Ceterum
866 1886 964 1931 vide
994 1888 1234 1930 Hssmsnm
1274 1886 1328 1929 ad
1361 1887 1528 1930 Amorr.
1561 1886 1642 1940 ΙΙΙ,
1674 1891 1716 1939 7,
1745 1890 1819 1928 29.
1862 1892 1907 1929 et

201 1966 414 2009 Sua-mn
469 1981 523 2011 ac
574 1968 945 2011 Bnoucxnusmn
995 1968 1053 2011 ad
1095 1968 1331 2012 Tibullum.
1369 1991 1429 1999 —-
1489 1979 1621 2011 mea.
1686 1969 1907 2011 Assentior

203 2048 477 2105 Nonssnmo,
519 2051 791 2104 Hosouno,
835 2049 1164 2104 Laomumso,
1210 2050 1284 2105 qui
1315 2063 1455 2091 meam
1487 2049 1610 2104 (Tib.
1642 2049 1699 2103 ll,
1731 2053 1773 2103 6,
1802 2050 1902 2104 52.)

195 2131 471 2176 scribendum
500 2137 697 2176 censent.
762 2131 878 2176 Tam
906 2145 1135 2188 magnam,
1178 2132 1265 2187 ait,
1305 2133 1350 2175 in
1379 2144 1451 2176 me
1480 2133 1566 2175 vim
1595 2130 1726 2175 habet
1756 2145 1904 2175 recor-

197 2213 318 2257 datio
349 2214 526 2268 Deliae,
565 2219 617 2258 ut
643 2216 757 2259 istae
794 2214 981 2259 feminae
1020 2215 1225 2259 devotum
1254 2229 1325 2260 me
1364 2215 1421 2258 ab
1460 2228 1514 2258 ea
1544 2215 1723 2259 credant
1749 2221 1795 2259 et
1825 2229 1904 2259 ne-

197 2297 350 2341 fandas
376 2303 494 2341 artes
529 2299 720 2354 magicas
749 2300 939 2355 puellam
970 2312 1110 2343 meam
1154 2301 1266 2343 scire
1305 2303 1505 2354 narrent,
1544 2311 1642 2342 cum
1675 2312 1727 2341 ea
1757 2302 1903 2341 tamen

200 2383 293 2425 sola
335 2380 652 2438 pulchritudine
691 2395 791 2441 suar
813 2380 895 2426 hoc
924 2383 1100 2427 efficiat.
1160 2384 1237 2425 Sic
1267 2383 1410 2425 omnia
1440 2382 1550 2425 bene
1580 2394 1707 2426 nexa.
1770 2382 1903 2428 Quod

198 2466 602 2508 Wunneumcnms
631 2464 836 2524 nefanda
866 2480 963 2508 mea
994 2471 1140 2510 tuetur
1172 2472 1217 2509 et
1248 2466 1404 2523 turpia
1435 2467 1639 2522 explicat,
1668 2470 1788 2510 certe
1814 2479 1900 2510 non

196 2547 253 2590 de
282 2547 548 2603 turpitudine
577 2548 767 2602 Tibulli,
804 2547 883 2592 sed
913 2548 968 2591 de
1000 2550 1041 2592 vi
1072 2550 1224 2593 Deliae
1255 2549 1323 2593 hic
1353 2550 1522 2604 agitur,
1562 2562 1618 2592 ne
1647 2550 1732 2593 alia
1762 2550 1896 2593 adda-

193 2637 302 2675 mus.
333 2653 395 2665 —
439 2631 496 2676 V·
524 2634 596 2675 43.
628 2632 850 2687 verbis,
886 2633 1157 2677 carminibus.
1220 2634 1401 2677 Etiamsi
1433 2634 1632 2678 codicum
1663 2635 1897 2678 auctoritas

192 2717 334 2760 minus
362 2720 484 2760 certa
511 2720 655 2770 esset,
684 2720 830 2760 tamen
860 2729 932 2760 res
962 2717 1056 2773 ipsa
1087 2717 1265 2761 doceret
1295 2717 1636 2775 posthabendam
1667 2719 1898 2764 lectionem

194 2798 355 2844 herbis.
416 2801 691 2855 Quamquam
732 2800 846 2844 enim
894 2813 975 2858 per
1016 2812 1065 2843 se
1106 2802 1172 2844 vel
1207 2801 1350 2844 verbis
1393 2802 1461 2844 vel
1504 2799 1647 2844 herbis
1677 2801 1898 2857 designari

193 2885 336 2939 potuit
376 2883 575 2937 devotio,
618 2882 689 2927 hie
727 2886 872 2927 tamen
913 2884 987 2928 ubi
1030 2885 1175 2928 statim
1222 2890 1367 2941 partes
1413 2885 1608 2941 corporis
1655 2883 1896 2933 laudantur,

192 2967 434 3010 accuratior
472 2971 519 3009 et
560 2966 732 3010 suavior
770 2972 839 3011 est
868 2968 1096 3014 manifesto
1125 2970 1355 3014 verborum
1388 2970 1605 3026 oppositio
1648 2974 1693 3012 et
1730 2968 1897 3012 formae

194 3051 412 3109 pulchrae,
445 3064 573 3108 quam
598 3049 839 3097 herbarum.
901 3053 1107 3098 Ceterum
1139 3054 1220 3096 aed
1242 3055 1450 3097 omissum
1485 3067 1579 3097 esse
1610 3059 1709 3097 ante
1742 3054 1894 3096 facie

190 3146 289 3178 cum
320 3136 359 3179 vi
394 3148 473 3192 per
500 3148 550 3179 se
580 3140 715 3192 patet.
777 3135 889 3181 Vide
929 3139 1227 3196 exemplorum
1273 3140 1441 3195 copiam
1488 3138 1603 3195 apud
1648 3139 1892 3181 Damasus.

191 3217 246 3260 ud
280 3217 375 3262 [ἰν.
407 3217 443 3270 1,
471 3221 545 3271 25,
572 3220 616 3262 3.
679 3217 797 3262 Infra
827 3218 883 3274 ΙΙ,
915 3224 955 3274 1,
983 3225 1058 3265 71.
1102 3224 1146 3276 4,
1180 3225 1249 3266 19.
1299 3223 1375 3276 lv,
1410 3226 1448 3276 l,
1484 3225 1579 3268 193.
1622 3223 1792 3277 aliaque
1825 3221 1893 3264 hie

193 3299 434 3342 laudantem
463 3299 878 3345 Wunnsumcmun
900 3301 944 3346 in
966 3303 1069 3347 edit·
1090 3306 1191 3348 miii.
1217 3328 1277 3338 —
1310 3306 1361 3350 V.
1383 3309 1442 3349 45
1459 3320 1522 3361 sq.
1555 3306 1632 3349 Ta
1650 3308 1719 3348 lis
1751 3305 1789 3346 T
1806 3304 1893 3345 he-

194 3380 285 3423 tia.
346 3376 525 3424 Effudi«
549 3382 655 3427 dicit
679 3383 918 3428 Pinarium
949 3383 1095 3430 lnthm.
1119 3387 1222 3441 vll,
1243 3391 1314 3431 28.
1379 3388 1690 3431 Pulcherrima
1716 3387 1893 3442 Neptu-
