2158 3750
651 289 835 343 LIBR.
869 291 911 343 1.
982 289 1184 342 ELEG.
1222 291 1316 342 IX.
1732 300 1828 349 189

131 435 276 491 operis
306 436 520 490 Venerei,
551 432 755 492 σχήματα
785 437 866 492 τῆς
894 431 1171 493 Ἀφροδίτης.
1215 438 1352 480 Ovln.
1384 436 1477 480 Art.
1511 436 1608 480 Am·
1637 436 1694 491 II,
1724 441 1831 482 679.

131 519 210 573 111,
239 523 341 563 787.
405 520 518 563 Add.
546 521 681 564 Trist.
711 520 768 572 ΙΙ,
798 524 903 564 523.
934 520 1175 561 Mam-ut..
1209 519 1288 573 IX,
1321 534 1390 576 ep.
1421 523 1495 562 69.
1527 519 1689 562 Tibull.
1721 520 1832 562 infra

135 602 191 655 11,
213 607 255 656 6,
276 606 348 647 52.
367 625 421 637 -
454 604 849 660 disposuisse,
880 603 1018 666 Ovrn.
1042 604 1211 646 Amorr.
1236 603 1315 656 ΙΙΙ,
1333 607 1376 655 7,
1395 605 1478 646 64:
1511 617 1622 661 quos
1643 617 1723 660 ego
1746 618 1834 645 non

121 685 249 741 finxi
278 687 565 745 disposuiqaene
589 677 751 729 medos.
814 685 913 728 Hoc
944 691 1012 728 est
1038 699 1124 740 quo
1150 686 1300 728 ordine
1333 687 1535 741 excipere
1564 699 1613 729 se
1637 685 1835 729 debeant.

134 771 364 814 Postremo
394 775 490 814 aut
519 771 707 826 positum
731 773 812 823 est,
839 774 890 812 ut
911 782 1042 824 supra
1069 770 1104 822 1,
1130 772 1174 822 4,
1196 773 1268 811 48.
1299 774 1344 812 et
1370 770 1609 813 Pnopmuv.
1633 770 1669 824 Ι,
1688 773 1731 823 9,
1757 773 1843 823 10,,

134 852 178 893 in
208 833 538 908 amplificatione
571 850 763 894 eiusdem
801 849 891 903 rei,
934 862 1033 892 cum
1070 851 1254 906 primum
1301 850 1592 905 indefinitius,
1634 857 1726 895 tum
1758 851 1839 896 de-

134 933 296 976 finitius
330 933 498 977 dicitur.
559 931 672 976 Vide
708 931 845 974 multa
888 931 1090 987 exempla
1131 931 1414 974 disiunctivae
1459 933 1722 987 partIculae,
1765 933 1839 976 ubi

135 1014 422 1069 copulativam
452 1020 706 1070 exspectes,
746 1013 791 1055 in
822 1012 1006 1055 Hssrun
1047 1012 1237 1055 editione
1280 1014 1402 1068 Virg.
1435 1015 1534 1056 mai.
1567 1029 1593 1057 a
1622 1015 1841 1070 Wagnero

85 1094 93 1100 ’
136 1100 310 1148 curata,
341 1095 394 1138 T.
425 1095 503 1149 IV,
533 1110 576 1152 p.
605 1100 710 1139 577.
735 1116 794 1127 -
825 1095 879 1139 V.
912 1097 971 1138 65
995 1107 1090 1149 sqq.
1151 1096 1222 1137 At
1265 1099 1360 1138 tua
1403 1097 1754 1152 perdidicit,
1797 1102 1844 1140 at

135 1177 217 1220 tua
241 1181 386 1221 tamen
415 1189 527 1220 uxor
555 1179 687 1234 plane
712 1177 863 1220 didicit
891 1182 1040 1233 turpes
1081 1175 1158 1219 has
1199 1182 1336 1228 artes,
1383 1176 1560 1222 utnon
1601 1180 1730 1223 cedat
1769 1193 1847 1223 so·-

136 1259 240 1302 rori.
274 1283 333 1292 -
378 1273 483 1303 non
524 1262 703 1304 solita
745 1261 823 1304 ab⁴
853 1267 1004 1315 arte,
1045 1262 1218 1304 insolita
1247 1266 1364 1316 arte,
1395 1262 1451 1305 cf.
1482 1263 1518 1317 I,
1552 1267 1596 1317 5,
1627 1267 1669 1308 4.
1731 1265 1844 1307 Sen-

138 1354 236 1384 sus:
279 1342 351 1385 Tu
381 1355 471 1386 nou
496 1345 667 1398 sentis,·
697 1357 796 1387 cum
826 1358 973 1388 coram
1002 1349 1048 1387 te
1079 1343 1294 1398 habitum,
1324 1348 1524 1400 gestum,
1552 1352 1717 1391 motum
1747 1360 1847 1390 cor—

140 1429 259 1483 poris
287 1428 342 1470 ad
373 1429 597 1471 mollitiem
626 1434 672 1472 et
702 1429 971 1472 libidinosam
1005 1431 1223 1472 lasciviam
1254 1432 1488 1486 componit,
1519 1421 1646 1487 (fuam
1679 1433 1721 1475 iu
1753 1445 1846 1476 rem

142 1510 256 1554 conf.
283 1511 470 1554 'Houun
499 1511 579 1565 111,
610 1515 653 1564 6,
679 1515 752 1555 21.
783 1512 888 1566 ibiq.
921 1513 1223 1555 Mrrscnssnt..
1284 1512 1355 1554 Tu
1387 1525 1506 1567 vero,
1537 1514 1599 1555 ait
1631 1514 1849 1568 Tibullus,

82 1612 88 1620 ·
142 1591 240 1636 hinc
270 1594 514 1648 intelligere
544 1592 704 1636 dudum
731 1593 947 1647 debebas,
995 1607 1088 1636 eam
1120 1594 1277 1636 ceteris
1310 1607 1483 1648 quoque
1515 1595 1711 1640 omnibus
1741 1596 1849 1637 arti-

143 1678 225 1721 bus
258 1679 382 1721 malis
424 1664 532 1720 esse*
554 1678 776 1720 imbutam.
838 1679 915 1721 Sic
957 1691 1041 1730 non
1085 1691 1194 1734 opus
1237 1678 1407 1721 videtur
1437 1684 1485 1721 ut
1517 1679 1570 1721 de
1603 1680 1771 1722 lascivis
1803 1680 1851 1721 in‘

143 1761 327 1803 maritali
355 1761 557 1817 amplexu
586 1747 775 1802 motibus
816 1759 1001 1803 feminae
1043 1760 1185 1804 locum
1230 1774 1328 1804 cum
1358 1762 1453 1803 aliis
1485 1762 1739 1816 quibusdam
1772 1776 1849 1804 ac-

146 1846 370 1902 cipiamus·
434 1846 518 1888 Dev
546 1826 727 1888 incessu*
759 1844 956 1890 vamtrs
998 1846 1092 1888 Art.
1137 1847 1234 1888 Am.
1264 1844 1344 1898 111,
1375 1848 1499 1887 3012-
1544 1847 1671 1885 Haec
1712 1854 1854 1888 movet

146 1937 248 1972 arte
288 1928 430 1973 latua.
460 1952 514 1962 —
567 1941 668 1985 pro
709 1932 789 1982 te,
833 1928 927 1972 tibi.
956 1951 1017 1960 —
1062 1929 1242 1972 denso
1286 1928 1479 1980 dente,
1527 1928 1708 1982 pectinis
1751 1933 1855 1983 puta

150 2014 328 2068 dentati,
358 2014 475 2070 quod
503 2014 672 2057 elicitur
703 2027 728 2056 e
758 2013 892 2057 verbo
914 2020 1102 2070 pectere.
1163 2012 1276 2055 Nam
1307 2012 1413 2054 dens
1438 2024 1517 2066 pro
1543 2012 1856 2066 compositione

148 2097 290 2139 varios
318 2097 586 2150 significatus
616 2095 757 2139 habet.
830 2096 970 2140 Porro
1000 2096 1264 2150 singularem
1306 2095 1524 2150 poeticum
1564 2093 1695 2134 denso
1728 2093 1856 2136 dente

151 2191 216 2234 pr.
245 2178 390 2220 densis
418 2177 618 2222 dentibus
647 2182 693 2220 et
723 2177 792 2220 hic
822 2178 1009 2220 illustrat
1039 2178 1472 2230 WUNDERLIchS,
1509 2181 1556 2219 et
1586 2189 1715 2232 supra
1745 2176 1779 2230 Ι,
1812 2181 1856 2230 3,

151 2262 227 2302 28.
258 2260 499 2304 illustravit.
560 2259 658 2302 Non
702 2265 770 2302 est
807 2264 951 2302 autem
981 2261 1167 2302 otiosum
1200 2259 1358 2305 denso,
1399 2263 1450 2301 ut
1479 2259 1573 2314 ipse
1607 2260 1750 2312 vides,
1795 2260 1858 2302 si-

154 2342 326 2396 quidem
364 2354 463 2384 raro
494 2341 625 2385 dente
653 2355 738 2384 non
770 2341 881 2384 bene
912 2343 1100 2398 pectitur
1130 2353 1269 2385 coma.
1341 2340 1474 2384 Nihili
1505 2354 1610 2384 vero
1642 2347 1712 2384 est
1742 2341 1860 2396 quod

155 2422 360 2466 Bacmus
400 2423 623 2480 epitheton
669 2424 730 2466 ad·
766 2425 988 2466 materiem
1031 2424 1214 2479 pectinis
1260 2428 1384 2479 putat
1426 2424 1579 2467 referri
1622 2437 1766 2480 posse.
1798 2447 1858 2457 —-

158 2506 214 2551 V.
243 2510 302 2549 69
332 2521 396 2562 sq.
458 2507 579 2551 Ista
609 2507 748 2552 haec
781 2508 1100 2565 persuadet
1131 2508 1342 2562 facieS,
1384 2508 1574 2562 ironice,
1617 2513 1666 2551 ut
1696 2507 1864 2552 monuit

157 2603 195 2632 c.
227 2589 433 2634 Munna-o
465 2596 510 2634 et
538 2591 718 2635 Vunmo
749 2591 980 2635 Hermus.
1042 2592 1247 2644 Scilicet,
1291 2592 1453 2646 inquit,
1494 2593 1579 2635 ista
1611 2597 1684 2635 tua
1715 2591 1865 2635 defor-

158 2673 240 2717 mis
269 2678 315 2718 et
344 2679 457 2718 tetra
487 2674 620 2719 facies
652 2658 887 2733 persuadet
916 2677 1003 2730 illi,
1048 2681 1097 2719 ut
1126 2676 1312 2718 armillas
1343 2688 1497 2717 aureas
1528 2679 1653 2730 gerat
1685 2679 1730 2716 et
1760 2686 1865 2730 pnr-

158 2771 268 2814 pura
303 2771 361 2802 'se
401 2759 573 2802 vestiat.
631 2761 735 2800 Ista
780 2759 891 2800 haec
932 2760 1089 2814 iunge,
1130 2758 1262 2800 veluti
1306 2759 1522 2800 PLAU'rus
1567 2755 1776 2812 Amphitr.
1809 2756 1867 2809 ΙΙ,

158 2843 205 2894 2,
237 2843 341 2883 125.
369 2839 498 2884 dicit:
546 2840 647 2883 Scio
675 2841 768 2883 ista
801 2841 912 2882 haec
933 2840 1101 2899 sacta,
1135 2838 1324 2896 proinde
1356 2846 1409 2880 ut
1444 2837 1641 2896 eloquor.
1701 2837 1866 2880 Notum

163 2931 231 2969 est
268 2926 355 2967 iste
395 2925 627 2969 secundam
667 2939 894 2983 personam
935 2926 1194 2981 significare.
1269 2926 1411 2979 Atque
1454 2924 1565 2965 haec
1609 2928 1741 2978 auget
1783 2923 1870 2966 vim

164 3010 341 3052 ironiae.
414 3008 466 3052 Si
496 3013 647 3051 contra
672 3008 901 3063 iungeres:
949 3006 1184 3063 persuadet
1216 3005 1352 3060 haec,
1396 3011 1515 3048 recte
1549 3010 1694 3048 monet
1724 3005 1871 3048 th-

167 3105 451 3151 mznmcmus
493 3092 567 3134 vix
609 3089 762 3134 abesto
802 3102 933 3147 posse
974 3096 1044 3132 ut.
1107 3089 1234 3131 Nunc
1276 3089 1571 3131 constructio:
1612 3085 1873 3143 persuadet,

167 3171 339 3216 vinciat
370 3180 415 3214 et
438 3171 648 3229 prodeat,
678 3176 746 3215 est
774 3172 912 3228 qualis
943 3171 1061 3228 apud
1091 3172 1390 3215 SALLus'rmm
1421 3170 1615 3226 Iugurth.
1634 3173 1717 3213 352
1751 3169 1875 3210 Huic

170 3258 245 3313 Sp.
276 3255 499 3304 Albinus,
547 3256 626 3315 qui
649 3263 870 3313 proxumo
894 3267 1019 3299 ἀηηο
1053 3262 1162 3312 post
1191 3255 1428 3299 Baestiam
1459 3271 1557 3297 cum
1590 3256 1642 3312 Q.
1674 3252 1877 3298 Minucio

167 3337 608 3395 Ruf0·consulatum
637 3335 846 3396 gerebat,
877 3337 1124 3394 persuadet
1159 3339 1368 3396 quoniam
1399 3353 1454 3379 ex
1484 3338 1624 3393 stirpe
1655 3335 1879 3379 Masinis-

171 3434 250 3463 sae
305 3420 368 3464 sit
412 3421 775 3481 Iugurthamque
834 3416 886 3463 ob
935 3418 1102 3463 scelera
1150 3418 1324 3462 invidia
1374 3430 1477 3461 cum
1525 3426 1641 3460 metu
1701 3421 1878 3474 urgeat,
