2158 3750
742 244 926 296 LIBR.
966 247 1005 295 Ι.
1078 245 1279 296 ELEG.
1317 245 1384 295 II.
1841 249 1907 294 59

205 383 330 427 victis
373 390 415 428 et
458 386 652 442 captivis.
726 387 786 430 Et
829 401 941 431 nunc
973 387 1148 443 quidem
1181 391 1363 431 catenae
1393 390 1494 429 sunt
1522 383 1674 428 vincla
1710 383 1908 432 Veneris,

203 470 405 520 tanquam
439 470 610 524 captivo
639 469 823 512 iniectae
853 483 879 511 a
910 469 1007 522 dea,
1038 474 1088 512 ut
1118 483 1144 512 a
1178 470 1322 525 puella
1352 483 1422 525 ap.
1451 470 1691 512 Pnomzwr.
1723 467 1801 520 111,
1835 469 1908 519 15,

205 552 290 590 10³
321 566 400 592 nec
420 550 603 608 femina
626 558 734 608 post
766 558 810 592 te
848 549 946 592 ulla
978 549 1100 591 dedit
1134 550 1245 592 collo
1276 550 1429 592 dulcia
1458 548 1609 592 vincla
1640 563 1744 592 meo,
1805 549 1903 602 Iugi

203 619 570 688 comparationem>
600 635 780 678 subesse
815 640 961 677 tamen
991 635 1146 677 statuit
1172 635 1468 678 Mrrscnmzn.
1501 633 1555 676 ad
1586 633 1742 676 Horat.
1767 632 1804 686 I,
1830 635 1906 682 33,

202 715 274 756 11.
306 736 365 745 -
394 715 509 758 sibi
541 728 914 772 componere,
944 716 1329 770 praemeditantem
1359 729 1507 759 secum
1533 728 1754 760 sermones
1783 728 1904 758 ama-

200 781 346 850 torio‘s‚
376 803 425 840 ut
453 798 622 842 Vum’n
652 799 795 842 verbis
825 804 938 852 utar.
970 823 1028 831 —
1059 800 1310 842 tremula
1339 812 1500 853 voce,
1531 804 1581 841 ut
1610 798 1799 841 Hom-rs
1823 797 1900 850 lv,

200 881 269 932 13,
299 882 355 922 5:
400 888 539 923 cantu
573 881 777 925 tremulo.
806 907 866 915 --
913 882 1148 938 fingere
1178 884 1355 937 velle,
1400 881 1439 926 h.
1473 895 1512 924 e.
1545 882 1691 946 conari
1722 882 1902 936 fingere,

195 972 306 1012 quae
337 960 447 1004 bene
477 963 581 1018 fingi
613 976 697 1007 non
742 966 923 1022 possint.
984 966 1062 1009 Sic
1094 969 1162 1008 est
1191 978 1256 1022 pr.
1292 968 1472 1008 tentare.
1520 963 1658 1007 Ovm.
1690 963 1811 1006 Fast.
1840 962 1899 1016 11,

191 1043 295 1084 262.
330 1063 385 1076 —
436 1046 708 1106 ancillam
752 1046 1115 1103 detinuisse,
1162 1047 1360 1091 detinere
1406 1051 1453 1091 et
1494 1059 1620 1090 orare
1649 1051 1699 1089 ut
1729 1046 1902 1102 puellae

190 1125 382 1171 favorem
433 1128 515 1172 sibi
562 1135 849 1187 compararet.
890 1153 952 1162 -—-
1017 1112 1416 1183 circumterit,
1467 1129 1747 1172 circumstans
1797 1140 1901 1184 pre-

189 1207 301 1252 mit.
349 1210 493 1254 S‘rA‘r.
526 1211 634 1258 Silv.
665 1212 700 1267 Ι,
730 1216 775 1267 2,
802 1215 922 1256 237:
972 1211 1111 1255 omnis
1134 1210 1308 1269 plebeio
1341 1210 1509 1254 teritur
1533 1219 1780 1269 praetexta
1820 1217 1901 1252 tu-

103 1339 110 1344 *
189 1292 352 1341 multu,
384 1295 457 1339 ubi
489 1296 572 1340 vid.
605 1297 875 1341 BAn'rmma.
895 1320 956 1330 —
986 1297 1222 1354 despuit
1252 1297 1307 1339 ad
1337 1295 1620 1339 avertendum
1649 1276 1899 1351 portentum

190 1384 234 1421 et
267 1386 315 1422 ut
345 1383 544 1437 contagia
574 1388 773 1437 regerat,
817 1382 1180 1439 quemadmodum
1223 1383 1423 1425 Pmmtss
1455 1380 1663 1434 XXVIII,
1696 1382 1738 1423 4.
1779 1379 1898 1422 dicit.
1970 1418 1973 1419 ⁷

187 1465 266 1507 Sic
308 1470 375 1508 est
416 1480 487 1522 ap.
527 1467 859 1512 Tnssopnmsw.
905 1466 1106 1510 Charact.
1150 1466 1300 1509 XVI.:
1343 1459 1597 1514 μαινόμενόν
1639 1478 1687 1504 τε
1728 1457 1834 1503 ἰδών
1874 1457 1901 1516 ἢ

190 1549 422 1604 ἐπίληπτον
446 1553 601 1607 φρίξας
626 1554 684 1598 εὶς
713 1547 872 1594 κόλπον
893 1548 1071 1597 πτύσαι.
1127 1551 1239 1595 Vide
1266 1550 1439 1593 omnino
1463 1561 1594 1605 supra
1616 1546 1670 1590 ad
1693 1560 1732 1590 v.
1749 1549 1822 1590 56·
1844 1567 1898 1577 —

186 1620 603 1678 molles‘sinus.
677 1635 787 1678 Cum
830 1635 963 1690 vulgo
1005 1634 1258 1690 simpliciter
1303 1633 1522 1675 dicerent:
1569 1630 1611 1673 in
1643 1630 1785 1672 sinum
1818 1627 1900 1670 de-

183 1728 353 1770 spuere,
385 1729 499 1760 uunc
529 1718 672 1774 posito
703 1718 858 1774 plurali
890 1722 935 1760 et
965 1717 1137 1760 adiecto
1169 1714 1365 1772 epitheto
1397 1714 1542 1769 magis
1576 1712 1750 1769 poetica
1779 1711 1894 1754 facta

185 1806 253 1843 est
293 1801 451 1845 oratio.
481 1826 541 1834 —-
584 1807 667 1856 et,
711 1803 756 1845 in
798 1802 1058 1859 principium
1101 1801 1318 1844 secundae
1364 1800 1499 1856 partis
1531 1796 1791 1856 pentametri
1824 1809 1896 1839 re-

184 1883 370 1938 iectum,
401 1889 450 1927 ut
478 1885 515 1938 Ι,
544 1889 590 1940 3,
619 1889 694 1929 82,
721 1885 798 1940 lv,
827 1887 871 1939 4,
898 1888 975 1939 26,
1005 1908 1065 1917 —
1113 1886 1182 1927 At
1213 1883 1349 1926 mihi
1380 1895 1583 1939 parce,
1615 1887 1661 1924 at
1691 1894 1788 1934 me,
1819 1880 1894 1935 qui

183 1980 269 2011 non
299 1967 510 2011 contemsi
539 1973 598 2022 te,
637 1969 727 2011 noli
757 1967 918 2011 diutius
948 1967 1233 2010 inclementer
1263 1970 1465 2019 tractare,
1495 1964 1574 2008 sed
1605 1963 1763 2006 adiuva
1793 1947 1896 2006 uota

180 2052 480 2097 ardentissima
509 2058 556 2097 et
584 2054 758 2111 patefac
785 2053 952 2097 aditum
979 2053 1034 2096 ad
1063 2053 1248 2096 Deliam.
1280 2052 1418 2094 Ovm.
1454 2049 1639 2094 Heroid.
1666 2049 1744 2102 IV,
1779 2051 1891 2093 1482

181 2135 272 2194 Qui
301 2137 410 2180 mila·
438 2152 559 2180 nunc
587 2137 747 2184 saevit,
788 2136 855 2180 sic
884 2135 968 2180 tibi
991 2145 1161 2195 parcat
1191 2137 1347 2180 Amor.
1380 2157 1439 2170 —-
1470 2135 1659 2179 servit
1690 2146 1898 2191 praesens

182 2227 264 2276 est,
295 2235 382 2266 non
409 2222 652 2279 perfectum
675 2222 825 2268 servit.
887 2225 952 2267 Ac
980 2215 1118 2266 mult'o
1143 2222 1299 2265 fortius
1322 2226 1389 2264 est
1415 2232 1636 2277 praesens.
1655 2242 1716 2250 -—
1747 2217 1892 2263 Quid

179 2317 398 2349 messes
439 2306 561 2349 uris
603 2307 767 2351 tuas?
827 2306 947 2352 Quid
979 2307 1121 2350 saevis
1151 2307 1196 2348 in
1229 2306 1435 2348 clientem
1466 2308 1588 2347 tunm
1621 2308 1666 2346 et
1697 2302 1776 2345 tibi
1809 2301 1895 2358 ipsi

179 2387 381 2433 damnum
410 2390 576 2434 affers?
619 2391 763 2435 Vnae.
795 2391 904 2435 Aen.
940 2389 991 2445 V,
1023 2394 1140 2434 6⁷2:
1180 2396 1356 2432 vestras
1386 2402 1485 2445 spes
1518 2386 1679 2434 uritis,
1710 2390 1894 2430 notante

168 2472 386 2519 Hermo.
458 2473 611 2516 Simile
651 2478 720 2519 est
760 2473 1065 2531 proverbium:
1121 2471 1278 2515 vineta
1320 2486 1407 2514 sua
1453 2469 1660 2520 caedere,
1707 2469 1894 2522 Hom'r,

177 2556 316 2614 Epist.
350 2557 406 2612 II,
439 2562 482 2613 l,
512 2561 618 2603 220.
651 2580 711 2594 -
