2158 3750
680 251 865 304 LIBR.
901 250 968 303 11.
1040 249 1243 302 ELEG.
1279 249 1348 301 V.
1738 253 1841 299 269

147 400 253 443 baec
282 397 424 453 elegia
451 397 713 441 scriberetur
742 396 845 440 circ.
876 407 976 439 ann.
1006 397 1137 446 733„
1167 391 1396 436 duodecim
1425 389 1573 435 habuit
1601 403 1762 444 annos,
1797 396 1846 434 ut

143 494 258 525 nunc
286 481 473 536 intelligi
513 481 690 524 omnino
731 491 817 522 non
859 479 1011 535 possit.
1074 481 1218 532 Atque
1247 475 1355 520 baec
1384 474 1556 532 quidem
1586 475 1644 519 de
1672 480 1845 532 tempo-

144 567 279 610 ribus.
342 568 524 610 Sacrum
556 563 897 619 inaugurationis
929 563 981 605 fit
1016 563 1061 604 in
1091 561 1254 617 templo
1285 559 1495 616 Apollinis
1523 560 1732 614 Palatini,
1773 559 1848 601 ubi

146 653 370 709 probabile
405 657 498 704 est,
543 651 708 694 Vossro
739 651 968 700 monente,
1012 647 1142 688 etiam
1181 645 1395 699 Sibyllina
1424 645 1613 688 carmina
1641 645 1726 687 iam
1755 649 1847 688 tum

145 742 316 779 servata
354 748 478 788 esse,
524 732 640 789 qnod
680 733 946 775 Sus-remus
988 734 1132 772 tamen
1174 730 1289 783 Aug.
1321 731 1395 771 31.
1436 729 1491 772 ab
1534 742 1645 772 anno
1675 727 1847 772 demum

146 819 265 860 urbis
306 821 409 860 742.
447 816 605 859 factum
649 814 880 869 signifieat.
951 813 1188 857 Veniamus
1230 811 1287 855 ad
1328 817 1631 866 argumentum
1666 812 1848 869 elegiae.

145 900 336 941 Primum
378 902 507 953 poeta
545 898 718 938 invocat
751 894 1019 950 Apollinem,
1065 898 1114 935 ut
1144 894 1281 936 sacris
1311 894 1578 938 solemnibus
1607 894 1733 938 huius
1765 895 1851 939 diei

146 980 259 1023 adsit
288 993 386 1022 cum
415 979 579 1022 cithara
608 975 956 1029 carminibusque
987 980 1032 1016 et
1063 973 1244 1030 pulchre
1275 980 1464 1018 ornatus.
1524 977 1702 1032 Iamque
1733 978 1853 1021 cele-

146 1065 274 1106 brans
302 1063 432 1105 deum
462 1067 510 1104 nt
540 1066 754 1104 rectorem
782 1059 1126 1112 vaticinationis,
1169 1063 1375 1114 precatur
1405 1063 1455 1102 ut
1484 1060 1615 1102 etiam
1646 1060 1852 1103 Messali-

143 1158 247 1188 num
276 1144 433 1189 doceat
461 1158 635 1189 sensum
665 1145 872 1188 librorum
902 1144 1126 1198 Sibyllae,
1167 1155 1279 1198 quae
1310 1156 1529 1199 nunquam
1557 1143 1763 1186 frustrata
1794 1144 1852 1186 sit

142 1229 393 1282 Romanos,
435 1234 482 1272 et
524 1229 611 1272 iam
650 1229 754 1272 olim
796 1228 972 1272 Aeneae
1015 1227 1183 1270 auctori
1223 1239 1250 1270 e
1292 1228 1432 1282 patria
1474 1227 1649 1271 abeunti
1688 1226 1852 1270 faustas

142 1317 285 1355 sortes
314 1311 496 1355 dederit.
555 1311 646 1356 Sed
676 1313 779 1356 dnm
807 1312 852 1356 in
882 1325 938 1356 eo
969 1317 1035 1355 est
1065 1316 1116 1354 ut
1146 1309 1222 1354 has
1252 1315 1413 1365 narret,
1444 1310 1649 1354 dilabitur
1673 1324 1700 1354 a
1729 1315 1852 1354 recto

143 1408 274 1439 cursu
307 1402 353 1440 et
382 1397 654 1453 persequitur
685 1395 879 1440 habitum
913 1397 1133 1450 locorum,
1177 1396 1253 1438 ubi
1283 1397 1428 1439 Roma
1459 1396 1655 1450 condita,
1696 1397 1852 1440 vitam-

143 1491 230 1532 que
263 1478 522 1522 fortunatam
551 1477 795 1531 hominnm,
841 1478 915 1534 qui
958 1479 1061 1522 olim
1103 1477 1174 1522 hic
1205 1492 1302 1522 cum
1336 1480 1543 1534 gregibus
1583 1481 1672 1523 suis
1714 1479 1852 1535 dege-

142 1561 247 1604 bant
283 1562 405 1605 festis
446 1563 650 1617 cultuque
679 1562 861 1606 deorum
891 1562 1075 1618 simplici
1115 1567 1160 1605 et
1191 1562 1361 1617 gaudiis
1401 1563 1560 1606 amoris
1589 1563 1852 1620 incorruptis

143 1644 262 1686 laeti.
337 1645 449 1688 Post
490 1644 596 1688 haec
633 1645 774 1687 oratio
815 1644 860 1686 in
898 1643 1013 1686 viam
1058 1643 1173 1685 redit
1214 1648 1259 1686 et
1301 1644 1559 1700 proponitur
1599 1645 1853 1688 vaticinium

144 1728 424 1771 memorabile
465 1729 606 1784 ipsum
648 1729 822 1771 Aeneae
865 1728 1038 1781 datum3
1085 1727 1281 1770 videmus
1326 1732 1377 1770 ut
1418 1727 1644 1784 praedicat
1683 1728 1853 1782 Sibylla

145 1808 268 1852 heroi
297 1811 461 1854 aditum
490 1812 664 1855 fatalem
697 1813 754 1854 ad
784 1813 967 1865 Italiam,
997 1812 1222 1855 victoriam
1256 1809 1441 1855 hostium
1473 1825 1694 1867 novasque
1721 1812 1855 1855 urbes

145 1893 392 1936 condendas
420 1893 618 1936 Laurens
649 1900 854 1947 castrum,
892 1893 1134 1948 Lavinium,
1165 1894 1320 1937 Albam
1351 1895 1566 1949 Longam,
1596 1907 1699 1937 mox
1727 1894 1854 1937 Iliam

143 1987 171 2017 a
200 1975 346 2018 Marte
388 1988 708 2031 compressam,
754 1975 943 2029 denique
971 1975 1184 2029 originem
1215 1975 1387 2018 Romae
1414 1976 1731 2030 imperiumque
1762 1980 1853 2018 ter-

55 2098 58 2101 ,
141 2070 286 2100 rarum
333 2057 428 2100 urbi
474 2057 750 2101 destinatum.
822 2058 951 2102 Nunc
993 2062 1128 2114 poeta
1170 2057 1223 2100 ad
1269 2058 1513 2114 praesentia
1562 2061 1760 2114 tempora
1805 2071 1855 2101 se

141 2141 367 2183 convertit.
424 2139 592 2194 Sibylla
619 2136 824 2196 pr'i'hceps
854 2139 995 2183 fausta
1025 2141 1197 2184 Romae
1227 2142 1466 2196 nuntiavit,
1515 2141 1717 2198 prodigia
1747 2155 1852 2186 vero

74 2228 78 2230 “
141 2223 353 2266 terribilia
389 2235 502 2278 quae
542 2236 569 2266 a
612 2219 771 2265 ceteris
803 2222 983 2276 sibyllis
1021 2223 1245 2279 praedicta
1286 2237 1471 2267 evenere
1496 2224 1715 2267 ¹bellorum
1747 2225 1856 2267 civi-

142 2307 247 2349 lium
276 2311 475 2362 tempore
505 2316 660 2361 nuper,
690 2303 798 2348 haec
827 2306 913 2347 iam
945 2309 1041 2348 orat
1072 2306 1318 2361 Apollinem
1349 2311 1399 2348 ut
1429 2306 1603 2348 aboleat
1630 2307 1673 2348 in
1702 2311 1855 2361 poste-

143 2401 240 2432 rum
281 2393 326 2431 et
362 2387 502 2431 felicis
545 2387 806 2443 fecundique
849 2389 951 2431 aaut
992 2390 1137 2432 omina
1179 2401 1293 2432 nunc
1327 2390 1538 2446 praebeat
1567 2390 1702 2432 sacris
1733 2388 1851 2432 hisce

145 2471 342 2525 laurique
382 2470 575 2513 ardentis
612 2471 782 2527 crepitu
823 2470 982 2514 fausto.
1041 2471 1181 2513 Datur
1214 2483 1355 2514 omen.
1418 2471 1494 2514 Sic
1524 2469 1634 2514 hanc
1665 2471 1854 2514 felicita·

144 2560 232 2599 tem
263 2557 433 2611 qualem
463 2560 610 2611 sperat
638 2559 847 2611 optatque
876 2555 963 2598 iam
993 2555 1188 2611 pluribus
1219 2554 1454 2607 describit,
1498 2554 1645 2610 copias
1680 2553 1856 2596 Cereris

145 2645 191 2683 et
220 2637 407 2692 Bacchi,
451 2638 624 2694 pecoris
665 2637 875 2690 feturam,
922 2641 969 2680 et
1007 2638 1213 2680 florentes
1249 2649 1407 2691 magna
1450 2635 1657 2691 progenie
1700 2635 1853 2677 domos

143 2724 341 2779 festaque
369 2722 528 2765 ruralia
558 2733 656 2765 cum
689 2723 848 2765 amoris
888 2722 1067 2765 lusibus.
1130 2722 1179 2764 In
1212 2734 1299 2776 quo
1339 2733 1456 2764 nexu
1490 2720 1678 2774 denique
1722 2720 1853 2762 etiam

143 2821 246 2852 suos
287 2808 423 2863 ipsius
461 2819 632 2850 amores
673 2806 959 2860 Nemesisque
1000 2807 1158 2848 fastum
1202 2803 1471 2847 recordatur.
1532 2803 1649 2846 Hinc
1683 2803 1726 2844 in
1765 2803 1851 2844 fine

145 2890 200 2935 ad
230 2890 510 2934 Messalinum
542 2890 781 2933 orationem
822 2889 1037 2942 reflectit,
1082 2891 1127 2930 et
1169 2885 1269 2930 huic
1310 2884 1573 2942 triumphum
1614 2889 1854 2939 auguratur

146 2975 247 3018 olim
274 2973 602 3031 reportandum,
632 2977 914 3017 monstratum
941 2977 1059 3017 tecte
1090 2972 1175 3015 iam
1207 2973 1250 3014 in
1282 2971 1489 3025 exordio,
1522 2983 1603 3027 pro
1636 2983 1723 3025 quo
1751 2973 1852 3014 vota

146 3058 309 3100 faciens
338 3069 508 3100 carmen
552 3056 715 3098 claudit
754 3055 992 3111 egregium.
1067 3053 1303 3099 Videamus
1334 3066 1448 3097 nunc
1479 3053 1534 3095 de
1565 3052 1729 3095 unitate
1760 3053 1853 3095 ele-

146 3143 244 3199 giae
276 3147 321 3186 et
351 3139 675 3197 compositionis
700 3141 814 3183 arte.
890 3138 989 3182 Non
1021 3137 1209 3181 mirabor
1239 3138 1275 3180 si
1307 3137 1446 3193 primo
1477 3134 1688 3191 adspectu
1718 3136 1854 3177 multa

146 3226 289 3270 inesse
317 3225 507 3277 iudices,
539 3236 651 3278 quae
681 3236 708 3265 a
737 3223 903 3266 ratione
933 3222 1033 3266 festi
1065 3227 1110 3265 et
1144 3222 1240 3264 talis
1272 3220 1471 3265 carminis
1502 3220 1682 3263 consilio
1714 3219 1854 3261 aliena

148 3311 399 3363 videantur-3
426 3308 503 3352 sed
534 3307 661 3351 facile
692 3307 861 3350 ostendi
892 3310 1036 3363 potest
1059 3307 1238 3362 egregie
1269 3305 1412 3348 omnia
1444 3304 1709 3359 excogitata.
1770 3302 1854 3344 Est

149 3398 294 3438 autem
325 3392 499 3437 omnino
530 3389 756 3434 consilium
782 3389 946 3434 Tibulli
975 3389 1192 3434 illustrare
1222 3389 1464 3433 luculenter
1495 3387 1699 3432 honorem
1729 3385 1854 3430 Mes-
