2158 3750
721 273 906 326 LIBR.
940 274 980 324 Ι.
1051 271 1254 324 ELEG.
1289 271 1382 324 IV.
1836 279 1900 325 99

200 433 375 463 monus.
403 442 463 453 —
507 419 706 476 Denique
735 432 835 464 cnm
865 432 951 464 una
979 420 1038 463 sit
1067 419 1202 462 totius
1235 414 1405 461 distichi
1436 415 1665 469 sententia,
1696 415 1899 460 coniicias

200 509 340 561 atque
370 515 438 560 pr.
469 509 582 557 aut,
622 507 673 560 nt
708 501 980 546 Lucam-ms
1012 502 1068 555 V,
1100 504 1231 544 1357.
1273 499 1405 542 dicitz
1453 505 1507 540 ut
1538 495 1823 540 muliebribus
1853 497 1904 538 icl

200 582 406 628 manibus
437 583 668 631 concedere
695 582 889 630 vellent,
934 588 1074 641 alque
1102 580 1191 638 ipsi
1214 579 1374 638 potius
1402 579 1568 622 durum
1595 576 1799 636 subferre
1828 576 1902 619 la·-

200 663 370 713 borem,
414 672 555 724 atque
594 677 723 722 opere
760 663 810 706 in
850 661 960 705 duro
1004 661 1224 704 durarent
1266 660 1460 704 membra
1489 674 1751 719 manusque.
1811 659 1903 704 Sed

199 749 306 795 nihil
333 749 616 803 mutandnm3
649 746 749 803 vide
776 745 899 807 adl,
928 749 973 800 9,
1001 748 1076 789 64.
1107 767 1166 776 -
1198 746 1254 791 V.
1286 747 1361 799 49.
1392 744 1653 799 insidiis,
1685 737 1902 800 indagine,

200 835 357 890 plagis·
371 857 432 866 —
457 830 757 890 claudere,
781 833 831 889 nt
845 828 956 873 infra
971 828 1048 882 IV,
1067 831 1111 883 3,
1129 832 1182 871 ⁷:
1216 827 1375 870 densos
1392 827 1606 887 indagine
1624 827 1755 871 colles
1774 827 1903 870 clau-

201 917 399 963 dentem,
441 920 487 959 et
517 927 649 971 saepe
679 914 800 957 alias·
871 913 985 956 Sunt
1015 916 1160 955 autem
1192 912 1376 967 valles
1407 914 1566 955 altae
1598 911 1665 956 hic
1695 914 1903 956 montium

202 1013 333 1043 cavae
373 999 616 1055 convalles,
660 996 718 1040 cf.
758 996 901 1042 Vmc.
931 997 1100 1050 Georg.
1131 995 1188 1049 Il,
1219 998 1321 1040 186.
1354 976 1788 1053 (Bergsclzlzcchten)
1805 1029 1820 1051 ,
1856 1001 1905 1040 ut

201 1083 313 1126 bene
342 1082 545 1125 observat
573 1079 870 1139 Huscmth,
912 1078 1093 1123 laudans
1133 1078 1265 1121 etiam
1296 1077 1432 1120 Ovln.
1466 1077 1634 1121 Amorr.
1662 1078 1698 1131 Ι,
1729 1081 1801 1133 14,
1834 1082 1904 1122 11.

201 1163 489 1210 Conseruntur
534 1161 665 1206 etiam
706 1159 832 1203 altae
874 1159 987 1202 Idae
1029 1158 1199 1206 valles.
1247 1159 1384 1202 Ovm.
1426 1158 1570 1215 Epist.
1610 1159 1754 1214 XVII,
1802 1164 1904 1203 115.

199 1246 322 1300 XVI,
345 1249 420 1290 58.
452 1244 564 1288 Add·
588 1243 768 1287 LUCAN-
795 1242 873 1297 VI,
895 1244 1000 1286 293.
1046 1240 1122 1285 Sic
1150 1242 1322 1284 Graece
1352 1243 1530 1294 πτυχαί,
1561 1237 1725 1296 κόλποι,
1762 1237 1906 1297 μῦχοι,

200 1330 364 1386 βῆσσαι
391 1327 602 1372 montium
631 1325 847 1370 dicuntur.
907 1325 972 1368 Ac
1002 1324 1169 1368 viderat
1211 1324 1296 1368 iam
1329 1324 1549 1369 HssYmtrs
1581 1326 1675 1370 fere
1705 1326 1751 1370 in
1785 1327 1906 1370 salti-

201 1408 283 1452 bus
313 1414 358 1452 et
398 1407 618 1452 montibus
657 1407 770 1458 retia
803 1404 937 1450 tendi.
968 1426 1029 1439 —
1073 1404 1225 1448 retia
1271 1403 1439 1449 ferre.
1501 1407 1671 1450 Servile
1701 1389 1906 1452 officium.

201 1491 333 1538 Quod
363 1490 563 1546 obsequii
592 1489 841 1546 exemplum
870 1487 1044 1544 saepius
1075 1488 1274 1531 Ovmms
1304 1487 1480 1541 laudat,
1520 1493 1571 1532 ut
1601 1490 1808 1533 monitum
1841 1496 1907 1533 est

199 1576 256 1619 ab
286 1574 498 1634 Haemo,
526 1587 567 1618 v.
597 1586 637 1625 c.
668 1573 764 1616 Art.
789 1573 887 1615 Am.
916 1571 975 1625 11,
1009 1573 1110 1615 189.
1137 1570 1247 1614 Met.
1273 1569 1332 1624 x,
1361 1573 1463 1612 171.
1525 1571 1647 1614 Idem
1672 1559 1771 1615 vide
1799 1573 1908 1616 infra

196 1660 278 1714 lv,
309 1661 357 1714 3,
388 1660 461 1721 ¹²5·
489 1678 550 1690 -
595 1648 652 1702 V.
683 1657 762 1698 51.
791 1656 865 1698 52.
925 1652 1056 1697 Pacis
1087 1652 1280 1706 artibus,
1328 1652 1546 1696 venationi
1576 1659 1622 1696 et
1651 1655 1813 1698 rustico
1843 1656 1908 1698 la-

191 1742 322 1798 bori,
367 1741 561 1799 opponit,
585 1740 776 1796 deniqne
803 1737 1000 1780 militare
1029 1750 1247 1780 armorum
1279 1728 1560 1792 exercitium,
1605 1743 1758 1793 estque
1789 1755 1909 1782 nunc

197 1826 364 1870 iterum
405 1839 547 1867 unum
591 1821 814 1886 distichon
854 1818 1027 1863 duobus
1056 1818 1424 1862 antecedentibus
1454 1819 1702 1862 coniunctis
1733 1823 1910 1879 opposi-

198 1917 316 1955 tum.
374 1890 489 1959 Nam
519 1908 654 1952 etiam
682 1904 791 1950 haec
827 1910 922 1949 tota
953 1905 1221 1948 enumeratio
1253 1908 1322 1947 est
1351 1904 1462 1946 bene
1488 1903 1625 1947 divisa
1654 1905 1774 1946 suavi
1807 1918 1908 1960 par-

202 1995 354 2038 titione
385 1997 431 2036 et
461 1992 738 2050 oppositione
771 2003 930 2034 rerum.
961 2013 1021 2021 —
1066 1990 1126 2032 Si
1167 1989 1328 2032 volet
1369 2000 1534 2033 arma.
1594 1966 1806 2043 Intelligit
1833 2002 1909 2032 ru—

203 2075 303 2120 dem
333 2075 639 2132 gladiatorium
669 2087 708 2117 s.
740 2074 933 2128 ligneum
963 2070 1182 2127 gladium,
1229 2083 1317 2126 quo
1354 2070 1590 2113 utebantur
1617 2072 1780 2114 tirones
1811 2085 1909 2115 cum

200 2165 511 2210 exercerentur
539 2160 584 2202 in
614 2157 759 2203 armis.
819 2156 959 2201 Erant
999 2154 1044 2199 hi
1084 2156 1203 2198 lusus
1245 2156 1359 2198 inter
1398 2154 1607 2197 exercitia
1638 2158 1683 2197 et
1714 2153 1912 2197 oblecta-

200 2247 347 2288 menta
388 2243 590 2299 iuvenum
631 2240 956 2293 Romanorum,
1002 2243 1051 2282 ut
1093 2243 1287 2291 constat,
1332 2238 1432 2281 inde
1473 2251 1499 2280 a
1530 2237 1645 2281 bello
1677 2237 1909 2291 Cimbrico,

204 2327 263 2372 cf.
293 2327 476 2371 VAnnn.
505 2325 635 2374 MAx.
664 2324 723 2378 ΙΙ,
753 2327 799 2378 3,
824 2326 869 2367 2.
930 2322 1044 2368 Vide
1074 2323 1200 2378 plura
1230 2321 1346 2377 apud
1379 2322 1596 2364 Vunrmm
1627 2319 1684 2363 ad
1716 2318 1756 2362 h.
1789 2321 1818 2361 l.
1851 2343 1912 2351 —

204 2408 435 2463 ludere,
462 2406 691 2464 proprium
720 2406 765 2449 in
795 2404 879 2449 hoc
908 2405 1118 2448 exercitio
1149 2404 1357 2457 verbum3
1394 2403 1572 2446 laudant
1604 2403 1741 2446 Ovrn.
1774 2402 1910 2447 Trist.

201 2489 280 2545 IV,
313 2493 356 2545 1,
384 2492 473 2533 72:
529 2487 711 2546 Aspera
740 2485 930 2529 militiae
960 2485 1137 2528 iuvenis
1169 2483 1417 2527 certamina
1437 2484 1579 2543 fugi,
1610 2499 1690 2527 nec
1719 2484 1808 2528 nisi
1836 2485 1910 2527 lu-

202 2588 315 2618 sura
344 2571 560 2615 movimus
589 2583 720 2613 arma
749 2583 903 2613 manu.
942 2568 1122 2612 ΜΑΝῙῙ..
1146 2570 1392 2611 Astronom.
1415 2567 1492 2620 lV,
1515 2570 1605 2610 227
1617 2582 1628 2610 ε
1659 2569 1779 2609 Sunt
1808 2567 1911 2626 qui-

202 2654 289 2699 bus
315 2662 364 2698 et
391 2652 638 2697 simulacra
662 2649 847 2709 placent
877 2658 924 2692 et
955 2649 1093 2692 ludus
1123 2649 1171 2692 in
1203 2648 1356 2696 armis,
1387 2657 1549 2692 tantus
1579 2664 1704 2692 amor
1729 2664 1913 2708 pugnae

201 2746 272 2782 est
311 2737 579 2796 discuntque
615 2750 696 2794 per
736 2734 833 2778 otia
877 2733 1054 2778 bellum.
1124 2735 1250 2778 Haec
1281 2739 1328 2777 et
1359 2733 1444 2776 alia
1475 2735 1599 2790 plura
1630 2735 1815 2778 afferunt
1844 2735 1912 2779 in—

202 2825 444 2878 terpretes,
486 2819 676 2864 maxime
703 2818 1065 2862 Bnoucxnnsms
1101 2822 1147 2861 et
1175 2817 1397 2862 vannus.
1430 2839 1490 2847 —
1532 2817 1648 2859 levi
1690 2816 1910 2871 dextra,

133 2911 144 2921 ·
206 2916 319 2961 qnae
347 2915 435 2948 non
466 2902 591 2958 gravi
623 2901 716 2946 ictu
747 2900 873 2944 feriat
904 2900 1196 2944 adversarium
1227 2905 1438 2944 tenerum.
1467 2922 1527 2934 -—
1578 2900 1730 2942 latus
1762 2899 1912 2954 dare,

203 2986 334 3030 latus
363 2985 596 3033 nudum,
626 2991 835 3041 apertum
860 2984 980 3032 dare,
1013 2982 1181 3032 obdere,
1205 2982 1434 3041 praebere,
1462 2987 1612 3026 contra
1638 2989 1786 3040 tegere
1811 2987 1912 3026 sunt

205 3070 449 3114 locutiones
485 3067 692 3125 propriae
722 3065 921 3111 ludorum
956 3066 1208 3125 disciplinae
1240 3071 1284 3110 et
1315 3066 1490 3109 omnino
1528 3066 1735 3121 singulari
1766 3076 1913 3108 armo-

204 3166 301 3199 rum
330 3151 580 3205 certamini,
624 3150 860 3195 translatae
888 3148 1045 3194 deinde
1077 3151 1207 3194 etiam
1239 3149 1295 3193 ad
1327 3162 1428 3202 eos,
1471 3148 1545 3203 qui
1579 3148 1810 3192 verborum
1839 3161 1912 3191 re-

205 3236 561 3295 prehensionibus
596 3247 746 3279 ansam
790 3235 1010 3292 praebent.
1073 3234 1186 3280 Vide
1214 3234 1587 3278 Bnoucrumsmm
1620 3236 1664 3274 et
1694 3230 1911 3275 Vum‘nm

206 3321 263 3365 ad
304 3319 346 3364 h.
378 3322 407 3367 l.
449 3326 493 3364 et
535 3320 661 3364 Ln’s.
704 3320 880 3363 Saturn.
924 3320 1066 3365 Serm.
1099 3319 1157 3375 11,
1186 3323 1264 3363 20.
1293 3324 1407 3363 extr.
1467 3316 1506 3360 Ε
1553 3316 1724 3359 Graeca
1765 3316 1913 3368 lingua

207 3402 404 3448 conferas
445 3402 561 3458 qnod
605 3416 631 3446 a
674 3402 790 3447 lucta
827 3402 1008 3459 petitum
1052 3406 1120 3447 est
1163 3396 1302 3458 λαβήν
1342 3399 1619 3457 παραδοῦναι
1662 3399 1913 3441 Amsrot-u.

1361 3482 1438 3533 7*
