2158 3750
303 229 387 288 82
790 229 1097 288 TIBULLI
1163 229 1303 286 LlB.
1344 229 1436 289 lv.
1473 245 1512 290 1.

405 387 643 445 Centum
688 384 965 444 sccundos
1013 384 1182 443 Titan
1224 384 1576 443 renovaverit
1617 409 1830 461 annoS‚

406 496 534 575 Ipse
582 508 769 552 tamen
810 491 968 551 velox
1014 491 1250 553 celerem
1294 516 1468 575 super
1509 493 1674 562 edere
1718 519 1927 578 corpus

307 602 634 684 115Gaudet
659 625 865 683 equum
889 599 1201 684 validisque
1226 601 1385 661 sedet
1414 601 1740 662 moderator
1756 601 2010 664 habenis

398 712 478 769 Te
525 709 670 770 duce
713 734 833 776 non
885 708 1022 769 alias
1067 733 1371 769 conversus
1412 725 1569 791 terga
1616 710 1878 778 domator

396 819 605 878 Libera
649 819 943 879 Romanae
988 817 1231 878 subiecit
1275 817 1417 877 colla
1463 833 1708 878 catenae.

479 928 595 986 Nee
643 941 829 986 tamen
874 925 963 986 his
993 941 1290 986 contentus
1330 927 1468 986 eris:
1514 927 1730 987 maiora
1763 927 2006 1010 peractis

390 1035 627 1108 Instant,
675 1049 1026 1117 compertum
1065 1050 1148 1094 est
1186 1034 1481 1094 veracibus
1528 1050 1588 1094 ut
1626 1035 1767 1095 mihi
1809 1036 2008 1116 sigum,

294 1143 543 1222 120Quis
588 1142 1008 1227 Amythaonius
1054 1157 1299 1224 nequeat
1340 1157 1551 1201 certare
1590 1143 1928 1227 Melampus.

391 1252 535 1317 Nam
584 1250 757 1316 modo
798 1249 1109 1330 fulgentem
1155 1248 1334 1334 Tyrio
1380 1249 1739 1330 subtegmine
1776 1266 1983 1312 vestem

385 1359 666 1418 Indueras
712 1358 928 1418 oriente
976 1357 1067 1417 die
1110 1356 1255 1419 duce
1301 1356 1501 1419 fertilis
1553 1357 1717 1432 anni,

389 1467 763 1549 Splendidior
803 1466 1036 1549 liquidis
1079 1490 1207 1527 cum
1247 1465 1348 1526 Sol
1386 1481 1557 1550 caput
1594 1465 1785 1527 extulit
1829 1469 2001 1529 undis

390 1575 461 1633 Et
507 1576 626 1636 fera
669 1575 963 1636 discordes
1012 1589 1315 1635 tenuerunt
1357 1574 1590 1635 flamina
1634 1577 1811 1651 venti,

288 1696 372 1739 125
390 1684 573 1742 Curva
617 1708 721 1744 nec
764 1698 1017 1743 assuetos
1065 1698 1304 1763 egerunt
1345 1683 1584 1743 flumina
1629 1707 1857 1758 cursus,

386 1790 541 1870 Quin
574 1792 839 1873 rapidum
869 1791 1110 1874 placidis
1142 1791 1309 1851 etiam
1341 1814 1497 1851 mare
1529 1792 1779 1852 constitit
1808 1793 1996 1868 undi8‚

379 1899 550 1959 Nulla
591 1924 695 1959 nec
742 1901 921 1960 aerias
964 1899 1208 1960 volucris
1252 1899 1570 1983 perlabitur
1613 1924 1782 1962 auras

376 2008 494 2067 Nec
541 2008 870 2091 quadrupes
918 2008 1124 2068 densas
1172 2007 1500 2091 depascitur
1551 2033 1754 2093 aspera
1791 2009 1996 2084 silvas,

383 2115 542 2194 Quin
589 2115 793 2196 largita
839 2117 948 2176 tuis
998 2131 1131 2175 sunt
1174 2132 1331 2176 muta
1377 2116 1602 2177 silentia
1643 2118 1802 2178 votis.

280 2224 639 2306 1301uppiter
681 2225 803 2305 ipse
850 2223 956 2283 levi
1001 2238 1193 2285 vectus
1240 2247 1344 2307 per
1387 2216 1582 2285 inania
1627 2249 1801 2286 curru

375 2331 560 2392 Affuit
599 2346 651 2391 et
697 2332 851 2392 caelo
890 2332 1139 2392 vicinum
1184 2331 1348 2415 liquit
1395 2332 1711 2420 Olympum

373 2442 708 2523 Intentaque
755 2442 866 2500 tuis
912 2441 1180 2523 precibus
1223 2464 1282 2501 se
1322 2442 1589 2524 praebuit
1633 2463 1769 2503 aure

373 2549 704 2632 Cunctaque
749 2549 934 2609 veraci
975 2549 1157 2632 capite
1204 2550 1431 2610 annuit:
1501 2549 1888 2636 additusssaris

370 2659 600 2720 Laetior
643 2659 813 2720 eluxit
857 2674 1102 2720 structos
1146 2683 1320 2742 super
1360 2660 1510 2741 ignis
1555 2685 1799 2722 acervos,

272 2784 360 2830 135
462 2771 621 2852 Quin
661 2771 924 2831 hortante
971 2770 1078 2830 deo
1122 2770 1348 2851 magnis
1393 2771 1654 2831 insistere
1696 2773 1867 2834 rebus

215 2861 222 2870 ἢ
365 2879 592 2963 Incipe:
655 2905 774 2941 non
818 2879 970 2939 idem
1006 2878 1110 2939 tibi
1152 2878 1264 2938 sint
1310 2877 1546 2963 aliisque
1590 2868 1880 2965 triumphi.

366 2988 498 3048 Non
542 3002 595 3047 te
637 2987 823 3048 vicino
868 2986 1251 3048 remorabitur
1293 2987 1460 3048 obvia
1503 2989 1689 3048 Marte

366 3094 553 3156 Gallia
598 3119 704 3156 nec
749 3095 877 3156 latis
918 3096 1104 3157 audax
1142 3095 1423 3179 Hispania
1467 3097 1632 3157 terris
1668 3109 1672 3114 “
1739 3120 1754 3124 “

361 3205 479 3266 Nec
523 3206 643 3266 fera
688 3206 947 3267 Theraeo
984 3206 1147 3267 tellus
1190 3207 1423 3268 obsessa
1468 3208 1702 3282 colone,

263 3314 478 3375 140Nec
526 3338 637 3398 qua
682 3313 766 3375 vel
807 3314 970 3376 Nilus
1016 3315 1101 3377 vel
1148 3316 1302 3398 regia
1348 3315 1586 3402 lympha
1631 3315 1920 3400 Choaspes

2115 477 2126 490 Ι

2134 493 2158 621 mm·-
