2158 3750
352 251 457 302 460
744 249 1212 304 COMMENTAR.
1241 250 1319 302 IN
1355 249 1644 302 TIBULLI

356 391 469 435 unde
499 390 732 447 respondet
762 391 803 433 ei
838 395 981 445 poeta.
1053 389 1210 444 Neque
1240 390 1355 433 enim
1384 391 1473 433 ulla
1504 389 1654 434 harum
1687 389 1920 446 elegiarum
1950 391 2044 434 sine

353 479 473 516 certa
515 472 696 527 quadam
740 475 919 515 externa
958 484 1089 514 causa
1133 475 1201 514 est
1243 472 1418 527 scripta.
1491 473 1722 515 Videamus
1762 486 1876 516 nunc
1915 485 2046 527 argu-

353 562 557 600 mentum.
618 558 811 611 Summa,
840 562 889 599 ut
918 557 1051 609 alias,
1094 556 1240 599 statim
1282 557 1326 598 in
1369 557 1580 613 principio
1611 558 1773 612 legitur
1801 557 2044 600 enuntiata:

353 643 484 685 Nulla
513 643 598 684 alia
628 642 814 684 abducet
846 655 915 684 me
942 655 967 682 a
998 645 1067 694 te,
1113 640 1192 683 tibi
1221 641 1265 682 in
1295 645 1552 696 perpetuum
1581 653 1651 683 me
1682 640 1842 684 addixi.
1901 639 2047 693 Atque

351 726 396 768 in
443 725 507 768 his
556 725 823 782 explicandis
865 728 1062 768 versatur
1107 723 1266 777 elegia.
1337 722 1410 764 Tu
1456 723 1568 764 enim
1610 723 1704 765 sola
1746 721 1847 765 mihi
1887 721 2048 776 places,

352 810 520 865 pergit,
560 814 690 863 atque
719 810 881 852 utinam
912 809 985 851 alii
1014 807 1174 851 nemini
1205 808 1404 863 placeas3
1453 806 1607 850 lubens
1639 819 1767 849 careo
1796 804 2048 848 celebritate

353 908 406 937 ca
436 894 551 948 quod
582 895 795 949 insignem
825 894 1012 949 puellam
1044 891 1250 945 habeam,
1281 897 1424 935 tecum
1456 893 1618 948 possim
1648 893 1692 934 in
1723 892 1840 934 silvis
1870 896 1914 933 et
1943 890 2048 932 soli·
2130 931 2131 934 ,

354 977 501 1020 tudine
525 979 694 1030 vivere,
725 989 777 1019 ac
807 977 910 1019 licet
933 989 958 1018 e
992 977 1113 1018 caelo
1143 976 1339 1018 mittatur
1367 976 1529 1029 amica,
1561 978 1708 1019 Venus
1738 976 1832 1032 ipsa
1863 987 1948 1017 non
1979 986 2050 1016 me

351 1062 513 1116 poterit
556 1061 718 1102 artibus
759 1059 848 1102 suis
892 1072 919 1101 a
960 1065 1004 1100 te
1045 1070 1240 1101 avocare.
1314 1057 1606 1101 Effunduntur
1637 1057 1741 1101 haec
1771 1056 2048 1108 vividissime‚

351 1157 437 1186 uno
478 1144 668 1199 impetu,
714 1142 853 1196 magis
895 1142 1120 1195 magisque
1161 1141 1451 1183 incalescente
1493 1143 1651 1183 animo.
1712 1140 1840 1183 Nunc
1870 1139 2047 1182 attende
2111 1132 2114 1133 ⁷

352 1225 568 1279 quomodo
599 1226 728 1266 finem
758 1223 945 1265 inveniat
975 1224 1130 1277 elegia.
1203 1221 1323 1266 Ecce
1365 1228 1544 1279 repente
1576 1236 1631 1265 ex
1662 1223 1821 1265 affectu
1850 1222 1964 1264 redit
1993 1222 2050 1264 ad
2130 1226 2131 1230 ’

350 1323 411 1352 se.
475 1306 592 1354 Quid
635 1306 747 1348 facio
789 1305 1004 1348 demens?
1063 1304 1210 1348 Prodo
1239 1304 1487 1360 imprudens
1519 1304 1718 1347 ardorem
1748 1316 1891 1346 meum
1922 1304 2046 1359 puel·

349 1394 446 1444 lae,
492 1402 602 1444 quae
632 1402 745 1430 nunc
780 1401 935 1430 secura
967 1387 1125 1430 amoris
1160 1387 1270 1441 mei,
1316 1387 1503 1431 difficilis
1535 1388 1617 1431 erit
1648 1393 1692 1430 et
1722 1387 1949 1443 superbius
1979 1400 2049 1431 me

349 1478 461 1515 uret.
524 1471 641 1517 Quid
674 1470 842 1524 igitur?
904 1466 1096 1511 Manebo
1128 1469 1196 1510 vel
1228 1468 1319 1522 sic,
1351 1469 1521 1525 pergit,
1550 1469 1595 1511 in
1625 1469 1834 1511 servitute
1864 1469 2049 1524 puellae,
2111 1460 2122 1475 ³

351 1571 378 1599 a
408 1568 490 1609 qua
522 1553 746 1596 discedere
777 1552 948 1594 omnino
979 1564 1064 1593 uon
1095 1564 1283 1607 possum.
1348 1553 1412 1594 Ac
1453 1553 1491 1594 si
1530 1551 1678 1594 durius
1717 1551 1900 1606 habeas,
1943 1565 2049 1595 eon-

350 1641 514 1694 fugiam
555 1639 609 1681 ad
644 1651 761 1679 aram
792 1637 997 1688 Veneris,
1040 1649 1151 1690 quae
1182 1636 1304 1691 punit
1334 1635 1517 1678 iniustos
1549 1641 1594 1679 et
1623 1636 1887 1692 supplicibus
1917 1635 2050 1679 favet.
2118 1659 2119 1663 =

349 1721 485 1766 Vides
515 1721 626 1762 bene
658 1731 809 1761 novam
843 1717 1140 1771 gradationem
1173 1717 1414 1759 sententiae
1444 1717 1657 1773 additam,
1702 1720 1739 1762 si
1770 1718 1943 1773 quidem
1981 1719 2050 1761 vel

351 1803 567 1848 crudelius
598 1801 767 1844 habitus
799 1813 886 1842 non
927 1799 1108 1841 desistet
1149 1798 1204 1840 ab
1245 1811 1392 1841 amore
1433 1812 1538 1854 suo,
1582 1804 1800 1843 ettamen
1831 1800 1977 1843 finitur
2005 1803 2051 1842 et
2123 1793 2126 1802 ’

349 1887 587 1930 absolvitur
634 1885 762 1927 etiam
805 1884 1025 1940 aptissime
1075 1883 1217 1937 elegia
1263 1897 1361 1926 cum
1405 1882 1487 1927 hoc
1535 1884 1809 1928 considerate
1859 1883 2049 1940 repetito

351 1971 531 2014 consilio
566 1973 803 2025 perpetuae
846 1968 1113 2010 constantiae
1152 1973 1413 2024 speratoque
1454 1968 1616 2011 auxilio
1646 1967 1842 2011 Veneris.
1916 1965 2049 2008 Cete-

351 2069 446 2098 rum
494 2054 549 2095 de
597 2058 815 2095 structura
867 2053 1066 2094 carminis
1116 2052 1312 2104 notabis,
1368 2065 1452 2094 non
1499 2052 1733 2094 discretum
1785 2049 1854 2093 hic
1899 2047 2048 2092 haberi

352 2135 674 2187 exordium,
729 2133 808 2175 sed
860 2133 1083 2174 confusum
1141 2146 1236 2175 cum
1289 2133 1567 2187 sequentibus
1613 2145 1699 2175 una
1744 2132 2048 2188 perpetuitate,

350 2216 466 2270 quod
498 2216 629 2257 semel
674 2213 742 2256 hic
787 2213 956 2255 admisit
988 2213 1187 2256 Tibullus
1218 2215 1260 2256 iu
1305 2228 1434 2272 parva
1476 2215 1630 2270 elegia,
1692 2215 1900 2258 Exitus
1942 2227 2047 2258 vero

349 2298 549 2340 distincte
580 2299 805 2353 separatur
835 2309 860 2337 a
892 2296 1060 2339 ceteris.

974 2621 1421 2677 EXPLICATIO.

466 2802 523 2846 V.
566 2803 718 2844 1-16.
790 2801 959 2843 Prior
1011 2814 1142 2858 pars
1196 2801 1479 2844 carminis.
1551 2799 1713 2841 Iurat
1763 2799 1938 2853 poeta
1990 2797 2045 2838 in

347 2889 688 2939 perpetuum
745 2896 804 2926 se
857 2883 1147 2925 addIctum
1204 2884 1434 2938 puellae
1496 2895 1663 2934 suae,
1729 2883 1783 2922 et
1837 2880 2045 2922 nullam

346 2968 511 3009 aliam
555 2979 790 3021 unquam
833 2966 947 3008 sibi
993 2967 1351 3021 placituram.

465 3051 521 3093 V.
557 3054 579 3091 1
613 3063 676 3103 sq.
733 3048 1020 3091 subducet
1064 3051 1300 3104 lectum,
1356 3050 1508 3092 dolose
1549 3047 1781 3103 surripiet,
1827 3045 2045 3088 blanditiis
2103 3032 2105 3035 ⁸

349 3134 437 3176 suis
466 3147 535 3175 me
565 3133 783 3174 abducens
814 3146 839 3174 a
870 3137 928 3186 te,
960 3135 1204 3188 explicante
1235 3135 1347 3177 bene
1378 3134 1585 3186 ΗΕΥΝῙΟ,
1617 3132 1690 3186 qui
1722 3128 1889 3173 confert
1919 3130 2041 3171 Pno-
2107 3157 2111 3170 .

348 3230 484 3259 PERT.
515 3215 550 3268 I,
581 3219 624 3268 8,
659 3218 746 3257 45:
793 3216 884 3255 Nec
915 3215 1023 3256 milli
1053 3216 1211 3259 rivalis
1243 3225 1386 3260 certos
1418 3215 1629 3259 subducit
1661 3227 1843 3256 amores·
1903 3212 2044 3254 Porro

346 3302 490 3343 lectus
521 3305 588 3343 est
618 3301 907 3355 consuetudo,
956 3315 1101 3355 amor,
1150 3306 1198 3344 ut
1240 3308 1412 3355 notum,
1461 3306 1505 3344 et
1553 3301 1804 3354 comparant
1841 3297 2043 3339 Suu-ius
2107 3344 2109 3346 ³

349 3380 650 3434 HEYNIUSque
681 3379 815 3436 Soph.
848 3380 1018 3426 Electrf
1042 3395 1083 3426 v.
1114 3384 1216 3426 116.
1247 3383 1320 3425 ubi
1354 3377 1476 3428 ειῖνὰς
1505 3373 1862 3428 ῑῖῑιοκλεῖιτὸμενοι
1892 3374 2042 3418 viden-
