<?xml version="1.0" encoding="UTF-8"?>
<!DOCTYPE html PUBLIC "-//W3C//DTD XHTML 1.0 Transitional//EN"
    "http://www.w3.org/TR/xhtml1/DTD/xhtml1-transitional.dtd">
<html xmlns="http://www.w3.org/1999/xhtml" xml:lang="en" lang="en">
 <head>
  <title>
</title>
<meta http-equiv="Content-Type" content="text/html;charset=utf-8" />
  <meta name='ocr-system' content='tesseract 3.04.00' />
  <meta name='ocr-capabilities' content='ocr_page ocr_carea ocr_par ocr_line ocrx_word'/>
</head>
<body>
  <div class='ocr_page' id='page_1' title='image "./carminaexrecensi01tibuuoft_0737.png"; bbox 0 0 2158 3750; ppageno 0'>
   <div class='ocr_carea' id='block_1_1' title="bbox 656 240 1841 295">
    <p class='ocr_par' dir='ltr' id='par_1_1' title="bbox 656 240 1841 295">
     <span class='ocr_line' id='line_1_1' title="bbox 656 240 1841 295; baseline 0.002 -2"><span class='ocrx_word' id='word_1_1' title='bbox 656 242 839 295; x_wconf 90' lang='lat' dir='ltr'>LIBR.</span> <span class='ocrx_word' id='word_1_2' title='bbox 875 243 968 294; x_wconf 86' lang='lat' dir='ltr'>IV.</span> <span class='ocrx_word' id='word_1_3' title='bbox 1042 240 1255 294; x_wconf 86' lang='lat' dir='ltr'>CARM.</span> <span class='ocrx_word' id='word_1_4' title='bbox 1291 243 1333 294; x_wconf 94' lang='grc' dir='ltr'>Ι.</span> <span class='ocrx_word' id='word_1_5' title='bbox 1738 246 1841 295; x_wconf 87' lang='grc'>405</span> 
     </span>
    </p>
   </div>
   <div class='ocr_carea' id='block_1_2' title="bbox 124 384 1840 1348">
    <p class='ocr_par' dir='ltr' id='par_1_2' title="bbox 127 384 1840 1186">
     <span class='ocr_line' id='line_1_2' title="bbox 140 384 1840 446; baseline 0.003 -21"><span class='ocrx_word' id='word_1_6' title='bbox 140 395 224 436; x_wconf 90' lang='lat' dir='ltr'>que</span> <span class='ocrx_word' id='word_1_7' title='bbox 254 384 402 428; x_wconf 76' lang='lat' dir='ltr'>Gssm..</span> <span class='ocrx_word' id='word_1_8' title='bbox 436 384 564 430; x_wconf 85' lang='lat' dir='ltr'>Noct.</span> <span class='ocrx_word' id='word_1_9' title='bbox 591 385 680 430; x_wconf 79' lang='lat' dir='ltr'>Att.</span> <span class='ocrx_word' id='word_1_10' title='bbox 705 385 825 440; x_wconf 87' lang='lat' dir='ltr'><strong>XIV,</strong></span> <span class='ocrx_word' id='word_1_11' title='bbox 843 391 886 441; x_wconf 87' lang='grc'>6,</span> <span class='ocrx_word' id='word_1_12' title='bbox 909 389 963 431; x_wconf 81' lang='lat'>3:</span> <span class='ocrx_word' id='word_1_13' title='bbox 998 386 1153 446; x_wconf 83' lang='lat' dir='ltr'>Atque</span> <span class='ocrx_word' id='word_1_14' title='bbox 1183 386 1303 429; x_wconf 83' lang='lat' dir='ltr'>illud</span> <span class='ocrx_word' id='word_1_15' title='bbox 1336 385 1471 429; x_wconf 84' lang='lat' dir='ltr'>etiam</span> <span class='ocrx_word' id='word_1_16' title='bbox 1497 384 1712 444; x_wconf 77' lang='lat' dir='ltr'>scriptam</span> <span class='ocrx_word' id='word_1_17' title='bbox 1735 387 1840 446; x_wconf 80' lang='lat' dir='ltr'>fuit</span> 
     </span>
     <span class='ocr_line' id='line_1_3' title="bbox 133 467 1838 530; baseline 0.005 -23"><span class='ocrx_word' id='word_1_18' title='bbox 133 487 194 497; x_wconf 90' lang='lat'>·-</span> <span class='ocrx_word' id='word_1_19' title='bbox 232 474 386 509; x_wconf 84' lang='lat' dir='ltr'>utrum</span> <span class='ocrx_word' id='word_1_20' title='bbox 421 471 462 510; x_wconf 79' lang='grc' dir='ltr'>ἓν</span> <span class='ocrx_word' id='word_1_21' title='bbox 508 470 567 528; x_wconf 72' lang='grc' dir='ltr'>τῇ</span> <span class='ocrx_word' id='word_1_22' title='bbox 604 469 683 512; x_wconf 68' lang='grc' dir='ltr'>ἴσω</span> <span class='ocrx_word' id='word_1_23' title='bbox 721 467 928 528; x_wconf 78' lang='grc' dir='ltr'><em>θαλάσσῃ</em></span> <span class='ocrx_word' id='word_1_24' title='bbox 964 471 1117 515; x_wconf 80' lang='lat' dir='ltr'><em>Ulixes</em></span> <span class='ocrx_word' id='word_1_25' title='bbox 1144 471 1364 515; x_wconf 82' lang='lat' dir='ltr'>erraverit</span> <span class='ocrx_word' id='word_1_26' title='bbox 1394 468 1507 514; x_wconf 71' lang='grc' dir='ltr'><em>κατά</em></span> <span class='ocrx_word' id='word_1_27' title='bbox 1536 468 1838 530; x_wconf 76' lang='grc' dir='ltr'><em>Ἀρίσταρχον,</em></span> 
     </span>
     <span class='ocr_line' id='line_1_4' title="bbox 135 548 1839 610; baseline 0.005 -20"><span class='ocrx_word' id='word_1_28' title='bbox 135 563 196 590; x_wconf 84' lang='lat' dir='ltr'>cm</span> <span class='ocrx_word' id='word_1_29' title='bbox 230 552 272 591; x_wconf 75' lang='grc' dir='ltr'>ἓν</span> <span class='ocrx_word' id='word_1_30' title='bbox 305 553 365 609; x_wconf 79' lang='grc' dir='ltr'>τῇ</span> <span class='ocrx_word' id='word_1_31' title='bbox 398 551 472 598; x_wconf 69' lang='grc' dir='ltr'>ἔξω</span> <span class='ocrx_word' id='word_1_32' title='bbox 512 548 627 594; x_wconf 69' lang='lat' dir='ltr'>narni</span> <span class='ocrx_word' id='word_1_33' title='bbox 654 549 891 610; x_wconf 74' lang='grc' dir='ltr'>Κράτητα.</span> <span class='ocrx_word' id='word_1_34' title='bbox 951 554 1044 596; x_wconf 88' lang='lat' dir='ltr'>Res</span> <span class='ocrx_word' id='word_1_35' title='bbox 1076 559 1196 598; x_wconf 85' lang='lat' dir='ltr'>nota.</span> <span class='ocrx_word' id='word_1_36' title='bbox 1255 555 1502 610; x_wconf 89' lang='lat' dir='ltr'>Disputavit</span> <span class='ocrx_word' id='word_1_37' title='bbox 1537 554 1592 596; x_wconf 90' lang='lat' dir='ltr'>de</span> <span class='ocrx_word' id='word_1_38' title='bbox 1623 567 1675 597; x_wconf 87' lang='lat' dir='ltr'>ea</span> <span class='ocrx_word' id='word_1_39' title='bbox 1704 568 1839 610; x_wconf 89' lang='lat' dir='ltr'>quae-</span> 
     </span>
     <span class='ocr_line' id='line_1_5' title="bbox 132 631 1838 689; baseline 0.004 -17"><span class='ocrx_word' id='word_1_40' title='bbox 132 631 273 674; x_wconf 79' lang='lat' dir='ltr'>stione</span> <span class='ocrx_word' id='word_1_41' title='bbox 312 634 441 675; x_wconf 87' lang='lat' dir='ltr'>etiam</span> <span class='ocrx_word' id='word_1_42' title='bbox 474 634 736 676; x_wconf 71' lang='lat' dir='ltr'>Cnuvssnms</span> <span class='ocrx_word' id='word_1_43' title='bbox 770 634 891 678; x_wconf 89' lang='lat' dir='ltr'>Sicil.</span> <span class='ocrx_word' id='word_1_44' title='bbox 923 635 1067 689; x_wconf 79' lang='lat' dir='ltr'>Antiq.</span> <span class='ocrx_word' id='word_1_45' title='bbox 1099 635 1167 688; x_wconf 89' lang='lat'>11,</span> <span class='ocrx_word' id='word_1_46' title='bbox 1201 638 1272 679; x_wconf 73' lang='lat'>17.</span> <span class='ocrx_word' id='word_1_47' title='bbox 1334 636 1426 679; x_wconf 88' lang='lat' dir='ltr'>Sed</span> <span class='ocrx_word' id='word_1_48' title='bbox 1466 649 1612 679; x_wconf 87' lang='lat' dir='ltr'>veram</span> <span class='ocrx_word' id='word_1_49' title='bbox 1645 635 1838 679; x_wconf 74' lang='lat' dir='ltr'>Homum</span> 
     </span>
     <span class='ocr_line' id='line_1_6' title="bbox 131 715 1835 773; baseline 0.005 -19"><span class='ocrx_word' id='word_1_50' title='bbox 131 715 387 758; x_wconf 85' lang='lat' dir='ltr'>sententiam</span> <span class='ocrx_word' id='word_1_51' title='bbox 428 727 567 771; x_wconf 80' lang='lat' dir='ltr'><strong>nuper</strong></span> <span class='ocrx_word' id='word_1_52' title='bbox 606 717 770 773; x_wconf 87' lang='lat' dir='ltr'>optime</span> <span class='ocrx_word' id='word_1_53' title='bbox 813 717 1022 772; x_wconf 81' lang='lat' dir='ltr'><strong>explicuit</strong></span> <span class='ocrx_word' id='word_1_54' title='bbox 1051 717 1300 771; x_wconf 67' lang='lat' dir='ltr'>Voncxmt,</span> <span class='ocrx_word' id='word_1_55' title='bbox 1344 719 1412 760; x_wconf 84' lang='lat' dir='ltr'>vir</span> <span class='ocrx_word' id='word_1_56' title='bbox 1452 718 1752 772; x_wconf 87' lang='lat' dir='ltr'>doctissimus,</span> <span class='ocrx_word' id='word_1_57' title='bbox 1793 717 1835 762; x_wconf 86' lang='lat' dir='ltr'>iu</span> 
     </span>
     <span class='ocr_line' id='line_1_7' title="bbox 132 796 1838 856; baseline 0.004 -19"><span class='ocrx_word' id='word_1_58' title='bbox 132 796 242 839; x_wconf 89' lang='lat' dir='ltr'>libro</span> <span class='ocrx_word' id='word_1_59' title='bbox 272 797 327 840; x_wconf 87' lang='lat' dir='ltr'>de</span> <span class='ocrx_word' id='word_1_60' title='bbox 359 797 639 854; x_wconf 85' lang='lat' dir='ltr'>Geographia</span> <span class='ocrx_word' id='word_1_61' title='bbox 670 798 870 841; x_wconf 86' lang='lat' dir='ltr'>Homeri.</span> <span class='ocrx_word' id='word_1_62' title='bbox 930 797 1179 840; x_wconf 82' lang='lat' dir='ltr'>Redeamus</span> <span class='ocrx_word' id='word_1_63' title='bbox 1208 798 1263 840; x_wconf 89' lang='lat' dir='ltr'>ad</span> <span class='ocrx_word' id='word_1_64' title='bbox 1295 804 1488 843; x_wconf 89' lang='lat' dir='ltr'>nostrum</span> <span class='ocrx_word' id='word_1_65' title='bbox 1519 806 1719 856; x_wconf 88' lang='lat' dir='ltr'>poetam,</span> <span class='ocrx_word' id='word_1_66' title='bbox 1763 801 1838 855; x_wconf 85' lang='lat' dir='ltr'>qui</span> 
     </span>
     <span class='ocr_line' id='line_1_8' title="bbox 131 879 1836 939; baseline 0.002 -15"><span class='ocrx_word' id='word_1_67' title='bbox 131 882 284 924; x_wconf 88' lang='lat' dir='ltr'>melius</span> <span class='ocrx_word' id='word_1_68' title='bbox 339 883 546 925; x_wconf 76' lang='lat' dir='ltr'>tacuisset</span> <span class='ocrx_word' id='word_1_69' title='bbox 597 879 707 925; x_wconf 88' lang='lat' dir='ltr'>hanc</span> <span class='ocrx_word' id='word_1_70' title='bbox 748 881 975 925; x_wconf 90' lang='lat' dir='ltr'>doctorum</span> <span class='ocrx_word' id='word_1_71' title='bbox 1027 883 1175 934; x_wconf 89' lang='lat' dir='ltr'>litem,</span> <span class='ocrx_word' id='word_1_72' title='bbox 1235 896 1318 926; x_wconf 88' lang='lat' dir='ltr'>nec</span> <span class='ocrx_word' id='word_1_73' title='bbox 1363 885 1535 939; x_wconf 86' lang='lat' dir='ltr'>poetica</span> <span class='ocrx_word' id='word_1_74' title='bbox 1577 889 1643 928; x_wconf 89' lang='lat' dir='ltr'>est</span> <span class='ocrx_word' id='word_1_75' title='bbox 1686 884 1836 928; x_wconf 88' lang='lat' dir='ltr'>talium</span> 
     </span>
     <span class='ocr_line' id='line_1_9' title="bbox 130 965 1835 1019; baseline 0.004 -11"><span class='ocrx_word' id='word_1_76' title='bbox 130 978 274 1009; x_wconf 87' lang='lat' dir='ltr'>rerum</span> <span class='ocrx_word' id='word_1_77' title='bbox 305 967 492 1019; x_wconf 84' lang='lat' dir='ltr'>mentio3</span> <span class='ocrx_word' id='word_1_78' title='bbox 523 965 602 1009; x_wconf 91' lang='lat' dir='ltr'>sed</span> <span class='ocrx_word' id='word_1_79' title='bbox 626 966 911 1010; x_wconf 78' lang='lat' dir='ltr'>luculentiore</span> <span class='ocrx_word' id='word_1_80' title='bbox 937 966 1124 1010; x_wconf 80' lang='lat' dir='ltr'>formula</span> <span class='ocrx_word' id='word_1_81' title='bbox 1147 966 1350 1011; x_wconf 81' lang='lat' dir='ltr'>claudere</span> <span class='ocrx_word' id='word_1_82' title='bbox 1374 969 1511 1011; x_wconf 88' lang='lat' dir='ltr'>voluit</span> <span class='ocrx_word' id='word_1_83' title='bbox 1539 967 1650 1012; x_wconf 92' lang='lat' dir='ltr'>hunc</span> <span class='ocrx_word' id='word_1_84' title='bbox 1677 969 1835 1014; x_wconf 88' lang='lat' dir='ltr'>locum.</span> 
     </span>
     <span class='ocr_line' id='line_1_10' title="bbox 130 1046 1836 1108; baseline 0.004 -20"><span class='ocrx_word' id='word_1_85' title='bbox 130 1046 214 1089; x_wconf 89' lang='lat' dir='ltr'>Est</span> <span class='ocrx_word' id='word_1_86' title='bbox 242 1052 386 1091; x_wconf 88' lang='lat' dir='ltr'>autem</span> <span class='ocrx_word' id='word_1_87' title='bbox 422 1052 655 1093; x_wconf 87' lang='lat' dir='ltr'>nostras</span> <span class='ocrx_word' id='word_1_88' title='bbox 683 1049 848 1106; x_wconf 79' lang='lat' dir='ltr'>inter</span> <span class='ocrx_word' id='word_1_89' title='bbox 877 1055 1069 1094; x_wconf 77' lang='lat' dir='ltr'>terras</span> <span class='ocrx_word' id='word_1_90' title='bbox 1109 1051 1350 1106; x_wconf 82' lang='lat' dir='ltr'>cognita</span> <span class='ocrx_word' id='word_1_91' title='bbox 1395 1065 1461 1108; x_wconf 87' lang='lat' dir='ltr'>pr.</span> <span class='ocrx_word' id='word_1_92' title='bbox 1491 1051 1604 1106; x_wconf 86' lang='lat' dir='ltr'>visa,</span> <span class='ocrx_word' id='word_1_93' title='bbox 1645 1051 1760 1095; x_wconf 87' lang='lat' dir='ltr'>facta</span> <span class='ocrx_word' id='word_1_94' title='bbox 1790 1051 1836 1095; x_wconf 87' lang='lat' dir='ltr'>iu</span> 
     </span>
     <span class='ocr_line' id='line_1_11' title="bbox 127 1129 1252 1186; baseline 0.003 -14"><span class='ocrx_word' id='word_1_95' title='bbox 127 1129 445 1174; x_wconf 87' lang='lat' dir='ltr'>mediterraneo</span> <span class='ocrx_word' id='word_1_96' title='bbox 482 1131 614 1186; x_wconf 89' lang='lat' dir='ltr'>mari,</span> <span class='ocrx_word' id='word_1_97' title='bbox 654 1132 813 1175; x_wconf 87' lang='lat' dir='ltr'>nostris</span> <span class='ocrx_word' id='word_1_98' title='bbox 845 1133 974 1176; x_wconf 86' lang='lat' dir='ltr'>terris</span> <span class='ocrx_word' id='word_1_99' title='bbox 1010 1132 1252 1176; x_wconf 84' lang='lat' dir='ltr'>interlecto.</span> 
     </span>
    </p>

    <p class='ocr_par' dir='ltr' id='par_1_3' title="bbox 124 1212 1836 1348">
     <span class='ocr_line' id='line_1_12' title="bbox 245 1212 1836 1269; baseline 0.001 -15"><span class='ocrx_word' id='word_1_100' title='bbox 245 1212 302 1256; x_wconf 89' lang='lat' dir='ltr'>V.</span> <span class='ocrx_word' id='word_1_101' title='bbox 331 1215 541 1257; x_wconf 79' lang='lat'>82-176.</span> <span class='ocrx_word' id='word_1_102' title='bbox 603 1213 681 1256; x_wconf 88' lang='lat' dir='ltr'>De</span> <span class='ocrx_word' id='word_1_103' title='bbox 725 1213 976 1256; x_wconf 83' lang='lat' dir='ltr'>militari</span> <span class='ocrx_word' id='word_1_104' title='bbox 1019 1214 1215 1268; x_wconf 83' lang='lat' dir='ltr'>gloria</span> <span class='ocrx_word' id='word_1_105' title='bbox 1255 1213 1562 1258; x_wconf 78' lang='lat' dir='ltr'>Messalae.</span> <span class='ocrx_word' id='word_1_106' title='bbox 1637 1213 1701 1256; x_wconf 87' lang='lat' dir='ltr'>Ac</span> <span class='ocrx_word' id='word_1_107' title='bbox 1742 1212 1836 1269; x_wconf 89' lang='lat' dir='ltr'>pri-</span> 
     </span>
     <span class='ocr_line' id='line_1_13' title="bbox 124 1293 1833 1348; baseline 0.002 -11"><span class='ocrx_word' id='word_1_108' title='bbox 124 1306 242 1337; x_wconf 89' lang='lat' dir='ltr'>mum</span> <span class='ocrx_word' id='word_1_109' title='bbox 277 1293 452 1348; x_wconf 88' lang='lat' dir='ltr'>quidem</span> <span class='ocrx_word' id='word_1_110' title='bbox 487 1307 516 1338; x_wconf 83' lang='lat' dir='ltr'>a</span> <span class='ocrx_word' id='word_1_111' title='bbox 553 1297 828 1340; x_wconf 58' lang='lat' dir='ltr'>nez-117.</span> <span class='ocrx_word' id='word_1_112' title='bbox 871 1295 939 1340; x_wconf 87' lang='lat' dir='ltr'>de</span> <span class='ocrx_word' id='word_1_113' title='bbox 980 1296 1235 1340; x_wconf 86' lang='lat' dir='ltr'>scientia</span> <span class='ocrx_word' id='word_1_114' title='bbox 1277 1297 1527 1341; x_wconf 86' lang='lat' dir='ltr'>militari</span> <span class='ocrx_word' id='word_1_115' title='bbox 1569 1299 1625 1339; x_wconf 88' lang='lat' dir='ltr'>et</span> <span class='ocrx_word' id='word_1_116' title='bbox 1658 1295 1833 1340; x_wconf 87' lang='lat' dir='ltr'>rebus</span> 
     </span>
    </p>
   </div>
   <div class='ocr_carea' id='block_1_3' title="bbox 115 1373 1831 3434">
    <p class='ocr_par' dir='ltr' id='par_1_4' title="bbox 127 1373 1092 1435">
     <span class='ocr_line' id='line_1_14' title="bbox 127 1373 1092 1435; baseline 0.006 -18"><span class='ocrx_word' id='word_1_117' title='bbox 127 1373 425 1432; x_wconf 87' lang='lat' dir='ltr'>hucusque</span> <span class='ocrx_word' id='word_1_118' title='bbox 467 1377 628 1422; x_wconf 86' lang='lat' dir='ltr'>bello</span> <span class='ocrx_word' id='word_1_119' title='bbox 669 1378 737 1421; x_wconf 87' lang='lat' dir='ltr'>ab</span> <span class='ocrx_word' id='word_1_120' title='bbox 777 1391 845 1423; x_wconf 85' lang='lat' dir='ltr'>eo</span> <span class='ocrx_word' id='word_1_121' title='bbox 891 1379 1092 1435; x_wconf 82' lang='lat' dir='ltr'>gestis.</span> 
     </span>
    </p>

    <p class='ocr_par' dir='ltr' id='par_1_5' title="bbox 115 1459 1831 3434">
     <span class='ocr_line' id='line_1_15' title="bbox 244 1459 1826 1517; baseline 0.002 -15"><span class='ocrx_word' id='word_1_122' title='bbox 244 1459 299 1502; x_wconf 89' lang='lat' dir='ltr'>V.</span> <span class='ocrx_word' id='word_1_123' title='bbox 320 1461 381 1500; x_wconf 81' lang='grc'>82</span> <span class='ocrx_word' id='word_1_124' title='bbox 409 1471 502 1514; x_wconf 88' lang='lat' dir='ltr'>sqq.</span> <span class='ocrx_word' id='word_1_125' title='bbox 545 1459 660 1503; x_wconf 87' lang='lat' dir='ltr'>Iam</span> <span class='ocrx_word' id='word_1_126' title='bbox 689 1459 936 1503; x_wconf 88' lang='lat' dir='ltr'>transitioni</span> <span class='ocrx_word' id='word_1_127' title='bbox 966 1460 1168 1515; x_wconf 83' lang='lat' dir='ltr'>inservit,</span> <span class='ocrx_word' id='word_1_128' title='bbox 1207 1464 1258 1504; x_wconf 90' lang='lat' dir='ltr'>ut</span> <span class='ocrx_word' id='word_1_129' title='bbox 1289 1473 1437 1517; x_wconf 85' lang='lat' dir='ltr'>saepe.</span> <span class='ocrx_word' id='word_1_130' title='bbox 1497 1462 1689 1505; x_wconf 87' lang='lat' dir='ltr'>Sensus:</span> <span class='ocrx_word' id='word_1_131' title='bbox 1733 1461 1826 1505; x_wconf 88' lang='lat' dir='ltr'>Iam</span> 
     </span>
     <span class='ocr_line' id='line_1_16' title="bbox 126 1540 1831 1598; baseline 0.003 -15"><span class='ocrx_word' id='word_1_132' title='bbox 126 1540 233 1583; x_wconf 89' lang='lat' dir='ltr'>illud</span> <span class='ocrx_word' id='word_1_133' title='bbox 278 1541 702 1586; x_wconf 86' lang='lat' dir='ltr'>commemorandum</span> <span class='ocrx_word' id='word_1_134' title='bbox 745 1547 840 1598; x_wconf 87' lang='lat' dir='ltr'>est,</span> <span class='ocrx_word' id='word_1_135' title='bbox 897 1548 948 1587; x_wconf 91' lang='lat' dir='ltr'>ut</span> <span class='ocrx_word' id='word_1_136' title='bbox 996 1557 1124 1588; x_wconf 91' lang='lat' dir='ltr'>nemo</span> <span class='ocrx_word' id='word_1_137' title='bbox 1170 1549 1216 1588; x_wconf 88' lang='lat' dir='ltr'>te</span> <span class='ocrx_word' id='word_1_138' title='bbox 1260 1546 1414 1588; x_wconf 88' lang='lat' dir='ltr'>melius</span> <span class='ocrx_word' id='word_1_139' title='bbox 1461 1546 1669 1589; x_wconf 88' lang='lat' dir='ltr'>militares</span> <span class='ocrx_word' id='word_1_140' title='bbox 1713 1549 1831 1588; x_wconf 86' lang='lat' dir='ltr'>artes</span> 
     </span>
     <span class='ocr_line' id='line_1_17' title="bbox 123 1625 1829 1672; baseline 0.002 -5"><span class='ocrx_word' id='word_1_141' title='bbox 123 1629 284 1671; x_wconf 87' lang='lat' dir='ltr'>teneat.</span> <span class='ocrx_word' id='word_1_142' title='bbox 364 1625 563 1670; x_wconf 87' lang='lat' dir='ltr'>Eundem</span> <span class='ocrx_word' id='word_1_143' title='bbox 610 1627 838 1671; x_wconf 80' lang='lat' dir='ltr'>transitum</span> <span class='ocrx_word' id='word_1_144' title='bbox 884 1625 1015 1672; x_wconf 86' lang='lat' dir='ltr'>habet</span> <span class='ocrx_word' id='word_1_145' title='bbox 1068 1641 1108 1672; x_wconf 88' lang='lat' dir='ltr'>v.</span> <span class='ocrx_word' id='word_1_146' title='bbox 1141 1631 1216 1671; x_wconf 80' lang='lat'>98.</span> <span class='ocrx_word' id='word_1_147' title='bbox 1260 1627 1336 1671; x_wconf 89' lang='lat' dir='ltr'>ubi</span> <span class='ocrx_word' id='word_1_148' title='bbox 1381 1633 1619 1672; x_wconf 87' lang='lat' dir='ltr'>castrorum</span> <span class='ocrx_word' id='word_1_149' title='bbox 1661 1628 1829 1671; x_wconf 89' lang='lat' dir='ltr'>ratione</span> 
     </span>
     <span class='ocr_line' id='line_1_18' title="bbox 124 1710 1828 1770; baseline 0.004 -19"><span class='ocrx_word' id='word_1_150' title='bbox 124 1715 307 1752; x_wconf 85' lang='lat' dir='ltr'>tractata</span> <span class='ocrx_word' id='word_1_151' title='bbox 338 1710 393 1753; x_wconf 89' lang='lat' dir='ltr'>ad</span> <span class='ocrx_word' id='word_1_152' title='bbox 426 1711 613 1755; x_wconf 83' lang='lat' dir='ltr'>tacticen</span> <span class='ocrx_word' id='word_1_153' title='bbox 643 1710 828 1756; x_wconf 83' lang='lat' dir='ltr'>accedit.</span> <span class='ocrx_word' id='word_1_154' title='bbox 888 1712 1076 1757; x_wconf 88' lang='lat' dir='ltr'>Omnino</span> <span class='ocrx_word' id='word_1_155' title='bbox 1110 1713 1155 1756; x_wconf 87' lang='lat' dir='ltr'>in</span> <span class='ocrx_word' id='word_1_156' title='bbox 1189 1713 1514 1757; x_wconf 82' lang='lat' dir='ltr'>transitionibus</span> <span class='ocrx_word' id='word_1_157' title='bbox 1547 1713 1828 1770; x_wconf 83' lang='lat' dir='ltr'>repetitiones</span> 
     </span>
     <span class='ocr_line' id='line_1_19' title="bbox 122 1795 1829 1855; baseline 0.002 -18"><span class='ocrx_word' id='word_1_158' title='bbox 122 1796 398 1852; x_wconf 86' lang='lat' dir='ltr'>reperiuntur</span> <span class='ocrx_word' id='word_1_159' title='bbox 435 1809 578 1853; x_wconf 86' lang='lat' dir='ltr'>neque</span> <span class='ocrx_word' id='word_1_160' title='bbox 617 1810 776 1854; x_wconf 81' lang='lat' dir='ltr'>magna</span> <span class='ocrx_word' id='word_1_161' title='bbox 816 1802 884 1842; x_wconf 85' lang='lat' dir='ltr'>est</span> <span class='ocrx_word' id='word_1_162' title='bbox 921 1810 994 1841; x_wconf 81' lang='lat' dir='ltr'>ars</span> <span class='ocrx_word' id='word_1_163' title='bbox 1034 1801 1194 1855; x_wconf 81' lang='lat' dir='ltr'>poetae</span> <span class='ocrx_word' id='word_1_164' title='bbox 1235 1798 1281 1842; x_wconf 86' lang='lat' dir='ltr'>in</span> <span class='ocrx_word' id='word_1_165' title='bbox 1322 1795 1405 1841; x_wconf 85' lang='lat' dir='ltr'>hoc</span> <span class='ocrx_word' id='word_1_166' title='bbox 1450 1810 1626 1854; x_wconf 84' lang='lat' dir='ltr'>genere.</span> <span class='ocrx_word' id='word_1_167' title='bbox 1660 1820 1716 1829; x_wconf 91' lang='lat'><strong>—</strong></span> <span class='ocrx_word' id='word_1_168' title='bbox 1777 1797 1829 1841; x_wconf 90' lang='lat' dir='ltr'>Iu</span> 
     </span>
     <span class='ocr_line' id='line_1_20' title="bbox 121 1879 1829 1937; baseline 0.001 -16"><span class='ocrx_word' id='word_1_169' title='bbox 121 1880 510 1934; x_wconf 85' lang='lat' dir='ltr'>sequentibus</span> <span class='ocrx_word' id='word_1_170' title='bbox 551 1880 769 1936; x_wconf 85' lang='lat' dir='ltr'>obliquam</span> <span class='ocrx_word' id='word_1_171' title='bbox 810 1880 1051 1924; x_wconf 85' lang='lat' dir='ltr'>orationem</span> <span class='ocrx_word' id='word_1_172' title='bbox 1092 1892 1172 1937; x_wconf 85' lang='lat' dir='ltr'>per</span> <span class='ocrx_word' id='word_1_173' title='bbox 1211 1879 1455 1936; x_wconf 89' lang='lat' dir='ltr'>quindecim</span> <span class='ocrx_word' id='word_1_174' title='bbox 1499 1891 1648 1923; x_wconf 87' lang='lat' dir='ltr'>versus</span> <span class='ocrx_word' id='word_1_175' title='bbox 1686 1879 1829 1923; x_wconf 90' lang='lat' dir='ltr'>conti-</span> 
     </span>
     <span class='ocr_line' id='line_1_21' title="bbox 122 1960 1827 2017; baseline 0.001 -14"><span class='ocrx_word' id='word_1_176' title='bbox 122 1966 297 2005; x_wconf 85' lang='lat' dir='ltr'>nuatam</span> <span class='ocrx_word' id='word_1_177' title='bbox 339 1961 529 2016; x_wconf 83' lang='lat' dir='ltr'>videbis,</span> <span class='ocrx_word' id='word_1_178' title='bbox 575 1962 703 2006; x_wconf 85' lang='lat' dir='ltr'>nimis</span> <span class='ocrx_word' id='word_1_179' title='bbox 738 1961 840 2015; x_wconf 89' lang='lat' dir='ltr'>diu,</span> <span class='ocrx_word' id='word_1_180' title='bbox 888 1961 1034 2005; x_wconf 84' lang='lat' dir='ltr'>credo.</span> <span class='ocrx_word' id='word_1_181' title='bbox 1113 1960 1228 2005; x_wconf 87' lang='lat' dir='ltr'>Nam</span> <span class='ocrx_word' id='word_1_182' title='bbox 1267 1961 1312 2004; x_wconf 90' lang='lat' dir='ltr'>in</span> <span class='ocrx_word' id='word_1_183' title='bbox 1354 1962 1475 2017; x_wconf 86' lang='lat' dir='ltr'>poesi</span> <span class='ocrx_word' id='word_1_184' title='bbox 1517 1960 1827 2005; x_wconf 82' lang='lat' dir='ltr'>variationibus</span> 
     </span>
     <span class='ocr_line' id='line_1_22' title="bbox 120 2040 1828 2102; baseline -0.002 -13"><span class='ocrx_word' id='word_1_185' title='bbox 120 2045 451 2089; x_wconf 82' lang='lat' dir='ltr'>constructionis</span> <span class='ocrx_word' id='word_1_186' title='bbox 480 2057 592 2102; x_wconf 85' lang='lat' dir='ltr'>opus</span> <span class='ocrx_word' id='word_1_187' title='bbox 622 2049 691 2089; x_wconf 88' lang='lat' dir='ltr'>est</span> <span class='ocrx_word' id='word_1_188' title='bbox 727 2046 867 2088; x_wconf 93' lang='lat' dir='ltr'>multo</span> <span class='ocrx_word' id='word_1_189' title='bbox 898 2045 1038 2101; x_wconf 79' lang='lat' dir='ltr'>magis</span> <span class='ocrx_word' id='word_1_190' title='bbox 1069 2057 1198 2100; x_wconf 87' lang='lat' dir='ltr'>quam</span> <span class='ocrx_word' id='word_1_191' title='bbox 1238 2044 1281 2087; x_wconf 89' lang='lat' dir='ltr'>in</span> <span class='ocrx_word' id='word_1_192' title='bbox 1319 2056 1450 2100; x_wconf 83' lang='lat' dir='ltr'>prosa</span> <span class='ocrx_word' id='word_1_193' title='bbox 1479 2043 1700 2097; x_wconf 87' lang='lat' dir='ltr'>oratione,</span> <span class='ocrx_word' id='word_1_194' title='bbox 1743 2040 1828 2086; x_wconf 83' lang='lat' dir='ltr'>hoc</span> 
     </span>
     <span class='ocr_line' id='line_1_23' title="bbox 120 2127 1828 2185; baseline -0.002 -12"><span class='ocrx_word' id='word_1_195' title='bbox 120 2134 267 2173; x_wconf 87' lang='lat' dir='ltr'>autem</span> <span class='ocrx_word' id='word_1_196' title='bbox 297 2129 518 2185; x_wconf 89' lang='lat' dir='ltr'>obliquum</span> <span class='ocrx_word' id='word_1_197' title='bbox 556 2127 727 2172; x_wconf 89' lang='lat' dir='ltr'>dicendi</span> <span class='ocrx_word' id='word_1_198' title='bbox 762 2141 901 2184; x_wconf 84' lang='lat' dir='ltr'>genus</span> <span class='ocrx_word' id='word_1_199' title='bbox 932 2129 1122 2185; x_wconf 84' lang='lat' dir='ltr'>optimus</span> <span class='ocrx_word' id='word_1_200' title='bbox 1153 2129 1336 2184; x_wconf 87' lang='lat' dir='ltr'>quisque</span> <span class='ocrx_word' id='word_1_201' title='bbox 1367 2132 1593 2184; x_wconf 87' lang='lat' dir='ltr'>poetarum</span> <span class='ocrx_word' id='word_1_202' title='bbox 1633 2127 1703 2170; x_wconf 84' lang='lat' dir='ltr'>vel</span> <span class='ocrx_word' id='word_1_203' title='bbox 1743 2127 1828 2171; x_wconf 87' lang='lat' dir='ltr'>im·</span> 
     </span>
     <span class='ocr_line' id='line_1_24' title="bbox 121 2210 1825 2271; baseline -0.002 -13"><span class='ocrx_word' id='word_1_204' title='bbox 121 2215 270 2271; x_wconf 84' lang='lat' dir='ltr'>primis</span> <span class='ocrx_word' id='word_1_205' title='bbox 311 2215 425 2258; x_wconf 84' lang='lat' dir='ltr'>cavit</span> <span class='ocrx_word' id='word_1_206' title='bbox 462 2227 520 2257; x_wconf 89' lang='lat' dir='ltr'>ue</span> <span class='ocrx_word' id='word_1_207' title='bbox 560 2214 833 2258; x_wconf 85' lang='lat' dir='ltr'>continuaret</span> <span class='ocrx_word' id='word_1_208' title='bbox 865 2212 992 2255; x_wconf 87' lang='lat' dir='ltr'>nimis</span> <span class='ocrx_word' id='word_1_209' title='bbox 1026 2210 1115 2254; x_wconf 88' lang='lat' dir='ltr'>diu.</span> <span class='ocrx_word' id='word_1_210' title='bbox 1175 2210 1266 2254; x_wconf 88' lang='lat' dir='ltr'>Sed</span> <span class='ocrx_word' id='word_1_211' title='bbox 1295 2210 1519 2254; x_wconf 88' lang='lat' dir='ltr'>videamus</span> <span class='ocrx_word' id='word_1_212' title='bbox 1551 2210 1738 2266; x_wconf 84' lang='lat' dir='ltr'>singula.</span> <span class='ocrx_word' id='word_1_213' title='bbox 1766 2231 1825 2242; x_wconf 90' lang='lat'><em>-</em></span> 
     </span>
     <span class='ocr_line' id='line_1_25' title="bbox 123 2295 1824 2349; baseline -0.003 -8"><span class='ocrx_word' id='word_1_214' title='bbox 123 2299 243 2343; x_wconf 85' lang='lat' dir='ltr'>Qua</span> <span class='ocrx_word' id='word_1_215' title='bbox 274 2297 478 2341; x_wconf 87' lang='lat' dir='ltr'>deceat</span> <span class='ocrx_word' id='word_1_216' title='bbox 507 2301 591 2340; x_wconf 91' lang='lat' dir='ltr'>cet.</span> <span class='ocrx_word' id='word_1_217' title='bbox 651 2297 846 2340; x_wconf 85' lang='lat' dir='ltr'>Primum</span> <span class='ocrx_word' id='word_1_218' title='bbox 874 2295 979 2338; x_wconf 85' lang='lat' dir='ltr'>dicit</span> <span class='ocrx_word' id='word_1_219' title='bbox 1003 2295 1058 2338; x_wconf 89' lang='lat' dir='ltr'>de</span> <span class='ocrx_word' id='word_1_220' title='bbox 1082 2299 1322 2338; x_wconf 84' lang='lat' dir='ltr'>castrorum</span> <span class='ocrx_word' id='word_1_221' title='bbox 1347 2295 1527 2338; x_wconf 81' lang='lat' dir='ltr'>ratione.</span> <span class='ocrx_word' id='word_1_222' title='bbox 1550 2317 1610 2326; x_wconf 93' lang='lat'><em>-</em></span> <span class='ocrx_word' id='word_1_223' title='bbox 1666 2306 1824 2349; x_wconf 86' lang='lat' dir='ltr'>prae-</span> 
     </span>
     <span class='ocr_line' id='line_1_26' title="bbox 119 2374 1825 2435; baseline -0.004 -12"><span class='ocrx_word' id='word_1_224' title='bbox 119 2381 345 2423; x_wconf 85' lang='lat' dir='ltr'>ducere.</span> <span class='ocrx_word' id='word_1_225' title='bbox 417 2379 581 2423; x_wconf 75' lang='lat' dir='ltr'>TAcrr.</span> <span class='ocrx_word' id='word_1_226' title='bbox 625 2379 736 2422; x_wconf 80' lang='lat' dir='ltr'>Anu.</span> <span class='ocrx_word' id='word_1_227' title='bbox 775 2378 898 2432; x_wconf 89' lang='lat' dir='ltr'><strong>XIV,</strong></span> <span class='ocrx_word' id='word_1_228' title='bbox 928 2380 1011 2420; x_wconf 79' lang='lat'>32:</span> <span class='ocrx_word' id='word_1_229' title='bbox 1069 2391 1209 2435; x_wconf 85' lang='lat' dir='ltr'>neque</span> <span class='ocrx_word' id='word_1_230' title='bbox 1254 2375 1424 2418; x_wconf 66' lang='lat' dir='ltr'>vallam</span> <span class='ocrx_word' id='word_1_231' title='bbox 1470 2390 1609 2434; x_wconf 78' lang='lat' dir='ltr'>neque</span> <span class='ocrx_word' id='word_1_232' title='bbox 1643 2374 1825 2433; x_wconf 79' lang='lat' dir='ltr'>fossam</span> 
     </span>
     <span class='ocr_line' id='line_1_27' title="bbox 115 2458 1824 2518; baseline -0.002 -14"><span class='ocrx_word' id='word_1_233' title='bbox 115 2462 471 2518; x_wconf 78' lang='lat' dir='ltr'>praeduxerant.</span> <span class='ocrx_word' id='word_1_234' title='bbox 506 2487 567 2496; x_wconf 90' lang='lat'>—</span> <span class='ocrx_word' id='word_1_235' title='bbox 642 2463 951 2514; x_wconf 80' lang='lat' dir='ltr'>Qualiter,</span> <span class='ocrx_word' id='word_1_236' title='bbox 1006 2475 1092 2516; x_wconf 88' lang='lat' dir='ltr'>quo</span> <span class='ocrx_word' id='word_1_237' title='bbox 1139 2465 1280 2517; x_wconf 86' lang='lat' dir='ltr'>pacto.</span> <span class='ocrx_word' id='word_1_238' title='bbox 1357 2459 1471 2502; x_wconf 86' lang='lat' dir='ltr'>Tum</span> <span class='ocrx_word' id='word_1_239' title='bbox 1517 2458 1680 2502; x_wconf 89' lang='lat' dir='ltr'>cervi</span> <span class='ocrx_word' id='word_1_240' title='bbox 1724 2462 1824 2502; x_wconf 88' lang='lat' dir='ltr'>suut</span> 
     </span>
     <span class='ocr_line' id='line_1_28' title="bbox 119 2542 1821 2600; baseline -0.002 -14"><span class='ocrx_word' id='word_1_241' title='bbox 119 2545 291 2600; x_wconf 87' lang='lat' dir='ltr'>stipites</span> <span class='ocrx_word' id='word_1_242' title='bbox 335 2545 515 2598; x_wconf 88' lang='lat' dir='ltr'>furcati,</span> <span class='ocrx_word' id='word_1_243' title='bbox 568 2545 667 2587; x_wconf 82' lang='lat' dir='ltr'>valli</span> <span class='ocrx_word' id='word_1_244' title='bbox 714 2557 740 2588; x_wconf 84' lang='lat' dir='ltr'>a</span> <span class='ocrx_word' id='word_1_245' title='bbox 782 2543 1064 2588; x_wconf 88' lang='lat' dir='ltr'>similitudine</span> <span class='ocrx_word' id='word_1_246' title='bbox 1106 2543 1374 2585; x_wconf 89' lang='lat' dir='ltr'>cervinorum</span> <span class='ocrx_word' id='word_1_247' title='bbox 1418 2554 1638 2585; x_wconf 88' lang='lat' dir='ltr'>cornuum.</span> <span class='ocrx_word' id='word_1_248' title='bbox 1723 2542 1821 2584; x_wconf 75' lang='lat' dir='ltr'>Sm.</span> 
     </span>
     <span class='ocr_line' id='line_1_29' title="bbox 116 2623 1826 2685; baseline -0.002 -13"><span class='ocrx_word' id='word_1_249' title='bbox 116 2630 244 2672; x_wconf 70' lang='lat' dir='ltr'>lmn.</span> <span class='ocrx_word' id='word_1_250' title='bbox 273 2629 342 2682; x_wconf 90' lang='lat' dir='ltr'>X,</span> <span class='ocrx_word' id='word_1_251' title='bbox 378 2631 480 2672; x_wconf 81' lang='lat'>413.</span> <span class='ocrx_word' id='word_1_252' title='bbox 514 2633 788 2685; x_wconf 87' lang='lat' dir='ltr'>comparatus</span> <span class='ocrx_word' id='word_1_253' title='bbox 818 2629 1024 2672; x_wconf 71' lang='lat' dir='ltr'>Vum‘ioz</span> <span class='ocrx_word' id='word_1_254' title='bbox 1070 2627 1259 2684; x_wconf 82' lang='lat' dir='ltr'>Quaque</span> <span class='ocrx_word' id='word_1_255' title='bbox 1290 2632 1424 2682; x_wconf 80' lang='lat' dir='ltr'>patet</span> <span class='ocrx_word' id='word_1_256' title='bbox 1458 2638 1641 2682; x_wconf 81' lang='lat' dir='ltr'>campus</span> <span class='ocrx_word' id='word_1_257' title='bbox 1673 2623 1826 2681; x_wconf 80' lang='lat' dir='ltr'>planis</span> 
     </span>
     <span class='ocr_line' id='line_1_30' title="bbox 116 2708 1823 2772; baseline -0.004 -16"><span class='ocrx_word' id='word_1_258' title='bbox 116 2711 390 2772; x_wconf 79' lang='lat' dir='ltr'>ingressibus</span> <span class='ocrx_word' id='word_1_259' title='bbox 430 2712 597 2760; x_wconf 77' lang='lat' dir='ltr'>hostis,</span> <span class='ocrx_word' id='word_1_260' title='bbox 643 2715 878 2755; x_wconf 83' lang='lat' dir='ltr'>Cervorum</span> <span class='ocrx_word' id='word_1_261' title='bbox 917 2710 1135 2753; x_wconf 79' lang='lat' dir='ltr'>ambustis</span> <span class='ocrx_word' id='word_1_262' title='bbox 1176 2709 1418 2751; x_wconf 83' lang='lat' dir='ltr'>imitantur</span> <span class='ocrx_word' id='word_1_263' title='bbox 1459 2723 1628 2751; x_wconf 79' lang='lat' dir='ltr'>cornua</span> <span class='ocrx_word' id='word_1_264' title='bbox 1670 2708 1823 2772; x_wconf 70' lang='lat' dir='ltr'>ramis.</span> 
     </span>
     <span class='ocr_line' id='line_1_31' title="bbox 116 2792 1821 2850; baseline -0.002 -12"><span class='ocrx_word' id='word_1_265' title='bbox 116 2796 327 2850; x_wconf 85' lang='lat' dir='ltr'>Magnum</span> <span class='ocrx_word' id='word_1_266' title='bbox 362 2808 587 2838; x_wconf 89' lang='lat' dir='ltr'>numerum</span> <span class='ocrx_word' id='word_1_267' title='bbox 624 2808 802 2849; x_wconf 86' lang='lat' dir='ltr'>eorum,</span> <span class='ocrx_word' id='word_1_268' title='bbox 846 2795 920 2850; x_wconf 86' lang='lat' dir='ltr'>qui</span> <span class='ocrx_word' id='word_1_269' title='bbox 958 2793 1014 2837; x_wconf 91' lang='lat' dir='ltr'>de</span> <span class='ocrx_word' id='word_1_270' title='bbox 1050 2792 1113 2835; x_wconf 86' lang='lat' dir='ltr'>his</span> <span class='ocrx_word' id='word_1_271' title='bbox 1145 2793 1323 2846; x_wconf 81' lang='lat' dir='ltr'>dixere,</span> <span class='ocrx_word' id='word_1_272' title='bbox 1370 2795 1569 2835; x_wconf 87' lang='lat' dir='ltr'>recenset</span> <span class='ocrx_word' id='word_1_273' title='bbox 1603 2792 1821 2835; x_wconf 70' lang='lat' dir='ltr'>Bnoucx-</span> 
     </span>
     <span class='ocr_line' id='line_1_32' title="bbox 118 2873 1822 2930; baseline -0.003 -9"><span class='ocrx_word' id='word_1_274' title='bbox 118 2891 292 2922; x_wconf 79' lang='lat' dir='ltr'>nusms.</span> <span class='ocrx_word' id='word_1_275' title='bbox 316 2901 374 2909; x_wconf 92' lang='lat'>-</span> <span class='ocrx_word' id='word_1_276' title='bbox 435 2879 686 2924; x_wconf 82' lang='lat' dir='ltr'>Quemve</span> <span class='ocrx_word' id='word_1_277' title='bbox 726 2878 914 2920; x_wconf 90' lang='lat' dir='ltr'>locum</span> <span class='ocrx_word' id='word_1_278' title='bbox 957 2889 1050 2930; x_wconf 87' lang='lat' dir='ltr'>sqq.</span> <span class='ocrx_word' id='word_1_279' title='bbox 1115 2877 1259 2921; x_wconf 83' lang='lat' dir='ltr'>Quem</span> <span class='ocrx_word' id='word_1_280' title='bbox 1295 2876 1438 2917; x_wconf 88' lang='lat' dir='ltr'>locum</span> <span class='ocrx_word' id='word_1_281' title='bbox 1471 2873 1633 2928; x_wconf 88' lang='lat' dir='ltr'>eligere</span> <span class='ocrx_word' id='word_1_282' title='bbox 1668 2874 1822 2916; x_wconf 83' lang='lat' dir='ltr'>castris</span> 
     </span>
     <span class='ocr_line' id='line_1_33' title="bbox 117 2958 1822 3012; baseline -0.002 -8"><span class='ocrx_word' id='word_1_283' title='bbox 117 2961 358 3004; x_wconf 84' lang='lat' dir='ltr'>conveniat.</span> <span class='ocrx_word' id='word_1_284' title='bbox 386 2982 442 2990; x_wconf 95' lang='lat'>—</span> <span class='ocrx_word' id='word_1_285' title='bbox 504 2959 789 3002; x_wconf 88' lang='lat' dir='ltr'>Fontibus</span> <span class='ocrx_word' id='word_1_286' title='bbox 830 2964 887 3001; x_wconf 90' lang='lat' dir='ltr'>ut</span> <span class='ocrx_word' id='word_1_287' title='bbox 925 2959 1124 3003; x_wconf 85' lang='lat' dir='ltr'>dulces</span> <span class='ocrx_word' id='word_1_288' title='bbox 1161 2963 1245 3002; x_wconf 88' lang='lat' dir='ltr'>etc.</span> <span class='ocrx_word' id='word_1_289' title='bbox 1308 2959 1648 3002; x_wconf 71' lang='lat' dir='ltr'>PAssssnA&#39;rms:</span> <span class='ocrx_word' id='word_1_290' title='bbox 1688 2958 1822 3012; x_wconf 89' lang='lat' dir='ltr'>„Du-</span> 
     </span>
     <span class='ocr_line' id='line_1_34' title="bbox 118 3038 1818 3097; baseline -0.003 -11"><span class='ocrx_word' id='word_1_291' title='bbox 118 3057 216 3086; x_wconf 89' lang='lat' dir='ltr'>cum</span> <span class='ocrx_word' id='word_1_292' title='bbox 249 3049 316 3086; x_wconf 88' lang='lat' dir='ltr'>est</span> <span class='ocrx_word' id='word_1_293' title='bbox 349 3043 391 3084; x_wconf 89' lang='lat' dir='ltr'>in</span> <span class='ocrx_word' id='word_1_294' title='bbox 423 3042 800 3085; x_wconf 83' lang='lat' dir='ltr'>castrametatione</span> <span class='ocrx_word' id='word_1_295' title='bbox 832 3041 1086 3097; x_wconf 86' lang='lat' dir='ltr'>providere,</span> <span class='ocrx_word' id='word_1_296' title='bbox 1118 3054 1172 3083; x_wconf 89' lang='lat' dir='ltr'>ne</span> <span class='ocrx_word' id='word_1_297' title='bbox 1203 3045 1345 3084; x_wconf 87' lang='lat' dir='ltr'>castra</span> <span class='ocrx_word' id='word_1_298' title='bbox 1378 3045 1591 3096; x_wconf 85' lang='lat' dir='ltr'>ponantur</span> <span class='ocrx_word' id='word_1_299' title='bbox 1622 3041 1664 3082; x_wconf 88' lang='lat' dir='ltr'>in</span> <span class='ocrx_word' id='word_1_300' title='bbox 1697 3038 1818 3082; x_wconf 89' lang='lat' dir='ltr'>arido</span> 
     </span>
     <span class='ocr_line' id='line_1_35' title="bbox 117 3121 1817 3182; baseline -0.004 -11"><span class='ocrx_word' id='word_1_301' title='bbox 117 3131 214 3171; x_wconf 90' lang='lat' dir='ltr'>loco</span> <span class='ocrx_word' id='word_1_302' title='bbox 256 3134 301 3170; x_wconf 90' lang='lat' dir='ltr'>et</span> <span class='ocrx_word' id='word_1_303' title='bbox 337 3140 474 3182; x_wconf 82' lang='lat' dir='ltr'>aquae</span> <span class='ocrx_word' id='word_1_304' title='bbox 514 3126 645 3181; x_wconf 85' lang='lat' dir='ltr'>inopi.</span> <span class='ocrx_word' id='word_1_305' title='bbox 709 3125 818 3168; x_wconf 81' lang='lat' dir='ltr'>Nam</span> <span class='ocrx_word' id='word_1_306' title='bbox 861 3125 974 3182; x_wconf 91' lang='lat' dir='ltr'>apud</span> <span class='ocrx_word' id='word_1_307' title='bbox 1008 3125 1257 3167; x_wconf 50' lang='lat' dir='ltr'>Casinam</span> <span class='ocrx_word' id='word_1_308' title='bbox 1302 3124 1342 3166; x_wconf 89' lang='lat' dir='ltr'>d.</span> <span class='ocrx_word' id='word_1_309' title='bbox 1375 3124 1501 3165; x_wconf 88' lang='lat' dir='ltr'>Bello</span> <span class='ocrx_word' id='word_1_310' title='bbox 1534 3121 1628 3166; x_wconf 81' lang='lat' dir='ltr'>civ.</span> <span class='ocrx_word' id='word_1_311' title='bbox 1659 3121 1817 3165; x_wconf 83' lang='lat' dir='ltr'>libr.1.</span> 
     </span>
     <span class='ocr_line' id='line_1_36' title="bbox 118 3205 1818 3265; baseline -0.004 -12"><span class='ocrx_word' id='word_1_312' title='bbox 118 3211 317 3254; x_wconf 77' lang='lat' dir='ltr'>Afranius</span> <span class='ocrx_word' id='word_1_313' title='bbox 349 3216 392 3252; x_wconf 86' lang='lat' dir='ltr'>et</span> <span class='ocrx_word' id='word_1_314' title='bbox 428 3211 628 3253; x_wconf 85' lang='lat' dir='ltr'>Petreius</span> <span class='ocrx_word' id='word_1_315' title='bbox 670 3210 725 3251; x_wconf 93' lang='lat' dir='ltr'>ob</span> <span class='ocrx_word' id='word_1_316' title='bbox 757 3210 868 3252; x_wconf 89' lang='lat' dir='ltr'>male</span> <span class='ocrx_word' id='word_1_317' title='bbox 912 3210 1051 3265; x_wconf 85' lang='lat' dir='ltr'>posita</span> <span class='ocrx_word' id='word_1_318' title='bbox 1093 3215 1233 3252; x_wconf 85' lang='lat' dir='ltr'>castra</span> <span class='ocrx_word' id='word_1_319' title='bbox 1274 3209 1315 3249; x_wconf 89' lang='lat' dir='ltr'>in</span> <span class='ocrx_word' id='word_1_320' title='bbox 1349 3208 1459 3250; x_wconf 89' lang='lat' dir='ltr'>colle</span> <span class='ocrx_word' id='word_1_321' title='bbox 1501 3210 1717 3260; x_wconf 82' lang='lat' dir='ltr'>coguntur</span> <span class='ocrx_word' id='word_1_322' title='bbox 1748 3205 1818 3248; x_wconf 86' lang='lat' dir='ltr'>siti</span> 
     </span>
     <span class='ocr_line' id='line_1_37' title="bbox 117 3288 1820 3344; baseline -0.005 -7"><span class='ocrx_word' id='word_1_323' title='bbox 117 3295 172 3337; x_wconf 86' lang='lat' dir='ltr'>ad</span> <span class='ocrx_word' id='word_1_324' title='bbox 217 3293 525 3337; x_wconf 85' lang='lat' dir='ltr'>deditionem.“</span> <span class='ocrx_word' id='word_1_325' title='bbox 599 3294 712 3335; x_wconf 85' lang='lat' dir='ltr'>Sunt</span> <span class='ocrx_word' id='word_1_326' title='bbox 758 3304 861 3334; x_wconf 87' lang='lat' dir='ltr'>vero</span> <span class='ocrx_word' id='word_1_327' title='bbox 907 3290 1112 3333; x_wconf 88' lang='lat' dir='ltr'>dulces</span> <span class='ocrx_word' id='word_1_328' title='bbox 1159 3291 1429 3344; x_wconf 86' lang='lat' dir='ltr'>liquores</span> <span class='ocrx_word' id='word_1_329' title='bbox 1474 3302 1555 3331; x_wconf 90' lang='lat' dir='ltr'>nec</span> <span class='ocrx_word' id='word_1_330' title='bbox 1601 3288 1694 3330; x_wconf 83' lang='lat' dir='ltr'>salsi</span> <span class='ocrx_word' id='word_1_331' title='bbox 1740 3299 1820 3328; x_wconf 88' lang='lat' dir='ltr'>nec</span> 
     </span>
     <span class='ocr_line' id='line_1_38' title="bbox 119 3370 1817 3434; baseline -0.006 -13"><span class='ocrx_word' id='word_1_332' title='bbox 119 3379 266 3422; x_wconf 81' lang='lat' dir='ltr'>amari.</span> <span class='ocrx_word' id='word_1_333' title='bbox 342 3378 401 3421; x_wconf 81' lang='lat' dir='ltr'>Et</span> <span class='ocrx_word' id='word_1_334' title='bbox 445 3383 710 3434; x_wconf 83' lang='lat' dir='ltr'>erumpat</span> <span class='ocrx_word' id='word_1_335' title='bbox 756 3377 892 3420; x_wconf 77' lang='lat' dir='ltr'>active</span> <span class='ocrx_word' id='word_1_336' title='bbox 934 3377 1041 3419; x_wconf 80' lang='lat' dir='ltr'>dixit</span> <span class='ocrx_word' id='word_1_337' title='bbox 1090 3389 1151 3430; x_wconf 81' lang='lat' dir='ltr'>pr.</span> <span class='ocrx_word' id='word_1_338' title='bbox 1196 3373 1390 3418; x_wconf 82' lang='lat' dir='ltr'>effundat</span> <span class='ocrx_word' id='word_1_339' title='bbox 1432 3385 1512 3415; x_wconf 91' lang='lat' dir='ltr'>usu</span> <span class='ocrx_word' id='word_1_340' title='bbox 1559 3385 1641 3414; x_wconf 90' lang='lat' dir='ltr'>non</span> <span class='ocrx_word' id='word_1_341' title='bbox 1686 3370 1817 3412; x_wconf 82' lang='lat' dir='ltr'>infre-</span> 
     </span>
    </p>
   </div>
  </div>
 </body>
</html>
