2158 3750
336 247 438 296 456
720 244 1196 300 COMMENTAR.
1229 247 1308 301 IN
1342 247 1635 301 TIBULLI

339 394 421 432 tat
469 403 587 433 eum
635 402 824 432 amara
865 404 983 433 cum
1028 391 1238 445 ironia,
1285 397 1342 435 et
1388 394 1636 438 minatur
1679 407 1740 439 se
1781 407 2026 440 amorem

338 487 490 518 suum
531 476 586 517 in
633 474 955 528 digniorem
1001 477 1428 519 translaturum.

458 557 512 599 V.
545 558 570 597 1
603 569 667 610 sq.
730 557 961 598 Gratum
1002 557 1112 609 est.
1158 559 1329 612 placet,
1363 559 1504 611 iuvat,
1533 559 1639 601 alias
1669 561 1820 602 etiam=
1866 558 2029 613 gratias

337 652 451 694 ago,
498 638 682 681 formula
729 639 1007 680 usitatissima
1055 640 1264 694 exemplis
1311 641 1457 682 multis
1501 641 1714 683 illustrata
1761 655 1787 683 a
1839 641 2028 693 Vunmo,

336 736 450 766 nunc
481 724 642 766 ironice
674 724 858 779 ponitur.
921 724 1045 766 Iuvat
1076 737 1205 777 vero,
1258 725 1396 778 inquit
1426 726 1598 780 puella,
1649 726 1765 780 quod
1799 725 1855 767 de
1885 738 1953 768 me
1983 730 2029 768 et

337 806 392 848 de
422 808 580 849 amoris
613 807 698 849 mei
726 808 934 862 patientia
964 808 1040 850 tibi
1072 809 1314 864 promittis,
1355 822 1410 851 ne
1441 809 1594 851 iniuria
1625 809 1796 863 quidem
1827 821 1896 850 me
1926 821 2031 863 pro—-

339 895 539 932 vocatum
570 891 622 933 iri
654 897 809 946 putans
841 896 890 934 ut
919 892 992 934 alii
1022 893 1158 934 amori
1189 893 1352 935 cedam.
1425 893 1656 935 Librorum
1699 891 1871 947 quidem
1903 890 2032 932 lectio

346 978 414 1014 est
447 972 690 1019 Permittis,
721 974 855 1016 veluti
882 975 1105 1019 Qunwrn..
1136 975 1277 1019 Instit.
1301 977 1422 1018 Orat.
1446 975 1482 1028 I,
1511 978 1552 1018 4.
1585 975 1711 1018 dicit:
1743 971 2035 1015 Grammatici

340 1051 502 1099 libros,
550 1053 629 1112 qai
648 1053 782 1111 falso
813 1054 1071 1097 viderentur
1100 1055 1330 1112 inseripti,
1375 1065 1594 1114 tanquam
1623 1056 1882 1099 subdititiae
1910 1071 2036 1099 sum-
2114 1087 2116 1090 >

338 1152 507 1180 movere
529 1137 723 1196 familia
748 1137 1047 1195 permiserunt
1075 1138 1173 1183 sibi.
1233 1140 1322 1182 Iam
1366 1141 1402 1182 si
1443 1146 1691 1183 construas:
1736 1142 1926 1181 Gratum
1965 1144 2036 1180 est
2111 1163 2114 1167 ⁴

338 1219 459 1278 quod
488 1219 580 1262 iam
612 1219 696 1262 tihi
740 1221 792 1262 cle
836 1237 902 1264 me
937 1223 1188 1279 permittis,
1230 1225 1411 1280 primum
1446 1223 1671 1280 exspectet
1709 1225 1863 1280 aliquis
1891 1223 1939 1264 in
1971 1236 2037 1264 me

337 1316 402 1359 pr.
436 1303 488 1345 de
526 1320 618 1351 me,
666 1305 924 1360 intelligitur
956 1306 1066 1348 enim
1100 1305 1287 1349 defectio
1318 1321 1343 1348 a
1374 1308 1593 1363 Sulpicia,
1634 1306 1789 1350 deinde
1821 1304 1904 1348 hoc
1937 1305 2035 1358 qui·
2110 1318 2111 1322 ¹

337 1385 436 1429 dem
466 1387 627 1431 factum
667 1389 739 1431 vix
781 1394 847 1454 est
878 1395 1049 1444 gratum
1082 1392 1148 1445 ei,
1196 1405 1337 1446 neque
1369 1390 1451 1434 huc
1483 1393 1674 1448 pertinet
1714 1391 1878 1434 ironiae
1910 1390 2035 1432 risus.

336 1470 503 1526 Negari
549 1474 683 1528 igitur
729 1488 815 1518 non
866 1475 998 1519 debet
1043 1478 1263 1531 egregiam
1313 1491 1408 1520 esse
1455 1477 1644 1521 Hssmsu
1691 1475 2035 1521 emendationem

338 1556 468 1609 vulgo
490 1561 710 1611 receptam
731 1557 1048 1602 Promittis.
1083 1559 1263 1602 Honasr.
1285 1561 1379 1602 Sat.
1398 1560 1433 1613 Ι,
1455 1562 1497 1613 4,
1521 1563 1631 1602 102:
1661 1558 1703 1601 si
1721 1559 1834 1616 quid
1848 1557 2039 1616 promit-

338 1645 431 1679 tere
464 1638 516 1678 cle
549 1654 616 1680 me
641 1654 825 1695 possam
856 1640 1008 1687 aliud,
1050 1656 1150 1682 vere
1175 1641 1415 1697 promitto,
1459 1642 1660 1685 laudante
1691 1643 1820 1684 etiam
1850 1641 2038 1684 Huscn-
2106 1650 2107 1654 ’

339 1732 431 1763 κιο.
494 1721 621 1766 Nunc
654 1724 812 1778 iunge:
860 1726 1052 1766 Gratum
1081 1732 1149 1767 est
1180 1725 1301 1784 quod
1330 1724 1414 1766 tibi
1445 1725 1496 1767 de
1527 1740 1593 1767 me
1617 1725 1860 1783 promittis.
1921 1723 2040 1771 Quid
2102 1767 2109 1769 .

338 1816 442 1847 vero
487 1804 567 1849 hoc
610 1806 714 1849 est?
774 1807 1083 1850 Toleraturum
1123 1809 1312 1864 puellam
1360 1807 1583 1864 perfidiam
1626 1806 1832 1852 Cerinthi.
1894 1808 2038 1862 Atque
2107 1822 2110 1829 ·

339 1887 446 1932 haec
477 1891 624 1946 opinio
658 1896 748 1944 est,
797 1889 907 1934 hanc
950 1892 1093 1936 ridere
1135 1894 1261 1946 licet,
1309 1891 1376 1935 hic
1406 1893 1538 1947 igitur
1569 1893 1711 1936 locum
1742 1890 1870 1934 habet
1899 1891 2039 1933 ironia

341 1975 527 2028 puellae.
591 1975 748 2017 Cetera
780 1975 1078 2019 difficultatem
1110 1989 1194 2019 non
1228 1975 1398 2019 habent.
1461 1976 1551 2018 Cur
1590 1976 1704 2018 enim
1741 1975 1824 2018 sibi
1855 1973 2040 2030 promit-

337 2058 392 2100 tit
420 2059 561 2102 illud?
624 2060 738 2104 Quia
768 2061 948 2102 multum
978 2073 1155 2103 securus
1197 2066 1264 2103 est
1305 2074 1359 2102 ne
1401 2062 1512 2103 male
1543 2061 1692 2116 inepta
1721 2059 1848 2103 cadat
1879 2059 2038 2115 puella.

339 2140 480 2183 Recte
512 2142 647 2195 igitur
680 2142 864 2197 primum
895 2142 1086 2196 iungitur
1119 2155 1359 2184 securus
1391 2143 1620 2184 multum
1651 2141 1691 2184 h.
1723 2154 1760 2184 e.
1793 2142 1920 2197 plane
1951 2154 2038 2184 non

341 2224 529 2277 veritus,
571 2227 749 2265 notante
779 2223 1160 2266 thnum.1cmo
1194 2229 1238 2266 et
1269 2223 1535 2275 Hrmcmuo,
1570 2229 1615 2265 et
1644 2225 1782 2267 minus
1813 2225 2040 2269 commodo

339 2304 408 2347 hic
436 2318 566 2347 sensu
596 2318 692 2347 cum
725 2305 819 2346 aliis
853 2305 1068 2347 Hermus
1102 2303 1294 2344 multum
1316 2303 1548 2359 promittis
1578 2306 1799 2348 construit.
1871 2305 2042 2350 Deinde

342 2390 483 2431 male
513 2390 708 2444 inepta
742 2393 830 2432 est:
861 2389 986 2431 nimis
1010 2388 1182 2441 stolida,
1214 2393 1262 2430 ut
1290 2389 1394 2431 alias
1426 2389 1582 2444 passim
1614 2387 1728 2430 male
1753 2394 1885 2444 auget
1906 2389 2043 2444 signi-

340 2473 584 2515 ficationem
615 2471 774 2515 adiecti
805 2471 939 2525 verbi,
969 2473 1102 2514 veluti
1133 2470 1246 2512 male
1278 2470 1449 2526 dispari
1482 2472 1659 2514 Honu'.
1678 2471 1712 2525 1,
1733 2475 1803 2525 17,
1821 2475 1894 2515 25.
1927 2470 2044 2513 male

332 2569 509 2611 parvus
539 2555 669 2599 Satir.
689 2555 723 2607 Ι,
748 2558 791 2608 3,
812 2558 883 2597 45.
918 2554 973 2596 cf.
997 2555 1180 2597 Banu..
1205 2553 1258 2596 ad
1285 2553 1435 2595 Horat.
1460 2553 1539 2607 111,
1565 2555 1635 2607 14,
1660 2557 1730 2598 11.
1763 2558 1808 2597 et
1831 2554 2042 2600 Huscmc.

337 2637 393 2680 ad
423 2642 615 2680 nostrum
646 2639 802 2682 locum.
872 2637 999 2680 Nunc
1030 2651 1237 2694 perquam
1267 2638 1398 2680 stulta
1430 2642 1548 2679 esset
1579 2638 1747 2692 puella,
1792 2638 1855 2680 sic
1885 2642 2035 2681 censet

336 2722 528 2766 iudicare
557 2721 830 2777 cerinthum,
875 2736 986 2778 quae
1026 2728 1113 2766 tam
1157 2720 1378 2778 pulchrum
1421 2722 1616 2764 iuvenem
1649 2720 1927 2777 posthaberet
1959 2723 2034 2765 alii

338 2804 451 2848 forte
480 2806 619 2848 minus
649 2806 851 2851 formoso.
913 2807 1086 2849 Laudat
1125 2806 1342 2849 Hn‘nzms
1384 2806 1584 2861 Propert.
1618 2806 1673 2859 Π,
1707 2809 1781 2858 29,
1812 2808 1882 2848 14.
1949 2806 2042 2849 De-

339 2888 467 2942 nique
515 2888 707 2931 cadam
754 2895 842 2932 est:
895 2902 1098 2945 peccem,
1145 2888 1200 2931 cf.
1230 2889 1407 2932 Pmu'r.
1438 2888 1562 2930 Pers.
1593 2888 1670 2940 IV,
1711 2889 1754 2940 4,
1785 2889 1887 2929 104.
1934 2887 2039 2942 ibiq.

339 2967 618 3012 Tinnmmn.
646 2975 689 3012 et
720 2971 893 3013 Same.
930 2971 1135 3013 Coutrov.
1166 2970 1201 3024 Ι,
1233 2973 1274 3023 3,
1306 2971 1377 3013 fin.
1420 2993 1478 3000 —
1542 2970 1599 3014 V.
1635 2973 1662 3011 3
1695 2983 1760 3024 sq.
1823 2968 1882 3012 Si
1929 2969 2039 3012 tibi

339 3064 471 3093 cura
503 3057 674 3106 togae
707 3053 931 3107 potior,
963 3053 999 3095 si
1030 3058 1077 3094 tu
1103 3053 1373 3095 meretricem
1405 3051 1611 3107 praefers.
1673 3051 1924 3093 Libertinae
1953 3063 2039 3094 non

338 3133 491 3175 stolam
525 3133 733 3187 gerebant
765 3138 809 3175 et
839 3135 1019 3189 pallam,
1051 3135 1129 3178 sed
1161 3135 1463 3178 versicolorem
1498 3135 1686 3177 tunicam
1720 3134 1959 3177 breviorem
1993 3139 2040 3177 et

340 3218 514 3271 pallium
554 3218 681 3259 etiam
729 3225 879 3275 togam
925 3219 1112 3271 dictum,
1160 3218 1273 3260 unde
1320 3223 1496 3271 togatae
1543 3217 1896 3272 appellabantur,
1949 3217 2036 3261 vid.

338 3298 520 3342 HoRAT.
552 3300 643 3342 Sat.
675 3299 711 3353 Ι,
738 3303 781 3353 2,
813 3304 884 3343 63.
929 3301 1030 3355 ibiq.
1075 3302 1333 3356 interpretes
1363 3301 1680 3342 ToRRnNTmM
1713 3304 1764 3341 et·
1787 3299 2036 3342 Hmnnoa-

340 3392 468 3423 From.
498 3403 552 3412 —
600 3395 974 3437 pressumque
1007 3383 1262 3441 quasillo
1305 3384 1591 3436 Scortum,
1623 3383 1895 3437 quasillaria,
1926 3381 2038 3438 quae
