2158 3750
649 260 833 314 LIBR.
868 260 961 312 111.
1031 258 1238 312 ELEG.
1273 259 1344 312 V.
1736 267 1838 311 369

140 407 345 448 Ceterum
394 405 595 447 Tibullus
642 407 818 462 proprie
865 404 1004 447 dixit:
1063 405 1272 461 temporis
1319 403 1451 460 prisci
1502 404 1615 448 facta
1662 407 1842 460 referre,

139 489 393 543 Lygdamus
432 489 572 532 minus
614 489 811 544 propriee
864 494 1062 544 tempora
1103 489 1246 544 prisca
1290 487 1470 530 referre.
1499 510 1559 518 ——
1611 489 1842 533 Postremo

141 571 196 612 de
235 575 330 612 toto
361 571 460 612 loco
500 570 779 622 observabis,
824 568 1038 627 quomodo
1080 582 1194 612 nunc
1234 573 1407 624 repetat
1448 574 1577 624 poeta
1607 572 1842 627 superiora.

142 655 192 696 Si
223 653 375 695 eodem
406 654 498 695 fere
536 653 667 696 modo
707 654 868 696 iterum
912 652 1094 694 dixisset
1137 652 1192 694 de
1233 653 1477 695 innocentia
1509 665 1587 696 sna
1618 659 1662 696 et
1691 654 1845 697 iuven-

141 740 236 778 tute
266 741 314 778 ut
349 750 494 791 supra,
526 735 974 792 vituperari-adeberet
1005 735 1209 789 graviter,
1241 736 1318 777 sed
1350 735 1432 778 hoc
1464 750 1550 779 non
1585 737 1702 791 fecit,
1731 737 1858 798 redit

140 820 228 861 alio
259 819 387 861 modo
421 819 476 861 ad
509 833 586 872 ea3
634 824 694 862 et·
721 831 873 874 puram
916 818 1047 860 vitam
1091 817 1306 870 significat
1342 817 1515 871 Elysios
1546 833 1721 875 campos
1751 834 1847 864 me-

142 914 337 954 morans,
385 902 662 945 iuventutem-
686 912 818 952 vero,
860 897 963 940 olim
1005 896 1153 939 diceus
1194 911 1244 940 se
1284 898 1499 941 aditurum
1543 901 1704 946 Orcum
1746 916 1846 948 cum

143 998 280 1038 rugae
318 985 555 1027 senectutis
596 982 802 1026 venerint.
875 983 1025 1027 Quare
1069 980 1266 1037 profecto
1308 983 1400 1025 siue
1440 996 1570 1026 causa
1613 986 1848 1030 Sronmus

144 1067 470 1124 propter-'haec
513 1066 790 1110 eiici·voluit
819 1066 1057 1121 superiora.
1090 1088 1151 1096 —
1207 1065 1395 1120 Atque
1445 1068 1660 1110 utinam
1702 1081 1863 1132 vano1

142 1157 226 1192 etc.
290 1149 460 1192 Utinam
494 1149 652 1204 febris,
693 1162 780 1206 qua
811 1149 980 1203 laboro,
1014 1149 1173 1192 frustra
1205 1162 1274 1191 me
1305 1154 1468 1192 terreat
1499 1156 1623 1194 aestu
1654 1165 1735 1195 suo
1767 1166 1850 1196 ne·-

141 1245 228 1286 que
256 1234 478 1276 mortifera
507 1234 579 1277 sit.
615 1257 674 1265 —
717 1234 1026 1288 Languent
1067 1237 1162 1276 ter
1195 1233 1400 1287 quinos
1429 1247 1524 1289 sqq.
1586 1235 1687 1278 Non
1730 1236 1848 1280 desi-

143 1317 411 1360 derabamus·
427 1331 651 1362 numerum
681 1318 863 1362 dierum.
923 1317 1106 1361 Poetica
1137 1318 1242 1360 talia
1272 1318 1335 1360 sic
1366 1322 1531 1361 tantum
1562 1324 1677 1372 sunt,
1710 1321 1746 1362 si
1778 1334 1851 1363 sa-

143 1415 219 1444 cer
248 1407 315 1444 est
357 1415 585 1455 numeruS,
628 1402 672 1444 in
701 1415 788 1456 quo
816 1403 874 1444 sit
904 1401 1057 1444 ominis
1088 1401 1250 1455 aliquid
1281 1401 1382 1443 boui
1413 1402 1592 1455 malive,
1634 1401 1750 1456 quod
1782 1401 1853 1445 hic

142 1498 227 1527 non
265 1486 405 1529 video.
464 1486 668 1528 Peccavit
696 1486 831 1539 igitur
872 1491 923 1528 ut
963 1499 1120 1541 supra,
1163 1499 1262 1528 cum
1302 1499 1463 1528 annum
1503 1486 1629 1528 nobis
1666 1487 1853 1529 natalem

144 1567 366 1610 indicaret.
428 1567 570 1611 Quam
600 1580 703 1609 vero
736 1568 922 1610 Vossnss
952 1566 1021 1610 hic
1051 1567 1279 1623 adscripsit
1309 1569 1656 1623 annotationem,
1704 1582 1754 1611 ea
1786 1569 1856 1610 in·-

145 1650 365 1704 eptissima
395 1654 475 1694 est.
535 1650 677 1692 Dicit:
706 1651 886 1693 Poterat
917 1651 1111 1694 medicus
1141 1651 1428 1707 respondere:
1459 1653 1574 1695 bono
1606 1653 1665 1695 sis
1698 1654 1855 1706 animo,

146 1734 361 1776 decrescit
390 1734 595 1790 paulatim
627 1734 760 1777 febris
802 1739 848 1778 et
877 1739 927 1777 tu
964 1736 1049 1777 iam
1082 1735 1385 1778 versusfacis.
1447 1736 1538 1779 Sed
1570 1735 1651 1780 hoc
1683 1742 1749 1779 est
1781 1751 1856 1780 ca-

143 1815 355 1858 lumniari.
418 1814 642 1858 Undenam
676 1821 724 1858 tn
755 1817 870 1858 nosti
903 1817 1168 1858 imminutam
1199 1816 1379 1869 febrim,
1427 1823 1476 1859 ut
1507 1818 1647 1860 rideas
1680 1827 1853 1874 poetam

145 1903 329 1940 mortem
359 1898 618 1941 timentem?
675 1898 738 1942 Et
784 1912 883 1943 cum
929 1900 1130 1942 Tibullus
1174 1900 1218 1942 in
1264 1901 1391 1943 simili
1438 1903 1633 1957 periculo
1681 1916 1855 1945 versans

146 1979 279 2022 saciat
311 1986 356 2022 et
394 1985 537 2022 tamen
578 1986 761 2023 mortem
791 1982 964 2034 timeat,
1013 1980 1126 2023 hunc
1167 1994 1253 2023 non
1296 1983 1541 2037 vituperas,
1583 1983 1882 2038 Lygdamum'

147 2069 292 2104 autem
341 2068 574 2118 propterea
620 2062 806 2118 ineptire
851 2062 942 2104 vis!
975 2084 1034 2094 --
1094 2062 1148 2104 V.
1184 2065 1245 2104 29
1276 2075 1370 2117 sqq.
1432 2061 1665 2107 Tuscae
1711 2068 1860 2108 cele-

147 2147 394 2189 brantur
436 2147 666 2189 numina
707 2143 991 2201 lymphae.
1053 2145 1165 2189 Cum
1195 2147 1427 2190 salubritas
1458 2162 1666 2203 aquarum
1710 2164 1735 2191 a
1777 2164 1859 2192 nu-

147 2230 264 2271 mine
299 2233 573 2284 repeteretur
603 2228 719 2283 quod
756 2228 946 2280 inesset,
989 2227 1174 2269 numina
1197 2228 1407 2286 lymphae
1438 2245 1518 2288 pro
1550 2233 1712 2276 viribus
1742 2234 1860 2276 salu-

148 2310 297 2353 bribus
338 2312 430 2353 eius
473 2310 590 2353 dicta
634 2309 767 2352 vides.
797 2330 858 2340 -
909 2313 967 2351 et
1010 2310 1263 2364 pellitur
1300 2312 1446 2354 unda
1489 2326 1661 2356 manu.
1724 2314 1864 2358 Erant

151 2395 266 2439 enim
302 2395 545 2436 natationes
576 2395 620 2436 in
661 2393 852 2445 balneis,
895 2393 1086 2448 piscinae
1118 2393 1289 2447 dictae,
1334 2394 1389 2436 ad
1432 2397 1784 2438 exercitationem
1819 2402 1862 2439 et

148 2480 204 2522 ad
247 2478 687 2522 morbos-sanandos.
747 2477 890 2531 Vide,
935 2489 1064 2532 quem
1104 2477 1323 2520 Hermus
1366 2479 1538 2533 laudat,
1579 2480 1764 2523 Bacrmu
1809 2481 1865 2523 de

150 2561 351 2610 Thermis
381 2561 477 2604 libr.
502 2560 599 2605 vn.
632 2573 671 2604 c.
702 2563 745 2602 8.
777 2565 823 2603 et
851 2562 924 2603 24.
986 2561 1144 2602 Suavis
1175 2573 1280 2603 vero
1315 2563 1468 2606 oratio.
1531 2562 1704 2605 Pellere
1733 2576 1866 2620 supra

149 2643 334 2685 vidimus
382 2643 438 2686 de
485 2647 660 2686 natante
688 2643 738 2697 ·1,
769 2645 812 2695 4,
847 2646 917 2686 12.
988 2644 1214 2686 Facilis
1260 2646 1436 2699 unda,
1485 2645 1645 2689 cedens
1685 2650 1865 2691 natanti.

148 2726 275 2769 Bene
306 2726 475 2769 confert
503 2726 726 2770 Hsrmus
755 2726 958 2781 Propert.
980 2725 1015 2780 1,
1042 2727 1115 2778 11,
1149 2729 1228 2768 12:
1265 2726 1491 2769 Alternae
1512 2727 1680 2785 facilis
1713 2729 1867 2771 cedere

150 2808 339 2866 lympha
383 2822 535 2852 manu.
611 2808 812 2864 Denique
859 2810 1021 2852 lenta
1069 2815 1137 2851 est
1183 2810 1412 2864 flexibilis,
1468 2811 1668 2865 mobilis,
1726 2806 1874 2857 Ovm‘.v

151 2891 336 2935 Heroid.
366 2891 621 2945 Xlxrffla
655 2895 887 2951 Lentaque
918 2892 1098 2934 dimotis
1131 2892 1319 2934 brachia
1350 2895 1497 2936 iactat
1538 2894 1695 2954 aquis,
1747 2905 1881 2941 com-³

154 2981 335 3033 parante
384 2976 592 3019 Hunno.
676 2977 883 3019 Suaviter
931 2978 1068 3031 igitur
1117 2990 1353 3034 expressus
1404 2984 1471 3021 est
1517 2984 1668 3034 gestus
1714 2986 1870 3024 natan-

156 3061 277 3103 tium.
308 3081 368 3091 --
415 3073 518 3102 nos
559 3059 681 3103 fata
720 3060 904 3104 fuisse
945 3061 1154 3116 velint,
1207 3075 1285 3118 per
1331 3068 1481 3106 notum
1527 3063 1869 3120 eupliemismum

157 3144 346 3197 dictum,
380 3144 437 3187 cf.
470 3144 637 3191 Hmm.
669 3143 726 3187 ad
762 3144 890 3188 ovid.
924 3144 1108 3190 Heroid.
1139 3147 1282 3200 XVII,
1318 3152 1419 3191 192.
1452 3149 1655 3192 laudante
1688 3150 1870 3194 Vum’ro

157 3232 204 3271 et
231 3227 440 3271 Hmruo.
464 3249 525 3260 -
565 3226 622 3272 V.
647 3229 722 3271 33.
750 3228 823 3271 34.
854 3228 1056 3283 nigras
1086 3229 1339 3284 pecudes
1371 3231 1704 3286 promittite
1739 3232 1871 3275 Diti.

158 3313 315 3355 luseris
344 3313 437 3356 diis·
462 3313 626 3356 animas
656 3312 872 3368 pecudum
907 3326 986 3368 pro
1017 3311 1235 3357 hominum
1277 3315 1365 3356 vita
1407 3319 1454 3357 et
1494 3314 1717 3357 animabus
1750 3316 1871 3356 obla-

161 3400 228 3437 tas
263 3398 461 3450 constan
502 3395 635 3440 talem
671 3394 950 3439 substitutam
990 3396 1176 3439 animam
1209 3396 1413 3439 dicebant
1446 3399 1683 3439 meliorem.
1748 3395 1871 3437 Conf.

1346 3484 1415 3529 24

1575 3557 1586 3585 ι
