2158 3750
646 299 830 351 LIBR.
866 299 959 350 111.
1031 297 1233 350 ELEG.
1270 300 1313 350 I.
1723 306 1825 350 317

127 446 257 489 etiam
286 445 494 490 Vunpms
528 448 572 486 et
600 442 839 488 Hermus,
912 443 1051 486 Poeta
1090 442 1352 487 adiectivum
1381 443 1618 487 Romani
1648 441 1831 496 addidit,

129 545 216 585 quo
248 532 384 573 maior
421 530 643 572 videretur
671 529 878 571 sanctitas
909 527 1011 570 diei.
1043 552 1099 559 —
1143 529 1427 572 Exoriens
1457 527 1547 572 hic
1586 528 1700 571 fuit
1738 541 1830 571 an-

131 627 233 657 nus
276 613 316 657 h.
349 627 388 656 e.
431 612 638 655 Kalendis
679 611 850 654 Martiis
891 610 1044 652 solitus
1090 615 1159 652 est
1200 611 1303 653 olim
1348 611 1509 654 exoriri
1550 623 1701 655 annus.
1762 611 1828 655 De

130 699 382 754 pronomine
403 695 476 736 hic
504 708 540 738 s.
567 693 649 736 hoc
668 697 886 735 momento
909 692 1130 747 temporis,
1162 692 1368 735 BAcmtss
1396 693 1564 736 confert
1587 693 1826 738 PRoPssnw.

130 783 208 835 lv,
239 785 282 836 4,
311 784 395 824 74:
447 776 558 820 Urbi
576 777 737 835 festus
766 781 868 817 erat
907 773 1084 829 (dixere
1116 774 1291 816 Palilia
1315 783 1497 832 patres,
1538 777 1630 818 Hic
1655 779 1828 834 primus

128 863 271 919 coepit
312 857 536 903 moenibus
574 857 692 913 esse)
735 854 843 899 dies.
904 855 1027 898 Idem
1069 869 1172 899 vere
1215 857 1419 901 observat
1461 860 1688 917 participio
1729 874 1829 905 cum

128 959 168 989 v.
209 959 305 987 esse
346 945 493 986 iuncto
532 946 692 984 statum
734 940 911 983 solitum
955 941 1204 995 significari.
1268 942 1474 985 Ceterum
1514 945 1685 987 initium
1728 946 1829 989 anni

129 1028 313 1071 Martius
344 1026 426 1068 fuit
454 1026 601 1080 primis
628 1037 708 1067 sex
738 1025 924 1067 saeculis
956 1025 1087 1068 urbis·
1163 1026 1272 1068 Cum
1305 1033 1450 1071 autem
1481 1031 1581 1073 inde
1612 1045 1635 1074 a
1668 1043 1827 1077 consu-

126 1111 218 1153 latu
262 1111 322 1155 Q.
367 1107 509 1151 Fulvii
549 1105 784 1150 Nobilior-is
823 1110 869 1149 et
911 1106 966 1150 T.
1009 1108 1139 1150 Annii
1183 1109 1315 1151 Lusci
1356 1123 1455 1153 ann.
1488 1115 1593 1157 601.
1626 1117 1827 1159 consules

123 1196 375 1235 constanter
402 1189 601 1234 Ianuario
630 1201 778 1232 meuse
808 1189 1112 1242 magistratum
1143 1192 1328 1245 inirent,
1360 1195 1569 1248 paulatim
1602 1194 1671 1238 hic
1701 1210 1827 1240 men-

127 1275 188 1316 sis
219 1275 367 1329 coepit
412 1286 493 1329 pro
523 1272 647 1315 initio
687 1270 832 1314 haberi
877 1271 994 1314 anui.
1067 1272 1132 1315 Ac
1162 1278 1292 1329 poeta
1324 1275 1494 1319 laudem
1528 1277 1613 1321 diei
1642 1279 1830 1335 amplifi-

122 1371 225 1400 care
252 1357 387 1400 voluit
415 1356 558 1399 verbis
589 1354 722 1399 hisce.
757 1378 813 1387 —
862 1356 1087 1399 nostris
1118 1358 1254 1400 avis.
1317 1359 1427 1402 Cum
1458 1361 1650 1404 Vossms
1683 1363 1828 1404 Grae·-

122 1441 267 1483 culum
295 1439 412 1483 dicat
441 1439 714 1493 Lygdamum
743 1439 869 1492 falso,
901 1440 1178 1484 observatum
1211 1446 1279 1484 est
1309 1447 1411 1487 ante
1442 1457 1535 1498 nos,
1565 1450 1741 1501 poetam
1773 1459 1823 1489 se

123 1522 266 1577 ipsum
297 1520 362 1564 his
392 1521 535 1564 verbis
565 1522 811 1564 Romanum
843 1521 1003 1564 dicere.
1035 1543 1095 1551 —-
1147 1535 1364 1579 pompa.
1427 1524 1538 1569 Nam
1571 1528 1719 1570 missio
1749 1540 1825 1570 so-

121 1605 277 1647 lemnis
307 1617 534 1647 munerum
569 1605 789 1660 largorum
828 1618 909 1662 per
952 1618 1110 1661 pueros
1142 1607 1289 1650 fiebat,
1352 1608 1536 1652 Constat
1565 1623 1668 1653 vero
1695 1625 1826 1666 pom-

113 1702 223 1743 pam
266 1688 439 1739 omnino
480 1687 566 1731 dici
606 1688 662 1731 de
702 1690 911 1732 comitatu
951 1703 1110 1744 magno
1147 1690 1399 1735 ducentium
1435 1698 1513 1736 ant
1552 1696 1818 1749 portantium

120 1771 309 1826 aliquid,
354 1777 400 1814 et
440 1771 496 1814 de
534 1772 722 1828 ipsarum
762 1785 908 1815 rerum
940 1786 1052 1826 quae
1083 1777 1314 1828 portantur
1343 1776 1643 1828 multitudine,
1686 1769 1848 1820 veluti*

116 1853 335 1896 Pam-rus
365 1867 435 1909 ap.
466 1854 664 1896 Macrob.
694 1855 787 1897 Sat.
820 1853 878 1906 Il,
914 1857 982 1896 12.
1026 1854 1156 1897 dicit=
1202 1855 1316 1911 Quis
1345 1863 1414 1899 est
1446 1857 1651 1900 mortalis
1683 1866 1822 1900 tanta

107 1935 310 1994 fortuna
341 1936 556 1994 adfectus
584 1951 798 1995 unquam,
828 1938 974 1994 Quam
997 1952 1078 1995 ego
1100 1953 1220 1979 nunc
1250 1953 1363 1983 sum,
1397 1939 1557 1997 quoius
1578 1940 1690 1981 llaec
1713 1956 1823 1984 ven-⁴

117 2017 182 2060 tri
207 2025 424 2074 portatur
449 2033 639 2076 pompa,
669 2018 711 2063 h.
744 2032 784 2061 e.
817 2019 1046 2074 multiplex
1078 2018 1304 2062 obsonium
1337 2025 1382 2062 et
1411 2026 1726 2076 sumptuosum.
1758 2046 1818 2055 —

52 2097 55 2101 ’
117 2108 284 2144 certa
328 2114 530 2157 pompa
570 2099 612 2143 h.
645 2113 685 2143 e.
731 2100 863 2143 certis
906 2100 1103 2155 personis
1143 2099 1386 2155 destinata,
1435 2106 1602 2145 certum
1639 2116 1822 2160 scopum

70 2227 75 2230 ,
118 2183 387 2240 propositum
417 2195 530 2237 quae
558 2181 690 2225 habet
729 2187 775 2225 et
815 2182 939 2238 petit.
999 2194 1143 2236 vaga
1182 2187 1326 2226 autem
1369 2196 1547 2227 munera
1589 2190 1688 2228 sunt
1731 2187 1817 2229 alio

114 2266 199 2308 alia
228 2265 473 2319 tendentia,
519 2270 565 2308 et
595 2266 708 2308 bene
737 2269 915 2307 annotat
948 2264 1247 2308 Huscfflcms:
1294 2267 1452 2321 „Vaga
1482 2280 1659 2310 munera
1696 2271 1819 2324 quasi

118 2353 417 2403 temperantur
447 2360 606 2403 pompa
636 2352 772 2399 certa,
807 2345 1021 2400 siquidem
1051 2346 1095 2387 in
1128 2359 1294 2389 summa
1326 2347 1656 2392 discurrentium
1689 2351 1819 2392 undi-

115 2444 201 2485 que
232 2430 483 2474 confusione
512 2442 640 2473 nemo
669 2434 815 2472 tamen
846 2433 965 2481 erat,
1013 2427 1087 2482 qui
1117 2440 1203 2469 non
1236 2433 1406 2472 certum
1437 2432 1566 2473 finem
1597 2433 1815 2486 peteret.“

117 2514 397 2558 Quaeruntur
439 2526 466 2556 a
515 2512 658 2569 poetis
701 2512 811 2554 tales
853 2509 1148 2565 oppositiones
1192 2508 1511 2565 epithetorum,
1573 2518 1618 2554 et
1660 2527 1816 2557 suaves

114 2604 239 2651 sunt,
283 2599 319 2640 si
362 2610 447 2640 non
488 2597 613 2639 nimis
650 2595 809 2639 subtile
840 2606 1022 2638 acumen
1064 2591 1239 2638 liabent.
1299 2594 1369 2636 Ad
1398 2595 1661 2638 locutionem
1692 2610 1815 2654 vaga

113 2683 452 2725 discurrunt
480 2680 753 2724 Huscmuus
775 2678 943 2723 confert
962 2678 1200 2720 Maiarum.
1229 2677 1348 2731 VIII,
1372 2681 1445 2733 33,
1471 2681 1552 2722 152
1584 2694 1663 2720 nec
1694 2694 1815 2738 vaga

114 2771 211 2806 tam
252 2763 381 2806 tenui
426 2763 641 2806 discurrit
685 2777 856 2805 aranea
902 2762 995 2804 tela
1039 2776 1102 2818 pr.
1148 2760 1231 2804 hue
1276 2762 1390 2805 illuc.
1464 2763 1584 2806 Idem
1628 2764 1815 2820 denique

113 2861 217 2892 vere
258 2853 407 2892 monet
449 2849 590 2891 aliena
631 2861 728 2891 esse
767 2848 1005 2903 agrestium
1036 2860 1215 2890 munera
1247 2847 1488 2891 Pnopmvr.
1522 2847 1603 2903 III,
1636 2853 1706 2903 13,
1739 2853 1812 2894 27.

113 2934 273 2976 collata
302 2933 357 2975 ab
389 2932 595 2976 Hermo.
628 2953 688 2965 —
730 2933 958 2987 Perque
998 2934 1123 2975 vias
1162 2931 1321 2975 urbis
1353 2945 1573 2987 perque
1606 2933 1814 2978 domos.

114 3014 232 3057 Cave
285 3013 436 3070 putide
488 3014 728 3070 distinguas
779 3012 848 3057 hic
894 3014 1134 3070 puellarum
1181 3019 1226 3056 et
1275 3019 1569 3059 matronarum
1619 3030 1813 3072 munera,

114 3098 237 3152 quasi
269 3110 353 3140 non
386 3098 515 3141 etiam
546 3099 620 3141 illa
649 3111 728 3154 per
756 3097 909 3142 domos
941 3102 1168 3155 portentur
1197 3111 1371 3141 emensa
1405 3100 1509 3142 vias,
1574 3100 1710 3143 lmmo
1743 3107 1813 3145 to-

114 3186 229 3234 tam,
270 3193 382 3234 quae
412 3181 581 3234 agitur,
626 3193 717 3224 rem
750 3180 808 3223 ob
843 3181 995 3223 oculos
1025 3181 1147 3237 pouit
1175 3182 1367 3224 suaviter
1406 3183 1526 3224 nullo
1562 3183 1809 3227 discrimine

113 3264 229 3307 facto
256 3265 346 3307 tali.
407 3265 594 3307 Omnino
620 3265 732 3308 bene
760 3264 997 3309 elaboravit
1022 3263 1104 3309 hoc
1128 3263 1341 3309 distichon
1370 3271 1515 3321 poeta.
1536 3288 1592 3297 —
1620 3267 1673 3310 V.
1699 3271 1727 3310 5
1744 3280 1809 3320 sq.

117 3345 337 3400 Dicite,
377 3347 658 3392 Pierides.
721 3347 959 3391 Consilium
990 3353 1119 3403 rogat
1146 3348 1322 3401 Musas,
1372 3349 1731 3403 quemadmodum
1766 3351 1807 3391 in

111 3433 263 3482 quarta
296 3429 438 3482 elegia
469 3428 524 3471 ab
556 3429 757 3486 Apolline
787 3429 969 3475 docetur
998 3430 1053 3473 de
1080 3430 1210 3473 rebus
1241 3431 1343 3474 suis.
1416 3432 1618 3474 Tibullus
1650 3431 1703 3474 ad
1735 3444 1808 3472 sa-
