2158 3750
757 227 937 278 LIBR.
975 230 1016 277 Ι.
1088 227 1287 280 ELEG.
1324 227 1389 278 ΙΙ.
1840 234 1906 279 55

209 372 370 410 stremo
409 369 644 423 erraveris,
690 371 726 413 sl
759 383 814 413 ex
844 368 909 413 his
941 369 1134 413 distichis
1171 368 1431 421 concludas,
1475 367 1642 411 Deliam
1675 370 1764 409 tum
1797 380 1904 409 uon-

209 452 310 495 dum
341 459 517 509 nuptam
549 454 695 509 fuisse,
724 460 774 498 ut
797 455 987 499 Vossius
1014 454 1170 499 secisse
1200 454 1371 498 videtur
1400 466 1498 496 cum
1529 453 1639 506 aliis,
1670 451 1775 494 haec
1804 456 1904 493 ante

208 535 391 579 reditum
426 537 587 579 Tibulli
619 550 645 580 e
674 537 789 580 bello
820 537 981 592 scripta
1009 548 1202 579 censens.
1265 537 1364 582 Qua
1395 536 1509 578 mala
1538 535 1785 578 coniectura
1818 546 1903 575 non

209 630 332 673 opus.
393 619 560 662 Tantus
588 623 655 661 est
684 619 847 661 Tibulli
877 631 1011 672 amor,
1043 623 1091 660 ut
1121 619 1158 660 si
1191 620 1257 660 vel
1289 632 1401 661 nunc
1429 618 1672 673 relinquere
1704 617 1900 660 maritum

208 708 252 745 et
281 714 379 744 cum
408 702 501 757 ipso
532 702 676 743 vivere
705 700 829 742 Delia
856 700 973 752 velit,
1004 699 1173 753 quidvis
1205 700 1466 742 toleraturus
1495 700 1552 742 sit
1582 712 1662 755 pro
1693 698 1773 741 bac
1805 697 1902 741 feli-

207 786 349 827 citate.
411 783 542 828 Quod
572 763 633 824 ita
662 782 767 824 dicit
795 780 849 823 ad
881 781 1221 836 magnitudinem
1252 783 1412 824 amoris
1443 781 1772 837 declarandam,
1817 794 1902 825 nou

204 869 324 923 quasi
355 867 504 910 credat
532 867 593 909 ita
622 865 826 928 futurum.
888 865 979 908 Sed
1007 866 1250 920 laetabitur,
1282 867 1319 908 si
1349 866 1478 909 modo
1503 867 1609 909 illud
1641 868 1904 923 impetrave-

204 951 260 992 rit
293 948 358 990 his
388 947 614 1003 precibus,
662 952 713 990 ut
741 947 925 990 subinde
954 947 1070 990 fores
1101 948 1270 1004 aperiat
1301 948 1426 991 Delia
1456 951 1613 992 iterum
1644 954 1690 992 et
1719 949 1901 1005 recipiat

200 1037 430 1076 amantem.
507 1031 590 1074 Est
635 1032 770 1088 igitur
817 1046 945 1077 verus
992 1046 1172 1076 sensus:
1222 1034 1384 1076 utinam
1433 1032 1586 1076 essem'
1612 1057 1673 1066 —-
1713 1046 1900 1090 possem.

202 1114 331 1160 Quod
363 1127 466 1158 vero
494 1115 720 1159 nervosius
745 1114 913 1158 directa
941 1115 1257 1170 significatione
1287 1117 1378 1159 voti
1411 1129 1489 1172 per
1518 1118 1765 1174 praesentia
1790 1122 1902 1159 tem-

201 1212 306 1255 pora
336 1211 439 1242 usus
469 1203 563 1254 est,
609 1212 696 1243 nou
733 1198 1015 1256 hypothetica
1057 1213 1137 1257 per
1166 1200 1445 1256 imperfecta,
1493 1199 1548 1243 de
1580 1213 1633 1242 eo
1663 1199 1761 1242 vide
1793 1212 1902 1254 quae

200 1283 383 1338 exposui
451 1283 576 1349 ...fipe
614 1282 942 1345 Dissertationis
979 1282 1035 1326 de
1076 1283 1339 1326 Elocutione
1369 1283 1546 1326 Tibulli.
1609 1282 1734 1326 Adde
1763 1283 1901 1326 Ovru.

199 1364 310 1407 Met.
340 1365 383 1408 X
437 1394 463 1420 4
488 1367 583 1407 192
611 1378 731 1420 sqq.z
775 1365 812 1406 0
842 1366 884 1407 si
915 1363 1017 1424 quis
1048 1363 1223 1422 referat
1253 1364 1363 1406 mihi
1393 1385 1453 1398 -
1486 1380 1622 1423 quom
1652 1365 1735 1412 sit,
1769 1378 1833 1423 pr.
1864 1366 1901 1407 si

200 1448 296 1501 quis
320 1447 503 1492 referret
531 1470 592 1479 —
621 1461 750 1503 quam
782 1453 912 1491 esset.
941 1471 1002 1480 —-
1033 1449 1086 1492 V.
1119 1453 1179 1491 77
1209 1462 1302 1503 sqq.
1366 1449 1483 1494 Quid
1514 1448 1691 1491 divitiae
1722 1453 1903 1504 prosunt

198 1533 290 1574 sine
332 1532 491 1575 amoris
530 1531 710 1575 fructu?
784 1532 986 1575 Suaviter
1028 1544 1133 1574 vero
1177 1531 1356 1586 Tyriam
1401 1543 1635 1587 purpuram
1678 1536 1902 1583 memorat,

197 1629 295 1660 cum
341 1616 471 1659 modo
515 1615 572 1659 de
614 1616 895 1666 orientalibus
939 1615 1069 1658 rebus
1113 1628 1257 1658 sermo
1298 1615 1444 1658 fuerit.
1473 1638 1535 1648 -
1592 1615 1765 1669 fletu,
1809 1616 1903 1658 sine

198 1701 534 1759 praepositione,
564 1707 614 1744 ut
637 1701 779 1746 Vmor.
812 1702 918 1744 Aen.
951 1701 1031 1754 111,
1060 1702 1174 1743 664:
1207 1698 1413 1744 dentibus
1437 1698 1699 1756 infrendens
1727 1699 1899 1757 gemitu

201 1785 325 1838 dixit,
353 1789 399 1827 et
427 1786 588 1829 Graeci
619 1786 824 1844 στοναχῇ,
858 1795 1106 1839 στοναχαῖς,
1139 1785 1320 1843 οἰμωγῇ,
1352 1785 1509 1840 μυγμῷ
1539 1785 1702 1838 dicunt,
1734 1785 1788 1828 cf.
1821 1798 1901 1827 nos

196 1869 252 1912 ad
283 1871 422 1914 Pmu.
455 1871 584 1915 Nem.
612 1871 671 1925 X,
701 1876 775 1917 75.
806 1892 866 1903 —
901 1858 1062 1914 venit
1091 1870 1403 1925 significantius
1436 1875 1602 1926 ponunt
1632 1883 1697 1925 pr.
1729 1877 1820 1916 est,
1854 1875 1902 1911 ut

195 1957 252 2000 de
283 1958 480 2013 personis
509 1958 572 2000 ita
601 1957 657 2000 de
687 1957 818 2000 rebus
845 1957 1043 2000 iucundis
1075 1961 1120 1999 et
1151 1955 1418 2009 iniucundis,
1452 1956 1574 1998 bonis
1606 1961 1651 1997 et
1679 1955 1828 2008 malis,
1861 1970 1900 1997 v.

195 2055 235 2084 c.
265 2042 501 2084 Pnopan'r.
533 2040 569 2094 Ι,
607 2043 678 2093 18,
719 2041 798 2083 14:
847 2054 935 2081 non
975 2038 1046 2080 ita
1089 2053 1229 2080 saeva
1272 2045 1424 2079 tamen
1463 2037 1632 2079 venerit
1674 2038 1746 2080 ira
1789 2053 1899 2081 mea.

195 2122 309 2167 Add.
354 2124 474 2166 locos
518 2136 586 2179 ap.
634 2121 802 2167 Hssms.
844 2121 900 2164 ad
946 2120 1075 2164 Ovid.
1118 2121 1241 2166 Fast.
1275 2121 1326 2174 V,
1358 2124 1459 2164 648.
1509 2122 1804 2165 Mra-sennar..
1845 2123 1900 2164 ad

199 2204 351 2248 Horat.
378 2205 415 2258 l,
451 2208 520 2258 19,
550 2206 623 2248 fin.
685 2203 896 2247 Conferas
926 2204 1057 2246 etiam
1089 2204 1307 2246 Graecum
1339 2196 1430 2260 ἥκει
1460 2206 1625 2261 φέρων,
1655 2205 1898 2248 VALcKEN.

197 2288 253 2332 ad
294 2289 517 2332 Phoeniss.
559 2292 664 2333 260.
712 2294 760 2332 et
804 2290 1104 2331 Summum(-
1155 2287 1210 2329 ad
1251 2289 1364 2330 Plat.
1403 2288 1608 2344 SympoS.
1656 2303 1697 2343 p.
1737 2291 1810 2331 68.
1841 2310 1893 2320 —

196 2374 460 2427 stragula
493 2371 650 2427 picta
681 2369 909 2425 (kostbore
943 2370 1115 2411 Deci-en
1147 2369 1227 2411 mit
1258 2369 1507 2425 Stia-kerei).
1550 2371 1648 2413 Cic.
1680 2370 1813 2414 Tusc.
1847 2371 1900 2424 V,

200 2457 284 2498 21:
329 2454 546 2497 Collocari
574 2453 711 2498 iussit
742 2454 961 2496 hominem
990 2454 1039 2496 in
1069 2469 1207 2497 aureo
1236 2453 1376 2501 lecto,
1407 2461 1557 2496 strato
1584 2453 1898 2510 pulcherrimo,

196 2536 350 2578 textili
387 2536 597 2595 stragulo
641 2536 894 2595 magnificis
939 2534 1143 2592 operibus
1175 2536 1317 2592 picto.
1378 2536 1490 2580 Add.
1531 2537 1799 2580 HsslNDORF.
1845 2539 1899 2581 ad

198 2622 351 2665 Horat.
380 2622 475 2665 Sat.
508 2621 563 2674 ll,
596 2624 639 2673 3,
676 2623 776 2664 118.
800 2643 860 2652 —
890 2621 1121 2665 sonitus
1154 2620 1415 2676 placidae
1442 2634 1631 2675 aquae.
1691 2621 1902 2675 Intelligit

195 2706 381 2759 silanos,
423 2717 531 2760 quos
562 2702 718 2747 divites
747 2703 935 2747 Romani
967 2703 1009 2746 in
1039 2703 1220 2746 aedibus
1253 2702 1480 2747 habebant.
1541 2704 1743 2747 Laudant
1775 2704 1898 2747 Cur.-

196 2803 285 2832 scu
316 2788 396 2843 111,
425 2793 508 2832 18:
536 2787 721 2846 Confert
749 2787 890 2830 etiam
919 2787 1099 2847 aliquid
1127 2787 1191 2828 ad
1219 2803 1419 2830 somnum
1450 2787 1626 2829 silanus
1655 2788 1792 2830 iuxta
1819 2802 1896 2829 ca-

198 2872 332 2917 dens,
379 2877 425 2914 et
466 2872 638 2916 Sanno.
681 2871 958 2929 Epion-100.
1007 2875 1190 2919 Quaest.
1227 2872 1284 2916 N.
1327 2872 1406 2926 ΙΙΙ,
1450 2875 1520 2915 17.
1549 2897 1610 2906 --·
1660 2873 1895 2923 ducere,

198 2955 237 2999 Ιι.
272 2969 311 2999 e.
342 2954 571 3008 adducere,
600 2954 784 2999 Hom-r.
814 2954 956 3011 Epod.
988 2955 1109 3008 XIV,
1140 2959 1185 2999 3.
1228 2954 1367 2997 Ovm.
1400 2955 1510 2997 Met.
1541 2955 1598 3007 ll,
1628 2958 1731 2997 735.
1764 2960 1808 2997 et
1841 2955 1895 2998 al.

198 3038 382 3080 Omnino
425 3042 651 3094 poetarum
689 3043 756 3082 est
797 3036 1066 3093 simplicibus
1110 3038 1173 3080 uti
1217 3050 1297 3093 pro
1339 3039 1590 3094 compositis
1636 3038 1708 3080 ubi
1748 3038 1895 3092 lingua

198 3121 294 3174 sert,
325 3127 369 3163 et
401 3133 549 3164 eorum
581 3120 654 3175 qui
686 3122 898 3177 poeticam
930 3123 1171 3167 orationem
1200 3123 1423 3166 imitantur
1450 3127 1497 3165 ut
1527 3122 1722 3165 TacituS.
1784 3123 1896 3166 Vide

197 3219 306 3259 quae
340 3206 473 3249 Fam.
506 3208 746 3250 Gtx‘riffln
788 3208 967 3262 collegit
1004 3209 1046 3250 in
1090 3205 1312 3252 Athenaeo
1344 3207 1398 3251 ab
1431 3208 1525 3262 ipso
1559 3212 1601 3249 et
1636 3207 1893 3248 wiern-eun·-

199 3301 309 3331 τιιιο
342 3289 485 3342 edito,
529 3290 625 3333 Vol.
661 3288 715 3332 11.
752 3289 855 3332 fasc.
888 3289 944 3335 11.
977 3307 1016 3347 p.
1050 3294 1139 3336 266
1171 3305 1264 3346 sqq.
1329 3292 1454 3348 Apud
1489 3292 1708 3334 Tibullum
1738 3292 1798 3332 sic
1829 3296 1894 3330 est

199 3370 372 3414 mittere
406 3387 468 3431 pr.
501 3373 716 3418 dimittere
749 3372 781 3425 Ι,
810 3375 854 3426 3,
885 3376 943 3426 9,,
974 3373 1143 3417 solator
1176 3374 1277 3419 ibid.
1311 3378 1458 3426 v.1·5.‚
1490 3374 1650 3415 missu..-
1678 3387 1738 3428 ρι’.
1765 3373 1894 3415 emis-
