2158 3750
645 277 828 331 LIBR.
867 278 911 331 1.
982 277 1187 331 ELEG.
1227 281 1324 332 IX.
1741 286 1845 333 185

139 422 223 480 ipsi
257 434 286 464 a
313 420 501 465 fallendo
524 419 786 477 abhorrent,
817 422 947 466 etiam
977 419 1144 465 creduli
1177 425 1290 465 sunt.
1313 443 1371 454 —
1416 422 1474 468 V.
1500 423 1574 464 89.
1604 422 1677 465 40.
1725 420 1850 478 Quid

131 504 341 564 faceres,
375 507 452 560 qui
481 504 745 560 defendunt,
774 507 839 549 sic
868 506 1232 563 interpretantur:
1280 505 1390 549 Cum
1421 505 1516 561 ipse
1544 515 1692 547 amans
1723 504 1849 559 puel-

140 590 229 633 lam
267 591 331 634 sic
369 590 574 634 fefelleris
615 591 771 644 fidem,
816 589 921 645 quid
953 588 1120 632 faceres
1161 588 1198 631 si
1238 601 1327 632 non
1369 602 1537 632 amares
1566 601 1648 632 uec
1677 592 1849 631 metue-

140 684 214 714 res
256 673 372 717 idem
411 686 437 716 a
482 666 640 730 puella.
699 673 869 726 Audio,
916 671 996 725 sed
1035 685 1121 715 non
1164 673 1302 728 capio.
1366 673 1483 719 Quid
1527 674 1641 716 enim
1686 672 1851 717 faceret

141 757 325 812 amplius
361 769 489 811 quam
520 756 660 799 fecit?
720 756 1049 799 sanctissimum
1090 755 1383 798 iusiurandum
1421 756 1552 798 etiam
1585 756 1691 798 fletu
1722 755 1851 798 lacri-

140 840 307 894 misque
342 841 555 882 firmatum
586 839 788 892 vlolavit3
837 839 941 893 quid
971 839 1107 893 igitur
1137 842 1289 893 posset·
1325 839 1370 880 in
1413 836 1477 880 his
1510 838 1640 880 rebus
1679 837 1852 891 gravius

140 921 445 964 committere?
525 920 707 962 Accedit
757 919 873 974 quod
923 931 1012 962 non
1058 919 1262 967 convenit
1316 919 1575 974 pentametri
1623 917 1850 970 sententia,

139 1015 251 1056 quae
294 1002 478 1045 diversa.
538 1003 775 1047 Praeterea
815 1002 931 1046 aliud
973 1002 1101 1046 addo.
1163 1002 1275 1044 Cum
1315 1001 1370 1044 ad
1413 1002 1496 1044 alia
1538 1006 1744 1043 venturus
1782 1001 1855 1054 sit,

138 1084 299 1137 requiri
329 1083 500 1126 videtur
529 1085 732 1134 clausula,
760 1083 974 1139 quaedam
1012 1083 1375 1127 antecedentium.
1454 1083 1526 1125 Sit
1570 1087 1716 1125 autem
1754 1085 1855 1138 post

140 1165 251 1206 tanti
296 1166 473 1220 periurii
515 1165 851 1222 descriptionem
891 1164 997 1208 nihil
1037 1166 1181 1221 aptius
1209 1163 1351 1219 ‘quam
1393 1164 1652 1208 exclamatio
1697 1169 1854 1219 poetae

138 1248 247 1291 iram
279 1251 540 1306 exprimenS.
601 1250 686 1293 Est
725 1251 866 1305 igitur
900 1254 977 1292 aut
1017 1248 1130 1309 quid
1168 1248 1366 1304 facerem
1408 1254 1485 1292 aut
1528 1247 1639 1307 qaid
1673 1246 1855 1304 faciam

138 1333 398 1388 legendum,
435 1346 616 1388 quarum
645 1334 879 1378 lectionum
911 1331 1018 1376 llaec
1048 1332 1303 1386 exquisitior
1333 1331 1518 1374 videtur.
1583 1329 1735 1389 Quid
1778 1328 1855 1372 fa-

141 1417 281 1460 ciam
315 1423 382 1460 est
422 1430 606 1473 poenam
647 1417 852 1472 agitantis
895 1420 995 1472 post
1027 1420 1188 1458 tantam
1220 1415 1442 1467 iniuriam3
1486 1415 1620 1468 igitur
1650 1413 1856 1468 abreptus

140 1500 206 1543 ira
246 1514 398 1544 revera
440 1500 675 1544 meditatur
717 1513 874 1555 graves
915 1498 1058 1553 dirim,
1107 1499 1263 1541 deinde
1312 1511 1417 1540 vero
1463 1488 1719 1540 subiiciens:
1769 1492 1859 1538 nisi

140 1597 329 1630 amares,
358 1583 611 1628 recordatur
640 1583 795 1629 adesse
821 1583 938 1645 quod
969 1583 1168 1626 retineat.
1233 1582 1299 1625 Ae
1329 1581 1367 1624 si
1397 1580 1560 1624 dicamz
1594 1582 1692 1626 Qua
1716 1593 1858 1637 poena

138 1667 294 1724 dignus
325 1682 399 1723 es,
442 1670 526 1713 nisi
557 1670 638 1712 tibi
666 1670 753 1712 alia
791 1669 846 1712 de
877 1681 1008 1712 causa
1037 1666 1306 1724 parcendum
1343 1667 1483 1709 esset!
1532 1667 1628 1720 quis
1659 1666 1754 1711 iure
1785 1678 1859 1708 re-

140 1750 378 1806 prehendat
423 1751 535 1796 hanc
583 1753 988 1796 constructionem?
1061 1752 1152 1795 Iam
1201 1751 1372 1807 pergit:
1423 1750 1515 1793 Sed
1561 1763 1674 1792 nunc
1724 1762 1858 1793 unum

140 1838 259 1875 certe
291 1848 472 1889 precor,
513 1839 564 1878 ut
594 1836 775 1880 eandem
807 1849 833 1878 a
865 1837 1011 1893 puella
1041 1835 1267 1893 perfidiam
1298 1835 1554 1890 experiaris.
1619 1835 1763 1888 Atque
1795 1835 1858 1876 ita

138 1916 310 1981 defendi
341 1918 444 1961 mihi
473 1932 602 1975 posse
632 1919 804 1962 videtur
834 1920 966 1962 lectio
993 1933 1020 1961 a
1048 1919 1345 1962 LAchANNo
1377 1921 1580 1972 recepta3
1612 1916 1667 1959 de
1696 1918 1856 1960 altera:

139 1998 252 2055 quid
270 1999 501 2056 facerem,
542 1999 632 2042 nisi
661 1999 795 2058 sores
827 1998 886 2057 ᾖα
915 2015 1090 2058 amore,
1134 2013 1219 2043 non
1252 2004 1320 2043 est
1351 1999 1467 2054 quod
1499 1999 1717 2053 dicamus,
1761 2012 1859 2042 cum

139 2094 218 2138 per
249 2096 297 2124 se
339 2083 456 2125 clara
498 2083 569 2126 sit.
600 2104 660 2114 —
707 2084 766 2129 V.
793 2084 858 2138 42
882 2096 977 2138 sqq.
1039 2082 1167 2125 Nova
1203 2095 1306 2138 pars
1337 2082 1667 2136 obiurgationis.
1729 2081 1859 2137 Ipse

138 2179 327 2209 comes
358 2167 572 2210 lumina
603 2167 743 2220 tuli,
781 2167 894 2210 servi
924 2166 1162 2209 ministerio
1193 2170 1398 2222 suscepto
1417 2197 1430 2218 ,
1469 2178 1568 2207 cum
1598 2168 1647 2206 tu
1679 2164 1860 2206 amicam

59 2246 64 2249 ’
138 2254 271 2291 noctu
311 2261 336 2291 e
378 2249 573 2291 convivio
615 2249 788 2291 domum
832 2248 1028 2292 duceres.
1059 2272 1119 2280 --
1165 2249 1327 2290 venit
1371 2248 1498 2290 tibi.
1561 2247 1626 2289 De
1659 2248 1804 2303 puella
1835 2259 1860 2290 e

138 2331 339 2373 cubiculo
378 2330 550 2372 obviam
592 2330 792 2394 veniente
831 2330 1038 2383 amatori,
1086 2329 1141 2372 cf.
1173 2329 1228 2372 ad
1259 2330 1296 2382 I,
1328 2333 1370 2382 6,
1413 2333 1487 2373 59.
1530 2333 1575 2372 et
1615 2329 1672 2380 ΙΙ,
1706 2332 1747 2381 1,
1780 2332 1854 2371 76.

138 2414 410 2457 Huscnxms
443 2414 555 2456 bene
586 2418 809 2470 comparat
839 2413 1066 2455 Tamum
1110 2413 1256 2455 locum
1288 2426 1357 2467 ap.
1392 2411 1536 2454 Cicer.
1570 2411 1749 2454 Tuscul.
1781 2411 1860 2464 lv,

138 2500 224 2539 31:
270 2499 396 2538 Lena
427 2494 617 2538 delinita
647 2501 837 2552 argento
867 2478 1030 2535 natum
1061 2491 1314 2535 observabit
1346 2506 1515 2538 meum,
1560 2491 1684 2549 Quid
1713 2491 1863 2538 velim,

141 2580 254 2638 quid
292 2580 525 2622 studeam.-
571 2577 810 2620 adveniens
855 2577 998 2636 digito
1039 2576 1265 2633 impellam
1304 2576 1518 2618 ianuam.-
1561 2577 1699 2618 Fores
1724 2583 1860 2632 pate-

140 2661 251 2705 bunt
285 2663 337 2704 cle
367 2661 630 2719 improviso,
682 2660 866 2718 Chrysis
910 2658 987 2702 ubi
1028 2675 1094 2701 me
1138 2659 1422 2716 adspexerit,
1469 2657 1655 2701 Alacris
1688 2656 1862 2700 obviam

139 2743 246 2786 mihi
275 2744 416 2787 veniet
447 2742 721 2801 complexum
751 2750 973 2799 exoptans
1003 2757 1161 2787 meum,
1190 2741 1310 2783 Milli
1341 2756 1386 2782 se
1417 2741 1559 2784 dedet.
1602 2741 1663 2784 Et
1684 2742 1862 2786 PLAUT.

141 2828 314 2870 Curcul.
344 2827 381 2881 1,
411 2830 456 2881 2,
486 2829 560 2870 51.
604 2826 680 2869 ubi
710 2824 1009 2869 Phaedromus
1041 2825 1096 2868 ad
1129 2824 1245 2868 fores
1278 2823 1860 2886 Phanesium-exspectans:

141 2908 219 2967 qui
259 2924 324 2949 me
366 2909 415 2951 in
457 2916 582 2951 terra
623 2923 765 2968 aeque
802 2908 1088 2967 fortunatus
1130 2908 1244 2957 erit,
1298 2908 1338 2951 si
1386 2908 1470 2949 illa
1516 2907 1578 2949 ad
1617 2923 1682 2950 me
1735 2907 1862 2955 hicet,

139 2993 372 3037 Palinure.
435 2994 590 3036 Clarus
630 2994 765 3047 igitur
806 3007 959 3037 sensus
1003 3007 1043 3038 v.
1077 2993 1228 3036 venire
1271 2994 1314 3035 in
1358 2993 1530 3035 talibus.
1565 3016 1622 3023 -—
1668 2993 1861 3048 inspe-

141 3079 295 3120 ranti
338 3079 464 3120 tibi.
527 3077 688 3120 Stabas
726 3082 827 3119 ante
859 3077 1004 3131 foreS,
1033 3080 1235 3132 querelas
1267 3078 1504 3131 suadebas,
1538 3090 1680 3132 neque
1717 3082 1861 3126 tamen

139 3167 338 3218 apertum
383 3163 434 3205 iri
477 3161 927 3217 domumaperabas,
974 3175 1079 3206 ecce
1126 3164 1271 3219 puella
1317 3163 1433 3204 intus
1478 3163 1562 3204 iam
1605 3159 1770 3202 aderat.
1802 3183 1861 3191 -

141 3256 369 3287 munere
412 3249 642 3296 nostro,
673 3256 806 3299 opera
837 3255 933 3285 mea
964 3249 1010 3287 et
1042 3244 1280 3298 beneficio,
1323 3244 1532 3287 obsecuta
1564 3242 1708 3286 verbis
1739 3242 1861 3293 mei5‚

144 3325 217 3378 qui
259 3326 346 3369 alio
387 3331 585 3382 tempore
633 3337 887 3380 rogaveram
931 3338 1027 3369 eam
1066 3331 1114 3370 ut
1147 3330 1190 3370 te
1221 3326 1484 3378 admitteret.
1547 3326 1612 3369 De
1644 3325 1860 3379 significa-

144 3410 262 3453 tione
293 3409 349 3452 cl'.
387 3410 569 3454 Bonna
602 3410 679 3462 lv,
715 3413 759 3462 3,
790 3411 867 3452 21.
920 3410 1058 3455 Ovrn.
1089 3411 1198 3455 Met.
1234 3411 1329 3463 vll,
1361 3413 1433 3453 93.
1482 3410 1660 3454 Vnam.
1693 3406 1858 3448 FnAcc.
