2158 3750
677 264 860 318 LIBR.
896 265 962 317 Π.
1034 263 1237 317 ELEG.
1272 265 1314 316 1.
1736 272 1836 318 221

142 408 463 454 Claudebantur
495 422 599 454 oves
629 415 676 454 et
703 421 890 466 capreae
920 410 1176 466 plerumque
1207 421 1295 451 uuo
1323 414 1463 466 septo.
1527 409 1722 464 Denique
1752 424 1841 452 me-

141 490 350 535 morabile
383 507 570 540 munus,
611 491 730 547 quod
759 490 937 546 dignum
970 495 1086 533 esset
1117 489 1247 534 laude
1277 491 1357 535 viri
1386 495 1432 534 et
1460 503 1618 535 nomen
1647 488 1838 537 haberet.

140 577 233 621 Sed
261 578 519 634 pentametri
549 589 651 633 pars
678 575 816 618 maior
844 587 997 618 manea
1029 573 1100 616 vel
1138 579 1369 630 corrupta,
1412 587 1496 618 neo
1521 575 1665 620 sanati
1692 579 1840 632 potest

139 663 208 705 vel
230 664 400 706 restitui
428 662 560 706 certis
586 659 863 704 coniecturis.
922 657 1095 700 Bonum
1126 656 1300 711 quidem
1331 656 1426 700 dux
1441 658 1630 715 pecoris,
1659 657 1839 704 dubium

139 757 244 788 vero
273 745 401 789 metri
429 758 560 788 eausa
587 744 732 787 statim
762 741 932 784 hircus.
994 739 1114 785 Quid
1145 740 1258 782 enim
1298 739 1356 783 de
1394 740 1684 797 productIone
1717 743 1838 788 litte-

137 839 213 870 rae
243 827 276 869 lz
305 827 578 871 statuendum
606 827 688 880 sit,
715 825 770 869 ad
800 836 930 880 qnam
961 822 1092 866 etiam
1122 822 1394 867 Huscmuus
1422 831 1657 880 provocat,
1697 840 1839 884 expo—

136 911 224 953 suit
263 911 540 955 Senatum
578 909 623 952 in
663 910 904 952 Grammnt.
932 906 1033 952 Lat.
1065 906 1195 950 Tom.
1226 907 1264 950 Ι.
1303 921 1349 963 p.
1380 910 1485 951 180.
1528 914 1574 952 et
1615 910 1744 955 Tom.
1775 913 1840 956 11.

137 1008 183 1049 p.
213 996 317 1037 ⁴146.
364 994 610 1038 'Tibullum
650 993 805 1037 credas
847 991 954 1035 duxf
985 991 1140 1034 hircus
1173 990 1348 1048 pecoris
1386 994 1647 1050 scripturum
1686 997 1838 1042 fuisse.

135 1075 204 1120 Ad
233 1075 459 1131 sequentia
486 1076 650 1119 multae
681 1076 960 1119 coniecturae
988 1076 1148 1118 allatae
1177 1079 1292 1129 sunt,
1317 1075 1398 1119 sed
1427 1075 1532 1121 nihil
1561 1078 1678 1134 quod
1709 1082 1840 1125 satis-

136 1157 283 1202 faciat.
357 1157 489 1206 Quod
531 1158 647 1202 enim
685 1157 896 1202 Bmmns
934 1157 1100 1202 Mureti
1141 1157 1441 1202 emendatione
1483 1160 1628 1203 omnia
1664 1167 1841 1218 peraeta

131 1244 260 1297 putat
282 1241 416 1296 vulgo
443 1245 645 1298 receptae
674 1238 870 1284 duxerat
892 1237 1048 1284 hircus
1075 1254 1193 1287 oves,
1222 1252 1478 1296 comparans
1505 1242 1643 1287 Ovn».
1667 1245 1840 1289 Amorr.

130 1321 213 1376 ΠΙ,
252 1326 298 1377 ⁵,
338 1325 399 1369 27
427 1336 547 1378 sqq.=
613 1323 768 1381 thue
807 1319 973 1378 procul
1014 1319 1134 1367 vidit
1173 1329 1406 1378 carpentes
1447 1322 1622 1381 pabula
1664 1333 1842 1375 tauros,

133 1402 387 1462 Carpebant
417 1405 545 1452 tauri
569 1403 743 1463 pabula
771 1404 901 1451 laeta
922 1403 1088 1461 procul
1098 1431 1111 1452 ‚
1153 1403 1276 1447 Illuc
1315 1420 1363 1449 se
1393 1407 1551 1463 rapuit
1580 1414 1693 1464 etc„
1738 1416 1844 1455 sunt

130 1490 264 1533 alieni
303 1503 334 1532 a
370 1489 537 1533 Tibulli
576 1489 701 1546 poesi
727 1487 974 1532 huiusmodi
1003 1489 1137 1532 lusus.
1205 1489 1359 1532 Verius
1387 1489 1601 1535 iudicabis
1632 1493 1840 1537 maiorem

130 1577 299 1628 partem
329 1573 588 1629 pentametri
625 1573 729 1618 olim
758 1573 816 1616 ab
855 1573 941 1616 alia
982 1585 1114 1616 manu
1142 1572 1386 1628 suppletam
1417 1586 1542 1628 esse,
1588 1587 1687 1621 cum
1717 1577 1841 1621 exci-

130 1653 292 1710 disset,
320 1656 681 1712 quemadmodum
710 1657 843 1704 etiam
870 1656 970 1701 aliis
998 1657 1152 1701 visum.
1175 1678 1239 1693 -·-
1267 1657 1324 1701 V.
1352 1659 1414 1699 59
1444 1671 1540 1713 sqq.
1601 1659 1713 1704 Cum
1741 1673 1842 1704 mu-

128 1739 249 1783 sicae
277 1745 397 1784 artes
424 1740 481 1787 ad
509 1741 698 1784 animum
729 1741 1002 1798 pertineant,
1047 1739 1194 1796 pergit
1233 1752 1351 1785 nunc
1385 1740 1442 1784 ad
1484 1742 1670 1786 alterum
1700 1755 1841 1797 genus

128 1824 314 1879 artium,
370 1823 488 1879 quod
530 1824 729 1880 corporis
773 1824 938 1867 cultum
980 1827 1030 1866 et
1068 1827 1268 1866 ornatum
1311 1827 1507 1879 spectat,
1563 1824 1840 1880 ostenditque

131 1909 262 1952 etiam
290 1906 374 1951 hoc
402 1907 614 1963 originem
643 1907 814 1964 cepisse
841 1907 956 1951 inter
981 1911 1193 1962 agrestes.
1265 1905 1474 1951 Nominat
1512 1919 1616 1949 vero
1656 1920 1840 1951 coronas

129 1994 177 2034 et
203 1991 449 2034 lanitiaium.
511 1991 757 2035 Collocavit
784 1989 895 2035 hane
924 1995 1091 2048 partem
1123 2003 1269 2034 rerum
1299 1989 1493 2033 seeundo
1518 1990 1633 2046 loco,
1663 1997 1713 2035 ut
1738 1991 1840 2035 inde

55 2097 59 2101 ,
127 2077 231 2129 post
258 2074 426 2130 puellas
452 2079 722 2118 memoratas
756 2073 986 2118 commode
1025 2075 1231 2117 transiret
1270 2073 1326 2117 ad
1365 2086 1561 2129 amores,
1607 2088 1839 2131 praemon-

128 2162 341 2201 straverat
366 2170 473 2202 vero
501 2170 598 2203 eam
625 2159 715 2202 iam
738 2163 847 2203 'ante
875 2172 916 2203 v.
946 2161 1051 2212 54„
1081 2165 1266 2202 ornatos
1297 2154 1404 2203 deos
1423 2170 1693 2211 memorans,
1725 2170 1839 2212 quae

73 2227 78 2230 ’
128 2253 212 2283 res·
238 2253 355 2284 nune
391 2242 670 2298 explicatur.
708 2241 993 2287 olum-bis
1019 2241 1158 2296 igitur
1196 2240 1422 2285 iuncturae
1465 2253 1604 2294 genus
1646 2240 1840 2295 exquisi-

129 2327 252 2378 tum,
295 2324 371 2368 ubi
401 2323 490 2367 duo
519 2324 604 2368 loci
632 2324 697 2367 ita
727 2323 835 2368 nexi
872 2326 1000 2376 nunt,
1046 2327 1095 2367 ut
1125 2321 1318 2368 secunda
1345 2322 1472 2365 simul
1503 2322 1839 2378 explicationem

130 2410 353 2453 contineat
389 2407 454 2452 rei
483 2408 529 2451 in
558 2408 707 2464 priore
735 2406 932 2464 peine,
977 2410 1111 2460 atque
1141 2404 1226 2447 hoc
1255 2402 1350 2448 solo
1381 2403 1510 2446 modo
1527 2402 1642 2460 fieri
1672 2410 1840 2460 potest,

129 2501 185 2535 ut
213 2491 354 2534 etiam
381 2490 531 2533 minus
552 2497 663 2548 post
691 2487 1114 2535 maimeollocemr
1153 2493 1293 2534 recte,
1341 2485 1383 2528 si
1425 2484 1751 2542 exspectationi
1789 2483 1843 2526 id

128 2575 370 2636 satisfacit
413 2582 522 2617 ante
565 2580 731 2618 motae.
770 2594 826 2608 --
891 2585 1034 2630 puer
1077 2582 1345 2618 coronam
1395 2569 1556 2615 fecit.
1636 2569 1840 2617 Suaviter

128 2672 265 2716 puero
296 2657 410 2702 hanc
434 2658 726 2702 inventionem
758 2657 925 2711 tribuit,
955 2662 1058 2699 ante
1092 2655 1229 2712 pedes
1258 2654 1436 2698 Larium
1471 2653 1547 2708 qui
1574 2653 1706 2701 toties
1737 2665 1842 2696 eur-

128 2741 240 2786 savit
268 2745 316 2784 et
341 2741 458 2784 lusit.
518 2739 709 2784 Omnino
738 2739 902 2782 nullum
933 2749 1073 2793 genus
1109 2736 1348 2794 praeterire
1377 2736 1564 2780 voluisse
1594 2735 1766 2782 videtur
1794 2736 1839 2779 in

129 2823 196 2867 his
224 2823 448 2878 laudibus,
491 2837 627 2879 quare
668 2827 719 2867 ut
759 2827 862 2868 ante
904 2821 960 2867 de
1001 2821 1104 2866 viris
1133 2820 1322 2865 maxime
1352 2819 1490 2875 dixit,
1537 2832 1651 2866 nuno
1681 2833 1839 2876 pueros

130 2910 356 2960 memorat,
383 2910 430 2949 et
459 2919 563 2950 mox
591 2906 848 2953 feminarum
876 2911 996 2951 artes
1022 2905 1230 2951 laudabit.
1261 2928 1322 2938 -
1349 2917 1522 2949 verno
1553 2916 1652 2948 cum
1684 2903 1839 2947 flore

130 2990 312 3045 iunges,
354 2989 472 3045 qnod
512 3002 600 3033 non
627 3001 876 3046 monerem,
918 2991 1003 3037 nisi
1042 2997 1193 3036 essent
1231 2992 1306 3047 qui
1347 2990 1403 3034 ad
1445 3002 1577 3033 rure
1619 2987 1842 3033 traherent

131 3074 369 3133 epitheton.
427 3074 634 3118 Ceterum
662 3087 848 3131 magnae
879 3081 1004 3120 erant
1033 3089 1235 3131 coronae,
1267 3075 1424 3131 quibus
1454 3075 1594 3118 Lares
1624 3073 1838 3118 ornaban-

130 3165 228 3213 tur,
257 3163 308 3201 ut
335 3157 516 3201 Fsss'rns
547 3156 677 3201 docet
706 3169 744 3201 s.
775 3171 816 3202 v.
850 3157 1088 3202 donatione
1119 3173 1319 3206 coronae.
1350 3181 1409 3192 --
1452 3159 1505 3203 V.
1538 3161 1596 3201 61
1625 3171 1718 3213 sqq.
1750 3168 1839 3200 cu-

133 3254 248 3284 ram
292 3240 629 3284 exhibitura
675 3242 922 3298 puellis,
969 3243 1155 3291 iucunde
1186 3249 1234 3288 et
1276 3245 1424 3287 iocose
1466 3242 1645 3286 dictum.
1675 3263 1678 3266 ⁴
1706 3242 1840 3285 Cete-

133 3335 228 3365 rum
256 3322 506 3367 observabis
534 3324 815 3369 mutationem
846 3326 1078 3383 temporis;
1111 3331 1209 3384 post
1239 3326 1471 3383 praeterita
1501 3330 1602 3368 ante
1632 3328 1839 3379 usurpata

133 3415 244 3447 nunc
271 3404 514 3461 praesentia
542 3405 684 3451 insert.
717 3431 776 3440 —-
825 3406 974 3452 Hine
1006 3431 1063 3443 --
1096 3408 1265 3452 labor
1307 3413 1420 3462 est,
1467 3407 1586 3463 quod
1618 3419 1732 3451 nunc
1765 3416 1842 3460 per
