2158 3750
678 257 862 314 ΗΒΕ.
901 258 994 312 ΙΠ.
1063 255 1396 312 ELEG.‚1V.
1773 246 1877 311 35³

174 400 443 456 castitatem,
488 400 731 458 oppositam
777 401 939 445 levitati
984 399 1210 456 Neaerae,
1252 411 1365 455 quae
1407 410 1496 446 non
1549 396 1689 442 fidelis
1733 397 1874 444 fuerat

172 484 345 526 amanti.
406 483 613 528 Fortasse
641 484 830 540 pertinet
870 483 1027 526 eodem
1066 484 1188 526 lauro
1229 494 1384 538 supra,
1421 493 1507 536 qua
1541 480 1764 525 redimitus
1794 495 1875 526 ve·-

172 565 237 607 nit
267 566 451 622 Apollo,
479 566 627 615 datum
657 563 878 621 epitheton
908 571 1040 606 casta
1054 580 1070 613 ;
1115 567 1260 606 castus
1290 561 1398 606 deus
1426 565 1543 606 amat
1571 567 1735 612 castum
1765 575 1877 619 poe-

172 650 286 701 tam,
328 660 416 697 non
445 647 596 691 laudat
627 647 802 690 infidam
840 646 1071 691 Neaeram.
1147 645 1211 688 Ut
1241 645 1426 700 denique
1457 645 1514 688 de
1546 645 1680 689 totius
1709 645 1879 690 distichi

172 729 355 778 consilio
389 743 614 785 moneam,
657 733 838 787 propter
874 728 1092 775 Neaeram
1132 729 1196 771 ita
1234 730 1435 785 scripsit,
1478 734 1529 773 ut
1556 731 1666 774 sciat
1705 731 1749 774 in
1789 743 1877 786 quo

172 808 337 857 honore
373 813 432 856 sit
469 818 633 869 auctet.
651 812 782 870 „apul
819 811 942 869 deos.
974 834 1033 844 —
1079 812 1136 858 V.
1170 814 1229 855 45
1258 826 1354 867 sqq·
1412 813 1538 856 Haec
1569 814 1880 860 demonstratio

171 906 261 938 non
297 894 442 939 ieiuna
485 901 567 954 ent⁴
593 900 760 952 nantum
795 893 881 948 sed
920 895 1055 941 etiam
1097 894 1271 951 inepta,
1317 900 1367 938 ut
1406 901 1601 939 notatum
1645 903 1746 941 ante
1785 909 1879 942 nos.

171 976 295 1033 Quid
337 978 623 1035 enim,kvnwl.
670 980 822 1036 Suam
852 978 1113 1024 vaticinandi
1160 979 1362 1022 virtutem
1406 983 1452 1025 et
1493 980 1794 1036 auctoritatem
1833 981 1879 1024 in

170 1059 290 1102 clara
316 1060 414 1105 luce
435 1073 620 1117 ponere.
679 1062 805 1117 Gur}
832 1099 833 1102 ,
865 1063 1072 1107 Dicturus
1108 1062 1368 1106 levissimam
1406 1075 1526 1117 rem,
1569 1077 1697 1118 quam
1739 1064 1880 1119 quivis

170 1139 300 1185 homo
328 1141 494 1197 dooere*
509 1147 717 1201 poterat,-
745 1144 954 1200 perfidam
986 1157 1084 1189 esse
1113 1144 1354 1199 Neaeram,
1385 1158 1516 1201 posse
1545 1158 1650 1189 vero
1680 1145 1881 1201 precibus

172 1231 220 1270 et
246 1228 425 1275 servitio
455 1228 650 1284 fortasse
670 1228 958 1275 reconciliari.
981 1251 1045 1262 —
1091 1228 1300 1273 doctae
1330 1241 1593 1283 sorores,
1621 1229 1802 1283 Musae,
1833 1232 1884 1272 ut

172 1293 452 1365 Ovm-‚MCL
483 1311 540 1365 V,
566 1314 674 1355 255.
701 1310 758 1359 h.
786 1324 828 1356 a.
869 1315 1014 1362 σοφαί.
1074 1313 1219 1367 Atque
1251 1313 1381 1355 etiam
1411 1313 1666 1369 simplIciter
1707 1326 1882 1355 sorores

172 1393 410 1450 pr.*Musis
437 1393 526 1438 dici
553 1395 879 1450 norman,
900 1398 976 1450 30,
1004 1398 1081 1440 27.
1108 1395 1374 1440 Huscnmus
1402 1399 1540 1439 notat.
1575 1417 1634 1427 -—-
1675 1395 1885 1438 DIcere

173 1483 542 1543 nagan-orant,
572 1478 786 1534 languida*
805 1477 986 1536 phrasis.
1016 1501 1077 1511 —-
1107 1493 1370 1535 sequens.
1428 1480 1620 1523 Annotat
1650 1479 1883 1522 Bscmtrse

173 1561 369 1614 „Versus
398 1561 446 1605 in
474 1562 676 1618 particip.
700 1577 757 1605 ns
786 1569 999 1617 exeunth
1019 1562 1297 1621 reprehendit
1317 1564 1518 1607 Sssnvms
1547 1563 1603 1605 ad
1628 1563 1751 1619 Virg.
1775 1564 1884 1608 Aen.

172 1643 255 1698 111,
278 1647 388 1698 300.
449 1645 648 1688 Ovmms
678 1650 824 1697 tamea
856 1646 1074 1694 interdum
1116 1646 1290 1691 admisit
1332 1646 1517 1689 docente
1548 1645 1799 1689 Btmmnn.
1828 1643 1884 1688 ad

172 1726 347 1772 Lotich.
375 1727 431 1773 T.
462 1729 499 1777 I.
530 1743 579 1786 p.
600 1729 742 1782 mai?
789 1728 1006 1773 -Tibullus
1029 1728 1143 1774 hunc
1173 1729 1337 1773 exitum
1363 1741 1449 1772 non
1489 1726 1645 1781 habet,
1689 1732 1740 1770 ut
1778 1726 1887 1770 vidit

174 1812 306 1855 etiam
338 1811 669 1873 Ercusumus,
694 1833 755 1844 -
801 1824 974 1868 posse
1020 1811 1210 1855 videre
1258 1810 1456 1866 dedit,
1493 1815 1543 1852 ut
1583 1809 1743 1852 Tibull.
1774 1809 1812 1863 Ι,
1838 1812 1886 1862 8,

173 1898 261 1938 562
295 1893 419 1935 dedit
435 1893 609 1955 fallere
631 1908 781 1954 posse.
839 1894 907 1942 De
935 1907 985 1940 re
1014 1899 1162 1936 autem
1192 1893 1307 1937 conf.
1333 1893 1555 1942 Menneu.
1581 1891 1750 1934 Histor.
1780 1891 1884 1934 Dor.

174 1977 232 2020 Τ.
262 1977 301 2020 1.
333 1992 377 2034 p.
400 1979 507 2020 309.
565 1976 748 2019 Notavit
778 1976 908 2034 etiam
938 1974 1309 2018 Bnorscrmusms.
1332 1995 1394 2005 -—-
1422 1973 1533 2016 Mox
1566 1985 1711 2027 quae
1743 1971 1886 2026 dico,

175 2059 470 2114 Quodque,
487 2057 704 2104 teram..
726 2057 1240 2115 Huscnnusexplicat:
1272 2060 1318 2099 et
1340 2054 1445 2111 hoc,
1474 2054 1590 2110 quod
1621 2068 1720 2099 cum
1749 2055 1890 2099 maxi-

174 2153 247 2185 me
277 2141 414 2201 dico,x
428 2145 584 2196 050⁸,
624 2118 736 2196 quae
756 2138 973 2202 deinceps
1003 2138 1160 2182 dicam.
1219 2138 1489 2193 „Magnifica
1517 2139 1684 2182 scilicet
1712 2143 1893 2182 senten-

174 2223 262 2267 tia!
319 2222 440 2267 Nihil
470 2223 560 2273 vidi
589 2222 889 2278 languidius,“
918 2224 982 2269 ait
1002 2222 1321 2267 Emnsmmus
1351 2222 1590 2266 verissime.
1650 2222 1790 2266 Immo
1823 2221 1889 2265 bis

174 2305 338 2360 repetit
366 2304 508 2359 idem,
539 2304 902 2360 quemadmodum
933 2305 1063 2348 etiam
1094 2304 1290 2350 Vossms
1321 2305 1454 2360 cepit.
1515 2304 1642 2348 Cur?
1706 2305 1766 2346 Ut
1797 2305 1892 2362 for-

177 2388 264 2431 tius
302 2388 489 2443 affirmet
524 2401 628 2444 vege
666 2401 716 2432 se
759 2389 891 2443 loqui.
932 2388 1053 2447 „At
1098 2389 1212 2431 enim
1255 2389 1498 2443 tautologia
1538 2387 1646 2432 haee
1687 2387 1894 2443 magna.“

178 2468 349 2527 Nempe
378 2469 490 2528 huie
527 2470 669 2530 nulli&
698 2469 908 2534 machinis
928 2482 1224 2517 summovens.
1283 2470 1534 2524 Bmmmu,
1581 2471 1656 2524 qui
1693 2469 1891 2526 scripsit=

178 2552 258 2611 qui
291 2552 435 2601 dicor,
478 2558 525 2601 et
555 2551 761 2613 quodqm
808 2569 852 2612 p.
892 2553 1183 2609 quodcunque
1227 2555 1464 2611 explicuit,
1512 2553 1718 2598 refutavit
1747 2554 1894 2598 Eion-

180 2646 387 2678 sumus.
448 2633 561 2678 Nam
602 2647 734 2679 unum
776 2648 892 2685 nunc
932 2635 1100 2678 serebat
1141 2635 1274 2690 deus,
1321 2649 1407 2679 non
1449 2637 1762 2692 quodcunque,
1811 2650 1893 2680 nec

179 2718 406 2762 laudabilis
439 2717 554 2782 ,haec
593 2720 825 2776 repetitio=
884 2732 988 2763 non
1034 2719 1216 2763 fallax
1264 2726 1431 2764 vates
1471 2743 1533 2755 -—
1575 2722 1708 2765 deus
1753 2721 1895 2776 Cyn-

179 2802 336 2861 thius
366 2815 648 2856 veromre.
707 2804 818 2847 Post
847 2802 956 2847 haec
986 2803 1108 2847 vides
1143 2803 1247 2859 quid
1278 2818 1348 2847 res
1378 2805 1460 2847 site
1491 2805 1588 2847 Scit
1621 2804 1728 2847 deus
1760 2816 1894 2858 aegre

183 2883 747 2943 crediturum„Lygdamum
779 2886 1050 2930 iniucundam
1081 2900 1172 2930 rem
1190 2917 1204 2941 ‚
1240 2900 1381 2941 eaque
1411 2886 1466 2930 de
1498 2899 1627 2929 causa
1656 2885 1785 2928 docet
1817 2898 1895 2928 cur

184 2967 268 3012 sibi
308 2966 428 3010 credi
472 2965 657 3021 debeat,
702 2971 864 3013 tractat
903 2981 1008 3011 vero
1050 2982 1139 3012 rem
1183 2970 1378 3025 prolixe,
1424 2969 1591 3022 ieiune,
1641 2968 1803 3024 inepte.
1834 2988 1897 3002 -—

184 3051 242 3097 V.
271 3055 330 3096 51
365 3065 462 3107 sqq.
521 3051 591 3096 De
630 3051 770 3102 forma
807 3053 974 3109 periodi
1015 3059 1061 3097 et
1101 3055 1310 3109 longioris
1343 3059 1387 3098 et
1420 3056 1559 3097 minus
1590 3066 1774 3096 nervose
1804 3052 1896 3096 for-

186 3141 354 3189 matae,
386 3147 513 3190 quam
537 3134 688 3196 quales
712 3134 915 3180 Tibullus
944 3135 1128 3191 format,
1158 3138 1305 3182 monui
1336 3138 1471 3181 'verbo
1502 3138 1546 3181 in
1578 3138 1896 3181 Dissertatione

190 3218 245 3261 de
287 3216 550 3260 Elocutione
596 3215 774 3260 Tibulli.
853 3216 922 3262 Ad
975 3218 1159 3273 primum
1212 3217 1424 3263 distichon
1474 3218 1695 3263 Hermus
1749 3225 1894 3263 notat:

187 3301 382 3355 „Mirum
413 3305 585 3358 poetam
614 3312 808 3344 amorem
838 3314 964 3345 sunm
994 3300 1219 3358 Neaerae,
1245 3307 1468 3360 -speratae
1506 3301 1729 3357 coniugis,
1775 3312 1896 3343 com-

191 3395 343 3439 parare
383 3395 482 3433 cum
523 3394 672 3429 amore
714 3383 861 3428 matris
902 3385 945 3429 in
989 3386 1121 3431 filiam
1163 3392 1208 3432 et
1251 3388 1394 3432 mariti
1436 3389 1479 3431 in
1522 3399 1700 3431 uxorem
1731 3382 1899 3428 suam.“

1356 3474 1421 3518 23
