2158 3750
337 298 433 347 174
718 292 1182 348 COMMENTAR.
1222 293 1297 346 IN
1334 294 1621 347 TIBULLI

330 439 500 498 lapides
527 452 806 498 gemmaeque
835 439 1013 486 iuvant,
1039 439 1150 480 haec
1171 438 1351 497 frigore
1381 437 1480 481 sola
1511 436 1720 480 Dormiat
1746 445 1792 479 ee
1823 435 1937 478 nulli
1967 435 2028 477 sit

331 522 549 579 cupienda
572 521 682 563 viro.
700 543 759 553 —-
790 521 844 565 V.
875 522 934 563 42
951 533 1046 576 sqq.
1103 521 1170 564 Ad
1203 521 1426 575 sequentia
1456 519 1920 573 conferes‚Pnornn⁷r.
1951 516 2029 566 lll,

330 608 405 657 25,
437 606 489 645 11
522 615 615 657 sqq.
650 625 707 633 -
754 601 985 659 infecit,
1030 603 1190 646 canitie
1221 603 1374 656 tinxit,
1417 607 1466 645 ut
1494 602 1609 645 infra
1633 601 1697 655 ΙΙ,
1723 604 1768 654 2,
1792 603 1879 642 20:
1927 599 2030 640 dum

332 683 469 725 tarda
509 690 713 724 senectus
754 682 944 725 inducat
985 699 1126 742 rugas
1167 683 1434 742 inficiatque
1478 698 1639 726 comas.
1670 680 2028 736 ‘'Addidit-prae·-

330 772 452 808 terea
494 771 690 818 vetus,
739 763 779 806 h.
814 778 854 810 e.
895 766 1059 820 senile,
1105 767 1303 809 consulto
1344 767 1498 808 similla
1529 763 1822 808 cumulawin
1854 762 2031 817 opposi—

334 850 450 893 tione
481 850 730 893 iuventutis.
762 873 822 881 —
866 849 1000 893 Tum
1041 850 1291 912 studium
1335 850 1550 893 formae
1593 853 1708 902 est,
1747 852 1839 890 tum
1868 846 2032 890 formae

303 928 432 975 'cura
463 933 671 976 auxilium
713 932 960 987 quaeritur,
1001 931 1080 975 sed
1121 931 1292 975 frustra.
1353 932 1522 988 Copula
1563 938 1633 972 est
1672 933 1899 972 accentum
1930 925 2031 970 rhe-

327 1015 511 1056 toricum
541 1027 582 1056 v.
613 1013 787 1070 formae
819 1013 1018 1067 adiuvat,
1060 1013 1116 1058 cf.
1146 1014 1202 1056 ad
1231 1014 1267 1068 I,
1300 1017 1341 1068 1,
1370 1018 1442 1058 34.
1505 1014 1632 1057 Nunc
1674 1012 1780 1055 haec
1820 1009 2032 1054 sententia

328 1099 465 1141 tribus
509 1097 787 1153 sequentibus
833 1098 1038 1140 membris
1086 1099 1342 1154 explicatur.
1384 1121 1445 1130 —
1497 1109 1652 1141 coma
1697 1100 1810 1138 tum
1853 1099 2031 1137 muta-

325 1184 418 1222 tur
459 1193 552 1234 sqq.
627 1178 924 1222 Adhibebatur
966 1183 1120 1222 cortex
1163 1179 1311 1222 viridis
1357 1179 1479 1222 nucis
1522 1184 1573 1222 ut
1613 1179 1868 1225 flavesceret
1905 1188 2030 1219 coma

325 1274 443 1303 cana.
505 1261 643 1303 an·
672 1259 771 1312 XV,
802 1262 891 1303 22:
944 1259 1190 1319 tinguntur
1219 1259 1380 1302 cortice
1410 1274 1565 1302 earum
1593 1259 1736 1302 lanae.
1757 1265 1806 1300 et
1835 1257 2029 1316 rufatur

326 1342 517 1399 capillus
550 1343 745 1398 primum
778 1341 1106 1398 prodeuntibus
1145 1341 1342 1384 nuculis.
1399 1343 1514 1385 Rem
1545 1342 1812 1384 illustrarunt
1839 1340 2028 1382 CYLLR-

324 1442 430 1470 mus
458 1429 990 1487 etBRoncxnUs1us.-5
1016 1427 1259 1470 Tollere
1289 1427 1456 1470 albos
1486 1439 1513 1469 a
1542 1426 1730 1482 stirpe
1759 1425 2027 1481 capillos,

322 1513 519 1556 Imitatur
565 1515 865 1556 Pnomznrms
908 1512 989 1566 111,
1028 1515 1104 1566 25,
1148 1515 1231 1554 13:
1277 1510 1438 1554 vellere
1483 1518 1582 1552 tum
1629 1508 1786 1566 cupias
1829 1505 1955 1550 albos
1997 1521 2057 1548 α7

322 1595 463 1651 stirpe
492 1594 690 1652 capillos.
751 1594 833 1636 Est
876 1607 905 1633 a
947 1593 1088 1650 stirpe
1127 1607 1193 1650 pr.
1238 1593 1536 1646 funditus.‚-··
1575 1592 1806 1649 dempssta
1845 1591 2027 1648 pelle,

326 1690 486 1732 rugosa
516 1682 632 1731 cute,
661 1678 796 1720 veluti
826 1689 992 1732 angues
1021 1681 1188 1720 exuunt
1217 1677 1389 1732 pellem.
1449 1675 1511 1719 Et
1532 1684 1649 1719 nunc
1675 1673 1850 1731 quidem
1881 1674 2025 1717 incru-

320 1760 547 1802 stationem
580 1760 704 1815 panis
748 1759 1050 1802 recordaberis
1092 1764 1324 1814 ceteraque
1362 1759 1646 1803 medicamina
1673 1757 1860 1802 iudicata
1892 1765 2024 1812 supra

320 1844 373 1886 ad
404 1857 445 1886 v.
479 1847 550 1886 11.
581 1866 639 1874 -
699 1843 948 1897 referre,
989 1842 1226 1895 reducere,
1265 1841 1508 1885 restituere.
1539 1863 1597 1874 -
1658 1841 1712 1885 V.
1741 1842 1800 1883 47
1829 1852 1894 1894 sq.
1954 1841 2026 1882 At

321 1933 405 1981 tu,
446 1928 533 1981 ait,
582 1927 836 1983 prudentius
876 1939 974 1981 age.
1023 1927 1239 1970 -Pluribus
1279 1939 1392 1981 quae
1431 1930 1672 1981 sequuntur
1700 1926 1880 1981 exponit
1900 1925 2026 1968 *ov1-

321 2024 426 2053 mos
459 2014 552 2054 Art.
580 2012 676 2052 Am.
702 2011 780 2062 111,
812 2013 871 2052 59
902 2023 995 2064 sqq.
1026 2031 1086 2042 -·
1129 2023 1236 2053 non
1268 2010 1434 2053 tardo
1467 2010 1634 2066 pede,
1678 2014 1728 2053 ut
1757 2010 1895 2054 οη».
1929 2010 2024 2052 Art.

319 2096 415 2136 Am.
445 2093 524 2146 111,
555 2096 630 2135 65.
692 2092 792 2134 Non
835 2096 900 2134 est
942 2090 1012 2134 hic
1053 2092 1371 2147 prosopopoeia
1415 2092 1592 2147 proprie
1633 2091 1824 2135 dicenda·
1851 2091 2024 2144 aetatis,

318 2177 394 2219 sed
436 2174 539 2218 nihil
579 2176 662 2217 nisi
704 2175 997 2231 metaphorica
1039 2176 1193 2218 oratio.
1263 2177 1331 2218 De
1374 2189 1461 2230 quo
1505 2175 1749 2220 discrimine
1789 2187 1924 2232 saepe
1962 2175 2020 2218 ad

316 2260 571 2302 Pmmnmu
611 2260 783 2311 monui,
827 2258 882 2302 cf.
925 2259 980 2302 ad
1022 2260 1149 2303 Nem.
1181 2261 1259 2314 IV,
1300 2275 1343 2316 p.
1375 2263 1478 2303 395.
1509 2260 1565 2303 ad
1595 2259 1723 2303 Nem.
1753 2259 1806 2313 V,
1841 2273 1883 2315 p.
1914 2261 2022 2302 416.

316 2343 525 2386 Similiter
545 2344 694 2398 accipe
715 2342 826 2385 infra
844 2343 880 2396 Ι,
910 2346 978 2394 10,
1001 2345 1073 2386 34.
1093 2367 1147 2376 -
1180 2345 1310 2398 illa,
1339 2345 1450 2388 bene
1472 2346 1678 2388 insertum
1702 2355 1941 2400 pronomen
1965 2344 2022 2388 ad

316 2425 508 2479 vigorem
540 2425 769 2478 orationis,
802 2424 857 2468 cf.
889 2426 1088 2481 exempla
1117 2425 1172 2468 ad
1203 2425 1238 2479 Ι,
1265 2429 1311 2480 2,
1341 2430 1416 2470 60.
1445 2449 1506 2460 -—
1552 2427 1608 2472 V.
1640 2430 1698 2471 49
1716 2441 1811 2483 sqq.
1839 2439 2022 2484 puero

314 2519 458 2561 quae
503 2508 692 2562 gloria
735 2507 891 2550 victo
936 2508 1061 2552 est?
1138 2508 1320 2552 Confert
1361 2510 1766 2554 thmssnmcmus
1809 2510 1865 2555 de
1911 2523 2042 2556 oon--

313 2589 550 2632 structione
579 2590 742 2633 TAcrr.
774 2591 890 2634 Hist.
922 2590 957 2643 Ι,
990 2595 1077 2634 7οε
1118 2598 1338 2647 reputans
1362 2591 1472 2648 plus
1497 2591 1671 2651 gloriae
1706 2601 1884 2636 retenta
1917 2595 2042 2636 Ila--

314 2672 379 2714 lia
414 2673 538 2732 fore.
611 2676 882 2718 Sententiam
921 2679 1066 2718 autem
1108 2676 1292 2718 similem
1335 2675 1434 2719 vide
1477 2676 1614 2719 Ovm.
1654 2676 1764 2720 Met.
1794 2676 1876 2730 111,
1904 2679 2020 2721 054:

266 2750 269 2753 ’
313 2770 431 2815 quae
474 2755 624 2814 gloria
671 2764 836 2812 vestra‘
868 2764 961 2810 est,
1009 2756 1050 2798 si
1085 2770 1278 2813 puerum
1323 2755 1531 2803 iuvenes,
1583 2756 1626 2798 si
1669 2755 1803 2798 multi
1838 2757 2020 2816 sallitis

312 2837 486 2880 unum?
516 2862 575 2871 —
620 2839 739 2892 ‚Mox
783 2841 836 2882 in
878 2842 1116 2882 veteres
1157 2851 1353 2891 senez,
1397 2837 1544 2882 addito
1575 2839 1686 2882 bene
1717 2839 1934 2884 adiectivo
1961 2841 2021 2889 adr

308 2921 552 2976 augendam
582 2921 669 2965 vim
700 2921 1005 2978 oppositionis,
1048 2921 1104 2964 cf.
1134 2922 1190 2964 ad
1223 2922 1258 2974 Ι,
1293 2925 1332 2975 1,
1368 2924 1442 2965 62.
1503 2922 1573 2964 Ad
1603 2923 1861 2965 sententiam
1886 2922 2017 2966 Gna-

309 3018 494 3048 numus
526 3006 693 3049 confert
725 3007 1043 3048 Ams'rfflNn‘r.
1071 3006 1107 3059 Ι,
1139 3010 1210 3048 18.
1272 3006 1438 3049 Alludit
1467 3019 1572 3049 vero
1604 3005 1659 3048 ad
1701 3018 1854 3049 canum
1883 3006 2015 3050 istum

309 3093 545 3131 amatorem
588 3093 744 3144 poeta,
788 3088 858 3130 cui
891 3085 1037 3131 dedita
1067 3094 1160 3131 erat
1190 3090 1350 3145 puella.
1411 3090 1478 3132 De
1505 3101 1588 3132 usu
1616 3102 1654 3133 v.
1686 3095 1843 3136 vetus„
1883 3095 2017 3131 vetu-

307 3176 407 3210 stas
453 3170 508 3214 cf.
551 3172 743 3214 Gmrue.
786 3173 841 3214 ad
885 3172 1017 3215 ovid.
1063 3172 1175 3218 Met.
1211 3173 1313 3227 XII,
1356 3176 1456 3218 182.
1517 3174 1762 3216 Scnwurz.
1804 3172 1860 3215 ad
1900 3172 2013 3217 Plin.

305 3253 473 3309 Paneg.
507 3258 576 3298 14.
639 3257 733 3299 Res
765 3261 881 3300 nota.
915 3281 973 3290 -—
1017 3262 1242 3312 tenero,
1272 3261 1322 3300 ut
1351 3258 1458 3300 alias
1495 3258 1626 3300 etlam
1657 3257 1855 3299 absolute
1886 3257 2016 3313 poni-

307 3338 379 3378 tur
419 3349 531 3391 vox,
580 3350 620 3380 v.
667 3353 704 3382 c.
747 3339 968 3384 Iuvmun.
999 3341 1120 3396 XIV,
1149 3345 1253 3386 215.
1297 3346 1582 3398 comparante
1616 3341 2035 3385 Wunnssammo.·

310 3418 403 3461 Alia
434 3420 565 3464 verba
595 3421 792 3466 similiter
822 3420 965 3478 posita
1004 3425 1120 3480 apud
1151 3425 1383 3468 Hssrmuu
1414 3424 1526 3467 vido.
1589 3423 1677 3466 Est‘
1712 3429 1855 3468 autem
1899 3436 2010 3467 nunc

2144 2493 2158 2554 ιι

2145 2559 2158 2649 ,l
