2158 3750
649 264 830 318 LIBR.
869 266 959 318 111.
1033 266 1236 320 ELEG.
1272 269 1366 320 lV.
1756 270 1858 319 347

156 414 287 464 runt,
328 411 464 455 veluti
495 417 673 456 notante
705 413 1084 458 Wunnssnncmo
1108 426 1330 470 pavores,
1370 418 1515 455 metus
1544 409 1745 455 dicuntur
1778 424 1858 467 pro

152 494 282 537 rebus
327 509 555 552 pavorem,
611 501 776 541 metum
822 497 1094 542 facientibus.
1178 496 1413 553 Comparat
1459 495 1679 540 Hamus
1725 495 1857 545 δεῖμα

154 575 359 636 νύκτερον
386 579 431 623 in
457 581 600 624 SOPH.
621 579 789 624 Electr.
813 583 920 626 410.
948 586 995 624 et
1024 582 1211 630 δείματα
1230 583 1387 634 νυχίων
1411 575 1581 636 ὀνείρων
1605 591 1678 635 ap·
1706 577 1860 622 APOL-

150 676 258 705 ιοΝ.
287 663 442 706 Rnon.
473 663 552 718 lv,
581 667 687 708 685.
762 664 943 710 Videbis
986 664 1094 707 lianc
1136 677 1290 707 vocem
1334 664 1464 706 etiam
1508 663 1553 706 in
1592 662 1700 705 locis
1739 658 1858 717 apud

150 746 427 790 Lonncxnm
468 748 513 791 in
543 745 845 804 Aglaopbamo
885 762 929 804 p.
958 751 1064 792 302.
1105 768 1166 782 —
1217 748 1615 804 pertimuisse.
1685 746 1855 790 Dicitur

148 842 234 872 vox
263 830 462 873 absolute
492 831 622 874 etiam
640 830 815 874 Tacrr.
842 830 997 873 Annal.
1023 829 1061 883 1,
1088 832 1173 872 29:
1209 829 1288 871 ubi
1315 829 1648 887 pertimuerint,
1676 828 1856 886 impune

148 910 379 954 contemni.
407 934 469 943 —
514 924 620 955 nec
648 911 803 968 turpi
832 911 1092 955 obnoxia
1121 911 1311 967 facto,
1355 911 1396 956 h.
1429 927 1468 956 e.
1498 913 1651 956 sinon
1681 912 1855 967 obliga-

147 995 209 1036 vit
251 1006 302 1036 se
344 994 483 1050 turpis
527 993 657 1048 facti,
701 1006 790 1039 non
833 997 992 1040 meruit
1039 996 1133 1040 eius
1181 1009 1379 1052 poenam.
1467 997 1676 1039 Ceterum
1722 1001 1856 1052 turpe

137 1077 340 1134 sactum,
377 1081 430 1120 ut
457 1077 733 1132 adulterium,
760 1092 896 1136 porro
926 1081 1085 1134 furum,
1117 1081 1335 1125 latronum
1366 1086 1530 1137 raptae,
1563 1082 1736 1136 aliaque
1766 1081 1852 1124 cri-

146 1160 260 1200 mina
297 1163 423 1212 suut,
468 1173 582 1215 quae
621 1165 905 1206 recensentur
933 1162 1012 1216 111,
1042 1167 1087 1215 5,
1122 1166 1147 1206 1
1178 1175 1274 1218 sqq.
1335 1163 1534 1218 Denique
1580 1163 1636 1206 de
1678 1162 1856 1218 impia

146 1240 351 1295 lingua
382 1243 439 1285 cf.
472 1243 508 1297 l,
537 1247 584 1296 3,
614 1247 691 1288 52.
723 1264 784 1276 —
829 1242 1076 1300 Explicatis
1112 1245 1299 1299 singulis
1337 1245 1423 1288 alia
1463 1244 1667 1288 nonnulla
1697 1243 1753 1286 de
1784 1256 1857 1320 ‘21

148 1324 267 1367 tione
295 1325 464 1368 exordii
493 1325 623 1370 addo.
683 1326 880 1371 Primum
912 1327 1035 1371 vides
1064 1333 1240 1384 poetam
1281 1329 1327 1371 iu
1367 1329 1453 1371 fine
1483 1328 1580 1371 aliis
1609 1327 1753 1372 verbis
1782 1341 1858 1372 re-

147 1407 242 1451 dire
271 1408 328 1451 ad
359 1409 558 1464 initium3
598 1417 804 1466 precatur
833 1412 948 1457 enim
979 1411 1124 1457 denuo
1157 1425 1213 1456 ne
1243 1412 1466 1466 eveniant,
1497 1424 1609 1466 quae
1643 1410 1855 1455 somnium

146 1491 369 1535 nuntiavit.
429 1491 688 1537 Revolvitur
714 1493 851 1548 igitur
894 1494 1124 1538 exordium
1166 1495 1208 1537 in
1245 1495 1408 1537 orbem.
1469 1495 1639 1538 Similia
1668 1495 1856 1538 maxime

145 1572 260 1628 apud
293 1574 489 1619 Graeco:
516 1576 711 1630 reperias
741 1577 904 1630 multa,
933 1585 1066 1632 atque
1096 1590 1123 1620 e
1153 1578 1363 1633 prosaicis
1394 1577 1545 1620 confer
1575 1577 1854 1621 Prooemium

146 1654 188 1696 in
233 1655 571 1702 Dauos-ruam
619 1658 815 1707 oratione
861 1672 942 1715 pro
991 1659 1193 1714 Corona,
1245 1661 1418 1716 poetica
1463 1661 1665 1716 exempla
1709 1665 1856 1704 autem

144 1736 390 1780 Pomanus
420 1739 576 1790 offert,
616 1739 721 1784 vide
754 1753 845 1784 nos
861 1740 919 1784 ad
948 1740 1080 1796 Pyth.
1110 1740 1190 1784 XI.
1226 1755 1328 1798 pag.
1353 1745 1455 1785 341.
1487 1743 1542 1785 ad
1574 1742 1703 1786 Nem.
1734 1742 1858 1796 VIII,

146 1834 187 1874 p.
219 1822 326 1864 478.
371 1820 428 1864 ad
475 1821 738 1878 Fragmenta
781 1839 824 1880 p.
855 1828 960 1868 609.
1032 1825 1148 1868 Illud
1193 1840 1299 1869 vero
1343 1828 1456 1872 male
1501 1827 1691 1882 tactum,
1732 1826 1855 1882 quod

144 1903 286 1957 figura
314 1909 507 1948 mutatae
536 1907 782 1950 sententiae
808 1907 874 1951 uti
902 1909 1061 1952 nesciit
1091 1914 1141 1952 ut
1171 1909 1372 1953 debebat.
1434 1910 1547 1953 Nam
1580 1915 1680 1966 post
1715 1911 1854 1967 prima

145 1991 269 2040 vota,
315 2000 372 2031 ne
406 2000 508 2032 vem
542 1993 691 2031 esseut
729 1988 968 2042 insomnia,
1018 1994 1191 2045 poterat
1230 1995 1456 2034 crescente
1495 1992 1659 2035 affectu
1688 2005 1853 2046 negare

144 2069 255 2113 adeo
286 2083 457 2115 omnem
491 2071 718 2117 veritatem
745 2071 1040 2126 somniorum,
1081 2073 1270 2117 debebat
1301 2087 1405 2118 vero
1437 2088 1538 2119 mox
1569 2075 1671 2133 inde
1701 2090 1752 2120 se
1783 2090 1853 2120 re-

145 2167 302 2199 vocare
342 2155 387 2198 iu
436 2155 565 2198 viam.
642 2154 771 2199 Nunc
818 2161 964 2201 autem
1012 2161 1153 2201 totum
1200 2157 1427 2203 exordium
1473 2160 1743 2214 tranquillius
1790 2165 1857 2204 est

149 2253 280 2295 quam
307 2241 523 2295 vividius,
553 2246 600 2286 et
629 2241 826 2287 videmus
854 2241 1124 2287 incredulum
1156 2241 1394 2296 hominem,
1424 2243 1506 2289 sibi
1538 2245 1780 2299 placentem
1812 2244 1856 2288 iu

146 2323 198 2364 iis
230 2323 580 2380 contemnendis,
629 2338 740 2380 quae
782 2326 936 2382 religio
978 2327 1168 2382 vulgaris
1210 2327 1431 2371 credebat.
1495 2326 1595 2373 Non
1634 2331 1703 2370 est
1747 2326 1855 2373 llaec

146 2403 309 2448 Tibulli
340 2405 464 2450 ratio.

264 2487 320 2533 V.
366 2490 547 2535 17-80.
622 2486 838 2533 Narra-t
881 2490 1155 2534 somnium
1206 2491 1416 2547 ipsum,
1476 2491 1531 2536 in
1577 2504 1690 2548 quo
1735 2505 1856 2540 cum

147 2571 356 2628 Apollo
394 2572 759 2627 apparuerit,
805 2572 1042 2628 primum
1082 2572 1319 2617 formam
1362 2579 1420 2617 et
1462 2572 1718 2619 habitum
1760 2574 1855 2619 dei

148 2653 257 2696 visi
287 2653 578 2696 describit
609 2653 661 2710 (a
690 2668 732 2701 v,
764 2658 959 2712 17-42),
990 2656 1196 2702 deinde
1227 2658 1404 2701 verba
1434 2659 1558 2703 eius
1590 2659 1794 2704 refert.

265 2735 322 2779 V.
354 2739 410 2779 17
442 2748 508 2792 ιιι.
549 2736 873 2793 quadrigis.
933 2739 1080 2794 Vulgo
1112 2740 1236 2794 bigas
1266 2739 1402 2783 Nocti
1445 2740 1536 2783 dari
1575 2741 1760 2784 vidimus
1802 2741 1855 2785 ad

145 2817 205 2871 Π,
239 2820 280 2871 1,
310 2821 384 2861 87.
446 2819 663 2865 Observat
694 2823 838 2865 tamen
868 2819 1090 2864 Harmas
1121 2823 1319 2866 similiter
1351 2824 1545 2866 Aurorae
1575 2836 1602 2865 a
1629 2823 1854 2866 Vmermo

148 2899 273 2954 bigas
301 2900 407 2943 Aen.
439 2900 539 2955 vll,
569 2904 723 2945 26..et
750 2902 985 2958 quadrigas
1017 2903 1093 2957 VJ,
1125 2907 1229 2952 535.
1261 2904 1400 2946 datas.
1433 2927 1492 2935 —
1533 2902 1854 2948 aetherium

149 2980 446 3035 Mundum,
473 2980 517 3026 h.
545 2995 584 3027 e.
617 2984 800 3028 eaelum.
861 2985 1072 3030 Similiter
1103 2987 1249 3031 Auc'r.
1282 2987 1442 3031 Cumc.
1470 2989 1574 3030 101.
1605 2990 1651 3030 et
1681 2988 1856 3031 Sumne.

147 3062 328 3119 Hippol.
359 3066 465 3107 332.
494 3063 696 3109 laudante
729 3065 1093 3122 Βιοσοκιιυειο,
1122 3074 1169 3115 et
1198 3069 1391 3113 mundus
1423 3069 1537 3111 caeli
1568 3070 1754 3115 Emmss
1785 3085 1855 3128 ap.

147 3144 348 3190 Macrob.
382 3147 479 3190 Sat.
508 3146 587 3201 VI,
623 3150 668 3193 2.
714 3152 764 3191 ut
807 3147 1216 3197 Wuunnnmcums
1256 3152 1407 3196 refert.
1467 3153 1610 3197 Porro
1641 3151 1856 3195 mundum

150 3230 280 3274 etiam
309 3230 508 3275 absolute
537 3236 585 3276 et
606 3232 726 3276 nullo
755 3233 843 3278 alio
873 3234 1007 3279 verbo
1027 3235 1201 3280 adiecto
1232 3237 1392 3293 passim
1425 3249 1504 3292 pro
1535 3237 1659 3280 caelo
1689 3235 1852 3280 dictum

150 3317 300 3355 notant
329 3314 535 3358 Venetus
569 3313 609 3359 h.
643 3315 671 3358 l.
705 3320 751 3359 et
779 3314 1011 3361 Hma‘sws
1040 3318 1097 3362 ad
1131 3318 1259 3366 Ovid.
1294 3319 1401 3363 Met.
1433 3318 1491 3374 11,
1524 3322 1626 3364 157.
1670 3324 1715 3362 et
1746 3332 1854 3372 quos

152 3399 376 3450 praeterea
419 3397 638 3443 Hermus
681 3400 854 3453 laudat,
897 3406 943 3449 et
985 3403 1039 3448 ad
1082 3388 1286 3460 Propert.
1318 3403 1395 3456 111,
1425 3407 1470 3455 5,
1499 3405 1573 3447 26.
1622 3401 1855 3445 Kumoni„
