2158 3750
356 245 460 291 270
743 232 1210 290 COMMENTAR.
1247 235 1323 286 IN
1364 235 1651 288 TIBULLI

357 385 493 430 salmo
528 383 759 434 tributum,
803 381 875 436 qui
919 381 1125 438 recipitur
1165 393 1278 424 nunc
1310 379 1422 424 inter
1454 380 1667 424 antistites
1697 383 1808 426 sacri
1841 387 1887 426 et
1916 381 2052 426 libro-

358 484 474 522 rum,
519 467 632 509 unde
673 466 842 508 Romae
885 465 972 507 sata
1012 465 1224 520 pendent,
1270 470 1446 521 patente
1479 464 1729 520 ceteroquin
1767 465 1892 508 simul
1932 465 2050 508 aditu

360 554 454 595 binc
496 550 551 594 ad
593 550 875 592 consulatum.
938 549 1080 603 Atque
1113 550 1156 591 ln
1188 548 1432 591 exordio
1467 553 1646 591 vocatur
1676 548 1831 604 Apollo
1860 556 1909 590 ut
1941 548 2054 591 adsit

358 635 604 679 solennibus
647 634 758 687 diei,
806 633 1164 688 quemadmodum
1210 634 1342 688 vulgo
1387 635 1435 676 fit
1481 634 1524 675 in
1568 633 1712 688 festiS,
1762 638 1807 676 et
1855 632 2054 676 admittat

359 717 642 760 Messalinum
682 715 738 757 ad
778 728 923 757 sacros
962 715 1106 757 libros.
1167 715 1217 757 Iu
1257 715 1444 758 medio
1485 721 1630 758 autem
1671 716 1918 758 carmine
1955 716 2055 758 illu·

358 803 519 842 stratur
549 797 812 853 praestantia
843 798 954 839 sacri
986 797 1246 853 Apollinaris
1277 803 1322 839 et
1353 796 1476 840 huius
1507 798 1735 841 sacerdotii
1763 799 1858 854 ipsa
1889 799 2057 852 magni-

355 884 439 926 fice
479 882 567 935 sic,
598 880 661 923 'ut
702 885 930 923 revocetur
969 879 1167 922 faustitas
1208 880 1327 922 urbis
1372 885 1418 922 et
1458 881 1688 936 praeterita
1728 886 1772 924 et
1814 880 1957 923 futura
1999 880 2055 923 ad

356 968 571 1024 Apollinis
609 966 812 1009 favorem.
875 967 988 1008 Sunt
1018 967 1154 1021 igitur
1185 966 1296 1008 duae
1328 972 1474 1022 partes
1504 980 1660 1010 rerum.
1720 966 1914 1010 Primum
1943 966 2055 1008 enim

356 1053 530 1095 oracula
570 1051 745 1104 antiqua
780 1054 950 1100 narrat,
998 1051 1154 1104 quibus
1185 1051 1353 1103 Sibylla
1394 1051 1506 1093 duce
1537 1051 1736 1106 Apolline
1765 1050 1936 1093 Romae
1964 1048 2054 1090 fata

358 1142 403 1179 et
443 1133 781 1188 magnitudinem
825 1131 1064 1187 praedixit,
1112 1145 1224 1185 quae
1266 1145 1365 1187 pars
1407 1137 1499 1174 tota
1541 1133 1717 1187 politica
1747 1136 1828 1174 est.
1890 1129 2055 1173 Deinde

356 1221 559 1273 precatus
589 1215 715 1257 deum
747 1219 796 1255 ut
828 1212 1022 1268 prodigia
1053 1218 1296 1255 ceterarum
1326 1213 1590 1266 Sibyllarum
1620 1213 1664 1256 in
1698 1218 1918 1270 posterum
1947 1212 2055 1256 abo-

355 1303 436 1343 lita
466 1301 564 1353 sint,
595 1298 762 1354 expetit
793 1302 837 1340 et
869 1298 1071 1353 impetrat
1102 1298 1248 1340 futuro
1275 1310 1386 1340 anno
1416 1297 1559 1340 fausta
1588 1299 1745 1351 omina,
1773 1302 1823 1340 ut
1851 1297 2058 1350 vidimus3

357 1395 497 1437 neque
527 1393 631 1423 vero
661 1380 817 1422 iterum
850 1380 1024 1434 politica
1053 1383 1226 1434 tractat,
1259 1381 1491 1436 ampliores
1512 1381 1619 1424 fines
1647 1381 1814 1438 imperii
1843 1386 1889 1424 et
1919 1381 2057 1424 victo-

356 1468 441 1509 rias
473 1477 605 1507 novas
637 1463 691 1506 de
721 1461 892 1505 Parthis
923 1467 967 1504 et
1001 1463 1245 1515 Germanis,
1276 1464 1354 1505 sed
1387 1464 1505 1519 pacis
1537 1463 1651 1506 bona
1682 1468 1727 1506 et
1760 1463 1942 1506 rusticas
1973 1475 2055 1516 ree,

356 1555 613 1607 proventum
655 1561 907 1605 prosperum
946 1548 1044 1589 anni
1075 1553 1120 1590 et
1150 1547 1260 1590 festa
1293 1550 1484 1604 agrestia
1514 1550 1556 1591 in
1587 1548 1746 1593 herbis.
1805 1549 1919 1592 Nam
1950 1546 2057 1592 haec

356 1634 398 1675 ei
441 1632 641 1675 videntur
685 1628 970 1686 pulcherrima
1012 1631 1310 1685 prosperitatis
1360 1637 1405 1674 et
1455 1632 1674 1675 felicitatis
1719 1632 1916 1688 publicae
1959 1644 2057 1675 mo-

356 1722 526 1770 menta,
573 1715 729 1771 quibus
762 1714 1054 1756 describendis
1086 1716 1313 1770 plurimum
1354 1716 1610 1759 delectatur.
1671 1717 1870 1760 Pertinet
1900 1714 2056 1759 eodem

355 1801 399 1841 in
442 1799 579 1854 prima
622 1801 744 1852 parte
787 1795 1000 1850 digressio
1043 1797 1099 1840 de
1142 1798 1286 1852 prisco
1331 1795 1478 1841 habitu
1520 1799 1738 1852 locorum,
1782 1799 1855 1841 ubi
1886 1798 2057 1841 condita

355 1882 524 1934 Roma3
555 1891 811 1935 quamquam
842 1879 956 1921 enim
987 1880 1310 1935 comparatione
1350 1881 1464 1924 illius
1495 1881 1701 1936 temporis
1731 1881 1859 1923 etiam
1890 1879 2058 1934 magni-

356 1965 462 2007 tudo
512 1969 556 2007 et
599 1964 917 2018 magnificentia
962 1963 1081 2006 urbis
1130 1965 1392 2020 illustratur,
1448 1972 1592 2010 tamen
1640 1964 1720 2008 hac
1770 1965 1873 2008 data
1924 1976 2058 2020 opera

356 2050 543 2088 tractata
584 2045 772 2099 imagine
816 2045 930 2087 vitae
973 2047 1224 2100 pastoritiae
1266 2048 1363 2101 quis
1406 2060 1494 2091 non
1536 2048 1655 2092 videt
1695 2047 1888 2104 praeludi
1929 2047 2056 2091 simul

355 2131 548 2172 suaviter
591 2128 807 2172 secundae
850 2129 996 2185 parti?
1067 2129 1282 2174 Nimirum
1324 2131 1585 2175 admirabilis
1629 2130 1880 2186 magnitudo
1922 2130 2057 2184 urbis,

357 2211 435 2254 sed
474 2223 628 2253 suaves
670 2210 800 2252 etiam
844 2223 989 2253 moros
1028 2213 1290 2267 agrestium,
1336 2227 1389 2257 ac
1431 2214 1532 2258 dum
1575 2227 1732 2269 magna
1771 2215 1861 2257 fata
1888 2214 2058 2270 imperii

356 2293 528 2345 laudat,
573 2291 720 2334 laudat
756 2303 842 2333 non
886 2293 1024 2334 minus
1055 2295 1243 2337 rusticae
1276 2296 1390 2338 vitae
1419 2296 1734 2350 iucunditates‚
1774 2296 2056 2351 quemadmo-

357 2374 459 2417 dum
490 2373 606 2417 omni
635 2379 831 2429 tempore
860 2373 1070 2416 Romanis
1101 2379 1332 2431 utrumque
1363 2390 1511 2421 carum
1542 2378 1634 2422 fuit.
1707 2380 1784 2423 Sic
1824 2383 1920 2422 orta
1957 2380 2057 2436 pul-

356 2456 458 2500 chra
489 2457 731 2500 conlunctio
761 2460 829 2498 est
861 2457 1132 2511 politicarum
1175 2463 1219 2500 et
1259 2460 1467 2503 ruralium
1511 2473 1683 2516 rerum,
1727 2474 1814 2516 qua
1842 2459 1926 2504 hoc
1957 2473 2058 2505 car-

353 2555 454 2586 men
484 2541 788 2596 conspicuum,
837 2553 888 2582 ac
931 2544 1096 2583 tantum
1127 2540 1252 2584 abest
1291 2547 1340 2585 ut
1372 2541 1453 2586 bae
1483 2557 1553 2586 res
1582 2544 1664 2586 sibi
1695 2548 1962 2600 repugnent,
2010 2548 2059 2588 ut

354 2627 472 2669 nulla
512 2625 686 2668 suavior
730 2623 909 2679 reperiri
953 2625 1090 2679 possit
1135 2627 1431 2682 oppositarum
1472 2641 1614 2671 rerum
1658 2627 1891 2673 harmonia.
1963 2629 2055 2673 Sed

353 2710 460 2752 illud
500 2714 642 2752 tamen
684 2721 889 2763 quaeras,
935 2708 970 2750 si
1013 2722 1182 2752 sacrum
1228 2724 1434 2765 praesens
1475 2712 1610 2754 solius
1649 2711 1977 2754 introductionis
2009 2717 2054 2755 et

354 2791 696 2846 inaugurationis
743 2803 871 2833 causa
915 2790 1154 2832 institutum
1208 2791 1314 2844 fuit,
1365 2793 1583 2846 quomodo
1632 2793 1803 2849 publica
1852 2792 2054 2838 faustitas

354 2874 455 2916 anni
486 2887 541 2917 ex
572 2872 638 2915 his
668 2872 871 2927 auspiciis
903 2871 1012 2913 bene
1043 2872 1209 2914 dicatur
1240 2874 1443 2930 pendere.
1506 2875 1739 2920 Enimvero
1762 2876 1943 2920 XV.viri
1967 2890 2054 2921 non

354 2957 494 2999 solum
532 2960 633 2998 ante
673 2952 960 3010 inspiciendos
1001 2953 1133 2996 libros
1165 2968 1288 2997 sacra
1318 2955 1559 3010 faciebant,
1604 2962 1652 3000 ut
1691 2970 1771 3013 par
1811 2963 1928 3012 erat,
1975 2957 2054 3001 sed

354 3051 452 3081 cum
482 3039 656 3081 omnino
686 3037 944 3093 Apollinaris
973 3038 1085 3079 sacri
1125 3039 1337 3083 antistites
1378 3045 1549 3094 essent,
1594 3039 1706 3083 haud
1749 3041 1879 3084 dubie
1922 3043 2051 3086 etiam

354 3123 479 3164 statis
509 3121 763 3175 quibusdam
798 3121 950 3163 diebus
978 3134 1139 3165 annuas
1175 3125 1469 3167 solemnitates
1498 3124 1810 3178 Sibyllinorum
1849 3125 2054 3166 oraculo·-

354 3215 450 3245 rum
499 3215 666 3246 summo
713 3203 878 3246 auctori
926 3203 1009 3246 deo
1057 3205 1276 3249 curabant.
1366 3206 1740 3254 Quemadmodum
1785 3219 1889 3250 vero
1937 3207 2053 3264 apud

355 3285 553 3326 Graecos
583 3286 723 3327 vernis
765 3284 982 3327 mensibus
1021 3299 1178 3342 magna
1219 3289 1340 3344 festa,
1371 3291 1581 3347 Apollinis
1621 3294 1768 3343 erant,
1814 3290 1878 3333 sic
1919 3291 2050 3334 etiam

355 3366 524 3410 Romae
566 3365 772 3410 credibile
816 3372 883 3408 est
925 3368 1117 3411 solemne
1158 3383 1326 3413 sacrum
1369 3385 1468 3415 vere
1500 3371 1687 3415 habitum
1717 3377 1835 3415 stato
1865 3373 2048 3427 quodam
