2158 3750
709 258 891 310 LlBR.
927 259 1018 310 ΙΙΙ.
1090 257 1291 309 ELEG.
1326 258 1420 309 IV.
1795 260 1892 309 341

205 399 260 444 de
304 415 389 457 qna
437 401 567 447 etlam
598 401 642 446 in
671 401 982 448 Dissertatlone
1012 400 1067 446 de
1096 401 1228 446 Poesi
1259 400 1422 447 Tibulli
1452 398 1658 446 monitum
1689 402 1893 455 quantum

195 486 254 529 ibi
289 487 408 532 satis.

313 570 398 614 Est
427 569 510 616 boc
556 584 731 616 carmen
771 572 943 616 unicum
986 572 1100 616 inter
1128 574 1329 628 poemata
1369 566 1611 626 Lygdami,
1652 564 1770 622 quod
1800 568 1888 608 tres

199 653 366 709 elegiae
409 660 556 711 partes
604 657 890 714 principales,
936 657 1190 710 exordium,
1234 655 1424 700 medium
1467 665 1666 707 carmen,
1713 650 1892 702 exitum,

194 749 316 780 more
345 737 593 781 Tibulliano
621 738 824 782 distincte
853 738 1012 782 divisas
1040 737 1198 791 babet,
1242 750 1387 793 neque
1417 741 1562 780 tamen
1594 738 1742 777 cetera
1772 731 1889 788 pari·-

196 826 266 864 ter
293 821 376 864 arti
405 821 567 864 Tibulli
596 820 751 864 similia
779 824 895 864 sunt.
953 820 1150 864 Primum
1182 819 1299 874 quod
1331 823 1399 862 est
1424 817 1650 863 consilium
1681 813 1884 869 elegiae?

189 902 276 948 Est
304 902 419 947 haud
449 904 579 947 dubie
620 903 764 958 idem,
805 903 922 959 quod
964 903 1322 947 antecedentibus
1363 902 1543 946 subesse
1587 900 1803 955 vidimus,
1841 901 1891 940 ut

194 986 382 1041 puellam
426 985 712 1051 abalienatam
753 990 931 1030 revocet
971 985 1027 1029 ad
1075 999 1140 1029 se.
1215 984 1276 1028 Et
1321 998 1434 1028 nunc
1475 983 1648 1039 quidem
1691 995 1789 1027 cum
1831 981 1886 1024 de

192 1068 396 1122 coniugio
435 1068 522 1112 alio
567 1068 753 1124 cogitari
800 1067 1064 1122 audivisset,
1116 1069 1160 1111 in
1206 1067 1373 1111 somnio
1409 1067 1535 1110 finxit
1573 1065 1657 1109 sibi
1699 1078 1789 1108 rem
1833 1062 1887 1106 ab

191 1150 396 1206 Apolline
426 1153 691 1207 nuntiatam,
724 1166 904 1211 sperans
932 1152 1016 1197 boc
1047 1154 1264 1198 inventum
1296 1165 1496 1207 magnam
1526 1151 1611 1194 vim
1641 1148 1913 1217 habiturum-

189 1235 235 1278 in
265 1235 492 1280 Neaeram.
553 1237 644 1281 Sed
686 1237 757 1282 bie
797 1252 883 1283 non
926 1239 1142 1296 reputavit
1181 1240 1277 1282 leve
1316 1237 1539 1292 negotium
1569 1233 1699 1277 tribui
1732 1230 1888 1286 insigni

189 1318 309 1372 deo;
340 1321 540 1373 oracula,
570 1321 761 1375 monita,
790 1321 928 1365 minas
957 1321 1281 1379 exspectaveris
1310 1320 1365 1363 ab
1397 1317 1623 1375 Apolline,
1655 1327 1740 1357 uon
1772 1311 1889 1367 quod

190 1399 396 1445 facillime
440 1402 614 1446 aliunde
660 1404 868 1459 cognosci
915 1409 1116 1462 poterat,
1165 1405 1238 1447 alii
1286 1403 1451 1446 nubere
1496 1401 1609 1444 velle
1654 1397 1884 1440 Neaeram.

185 1482 363 1527 Notavit
393 1485 479 1528 iam
515 1485 735 1529 Hermus
770 1486 921 1530 vitium
955 1487 1225 1530 inventionis.
1300 1487 1467 1538 Porro,
1510 1483 1548 1526 si
1586 1494 1736 1525 revera
1766 1491 1889 1522 com-

184 1578 360 1610 movere
403 1569 590 1624 puellam
638 1569 867 1626 cupiebat,
913 1569 1065 1612 credas
1107 1567 1219 1612 liunc
1265 1569 1308 1611 iu
1350 1567 1525 1611 modum
1565 1562 1765 1608 adornari
1809 1561 1885 1603 ‹le-

183 1647 331 1691 buisse
359 1655 687 1706 argumentum,
718 1657 767 1695 ut
797 1656 900 1708 post
929 1652 1140 1695 somnium
1173 1655 1392 1695 narratum
1423 1648 1691 1692 describeret
1721 1646 1883 1688 luctum

181 1732 432 1789 ingentem,
462 1747 593 1789 quem
624 1733 693 1779 bic
722 1737 895 1779 nuntius
924 1736 1008 1780 sibi
1035 1735 1265 1779 attulisset.
1327 1733 1563 1777 Habuisset
1595 1732 1730 1787 igitur
1762 1741 1883 1772 com-

184 1816 344 1871 positio
373 1815 481 1860 duas
512 1822 676 1874 partes,
703 1832 887 1874 quarum
915 1819 1053 1862 altera
1084 1819 1374 1862 narrationem
1405 1815 1616 1874 Apollinis
1647 1811 1884 1864 exhiberet,

180 1900 323 1942 altera
352 1900 526 1943 dolores
557 1900 660 1944 inde
696 1906 828 1944 ortos.
888 1900 1087 1945 Exordio
1119 1907 1163 1944 et
1195 1901 1343 1955 exitu,
1388 1905 1436 1943 ut
1475 1912 1587 1942 nunc
1617 1898 1691 1949 fit,
1730 1893 1886 1950 implo-

181 1983 266 2026 rari
293 1987 492 2040 poteraut
521 1983 582 2027 dii
611 1988 661 2027 ut
690 1989 937 2028 averterent
965 1985 1133 2028 tristem
1163 1997 1269 2029 rem.
1331 1982 1424 2026 Sed
1454 1980 1556 2036 quid
1588 1979 1693 2022 facit
1719 1974 1885 2032 poeta?

180 2067 320 2110 Unice
354 2072 594 2124 occupatur
623 2068 790 2112 somnio
822 2067 1135 2122 describendo,
1181 2069 1360 2112 alteram
1393 2079 1496 2109 vero
1524 2076 1670 2108 rerum
1700 2064 1882 2118 partem,

180 2162 307 2204 quam
337 2149 449 2204 dixi,
488 2151 616 2207 plane
648 2150 818 2206 omisit,
860 2164 945 2195 non
975 2151 1050 2195 ille
1081 2154 1274 2195 sentiens
1304 2151 1407 2206 quid
1439 2149 1630 2207 postulet
1661 2145 1883 2190 concinni-

182 2239 274 2287 tas,
317 2248 460 2291 neque
503 2235 685 2279 idonens
726 2236 925 2280 sensibus
966 2236 1098 2280 animi
1143 2237 1344 2282 disertius
1388 2232 1695 2278 describendis.
1773 2228 1882 2270 Erat

179 2330 283 2360 vero
314 2319 442 2362 etiam
481 2320 566 2362 alia
596 2319 733 2363 forma
773 2321 1070 2374 tractationis,
1113 2334 1224 2375 quae
1265 2318 1363 2362 huic
1394 2321 1656 2373 argumento
1687 2313 1882 2356 adhiberi

179 2406 374 2458 poterat,
418 2403 455 2445 si
488 2402 543 2445 ad
575 2402 876 2447 deterrendam
906 2417 931 2446 a
963 2403 1185 2460 proposito
1218 2403 1434 2445 Neaeram
1467 2400 1610 2442 omnia
1645 2409 1881 2453 compone-

179 2484 267 2529 bat.
328 2486 404 2528 Sic
434 2485 478 2528 in
520 2486 658 2542 prima
690 2490 816 2542 parte
857 2484 1136 2543 proponenda
1170 2484 1322 2527 suisset
1360 2484 1460 2526 irati
1491 2482 1561 2525 dei
1591 2482 1760 2534 imago,
1807 2481 1880 2534 qui

178 2568 232 2610 ad
262 2568 399 2611 minas
431 2569 622 2623 veniret,
666 2574 713 2612 et
753 2567 923 2612 videres
958 2567 1294 2624 descriptionem
1335 2566 1465 2610 divini
1498 2563 1666 2607 habitus
1698 2575 1783 2605 non
1815 2562 1880 2603 iu-

178 2650 351 2703 utilem,
394 2649 474 2693 sed
513 2655 687 2707 aptam,
736 2663 848 2706 quae
890 2650 1003 2693 iusta
1045 2665 1145 2707 pars
1188 2655 1304 2693 esset
1345 2649 1478 2692 totins
1509 2647 1735 2700 carminis,
1782 2657 1880 2687 cnm

176 2740 287 2782 quae
332 2741 446 2772 nunc
494 2727 564 2773 hic
609 2729 773 2786 legitur
818 2729 1146 2788 pulchritudinis
1195 2730 1366 2774 divinae
1416 2731 1535 2783 laus,
1585 2726 1688 2771 nihil
1743 2724 1878 2781 prosit

176 2824 344 2854 summo
376 2812 557 2856 consilio
585 2813 799 2858 carminis.
871 2813 922 2857 In
953 2815 1087 2857 altera
1120 2818 1264 2857 autem
1294 2819 1418 2870 parte
1453 2812 1584 2856 verba
1623 2820 1775 2852 severa
1804 2806 1874 2850 dei

176 2893 232 2936 ad
261 2893 477 2939 Neaeram
510 2901 558 2940 et
586 2897 730 2941 minae
757 2896 1043 2952 haberentur,
1075 2899 1111 2941 si
1144 2898 1272 2941 fidem
1304 2897 1473 2940 falleret
1501 2900 1545 2937 et
1577 2892 1649 2936 alii
1676 2891 1873 2936 nuberet.

176 2977 418 3021 Exordium
460 2985 739 3036 praepararet
784 2985 926 3024 totum
971 2986 1016 3025 et
1057 2981 1273 3024 nuntiaret
1316 2994 1400 3024 non
1444 2980 1618 3035 impune
1661 2978 1876 3021 contemni

178 3061 470 3106 iusiurandum
501 3067 549 3107 et
576 3063 713 3107 minas
744 3065 952 3118 deorum,
981 3066 1126 3109 exitus
1157 3079 1260 3109 vero
1290 3070 1389 3109 vota
1420 3063 1598 3107 baberet
1630 3066 1675 3106 ut
1707 3062 1875 3106 obtem-

178 3154 351 3204 peraret
381 3149 540 3205 puella.
600 3149 691 3193 Sed
723 3150 855 3194 etiam
897 3150 961 3194 liis
992 3151 1053 3194 ita
1095 3151 1330 3195 tractandis
1361 3152 1500 3208 impar
1531 3149 1660 3193 fuerit
1692 3147 1876 3203 Lygda-

177 3242 297 3283 mus,
329 3231 452 3274 cuius
485 3235 576 3274 tota
609 3232 754 3288 poesis
787 3232 918 3287 leuis,
962 3246 1044 3276 uon
1075 3247 1256 3277 nervosa
1289 3239 1332 3278 et
1363 3235 1520 3290 gravis.
1585 3236 1640 3276 At
1670 3231 1780 3275 enim
1812 3231 1880 3274 ‹li-

179 3317 249 3355 cat
282 3314 415 3368 alius,
447 3315 550 3369 quid
582 3316 617 3358 si
648 3316 741 3372 ipsa
771 3315 948 3359 lenitate
985 3322 1033 3360 et
1065 3316 1292 3360 dulcedine
1325 3330 1468 3361 rerum
1501 3327 1770 3359 commovere
1802 3327 1880 3355 vo-

189 3397 263 3439 luit
297 3399 521 3453 puellam?
584 3399 794 3455 Apollinis
836 3399 1006 3444 babitus
1045 3405 1162 3445 totns
1197 3402 1341 3445 suavis
1372 3405 1416 3444 et
1447 3400 1578 3443 verba
1610 3396 1752 3441 mollia
1786 3394 1882 3437 dnl-
