2158 3750
600 267 907 331 TIBULLI
965 269 1107 333 LIB.
1143 270 1240 330 ΙΙΙ.
1272 280 1317 328 4.
1725 277 1806 337 67

176 420 403 482 Efficiat
442 445 619 483 vanos
661 422 843 482 noctis
878 422 1098 483 Lucina
1138 423 1368 483 timores

259 529 331 589 Et
367 529 580 589 frustra
622 529 947 590 inmeritum
991 531 1350 614 pertimuisse
1392 530 1552 605 velit,

113 650 170 694 15
188 636 249 695 Si
293 659 419 696 mea
470 659 574 696 nec
619 636 773 717 turpi
818 660 977 696 mens
1021 654 1103 698 est
1146 640 1391 700 obnoxia
1433 639 1582 700 facto

256 744 374 803 Nec
416 742 577 802 laesit
617 766 857 823 magnos
907 744 1084 826 impia
1132 745 1329 826 lingua
1375 748 1527 808 deos.

172 850 291 908 Iam
330 851 458 910 Nox
501 849 812 910 aetherium
855 852 1036 932 nigris
1083 875 1310 913 emensa
1359 856 1652 936 quadrigis

258 958 543 1018 Mundum
588 958 846 1019 caeruleo
890 959 1101 1020 laverat
1141 983 1305 1020 amne
1347 977 1528 1035 rotas,

174 1067 291 1126 Nec
333 1089 423 1126 me
466 1067 716 1150 sopierat
756 1069 932 1129 menti
977 1069 1118 1130 deus
1162 1069 1316 1130 utilis
1361 1095 1594 1152 aegrae:

110 1190 171 1233 20
266 1177 516 1238 Somnus
560 1178 828 1240 sollicitas
874 1179 1064 1241 deficit
1107 1196 1235 1241 ante
1281 1181 1501 1241 domos.

177 1285 461 1360 Tandem,
499 1311 628 1347 eum
667 1312 890 1349 summo
926 1289 1195 1350 Phoebus
1233 1290 1526 1372 prospexit
1560 1291 1631 1352 ab
1668 1307 1813 1367 ortu,

262 1394 478 1454 Pressit
518 1394 840 1477 languentis
891 1395 1108 1457 lumina
1153 1421 1279 1457 sera
1324 1399 1501 1481 quies.

178 1500 286 1560 Hic
333 1502 551 1563 iuvenis
594 1519 747 1564 casta
793 1505 1089 1564 redimitus
1139 1519 1397 1588 tempora
1440 1506 1603 1566 lauro

259 1610 362 1670 Est
401 1611 555 1672 visus
597 1627 795 1672 nostra
835 1635 1050 1696 ponere
1096 1613 1230 1672 sede
1274 1613 1495 1695 pedem.

113 1718 318 1778 25Non
360 1717 459 1778 illo
504 1719 811 1803 quicquam
849 1715 1163 1780 ‘formosius
1209 1721 1323 1781 ulla
1367 1722 1625 1805 priorum

259 1827 462 1901 AetaS‚
517 1828 834 1889 humanum
874 1853 979 1890 nec
1023 1829 1176 1889 videt
1221 1830 1366 1889 illud
1412 1854 1572 1914 opus.

183 1937 403 1996 Intonsi
450 1937 855 2018 crines'longa
901 1937 1114 1998 cervice
1158 1938 1439 2012 fluebant,

270 2043 530 2105 stillabat
571 2045 741 2131 Syrio
786 2060 1006 2133 myrtea
1046 2070 1174 2106 rore
1221 2071 1397 2107 coma.

184 2152 416 2212 Candor
459 2169 604 2228 erat,
656 2154 881 2238 qualem
924 2155 1174 2239 praefert
1216 2155 1459 2215 Latonia
1502 2156 1694 2228 Luna,

58 2302 62 2304 -
117 2277 178 2321 30
273 2263 346 2322 Et
388 2262 546 2324 color
586 2264 647 2324 in
691 2266 855 2325 niveo
902 2290 1140 2348 corpore
1185 2290 1538 2349 purpuram,

193 2371 272 2429 Ut
314 2370 503 2430 iuveni
546 2372 795 2455 primum
839 2373 1000 2454 virgo
1046 2373 1288 2434 deducta
1339 2374 1544 2434 marito

271 2476 530 2539 Inficitur
570 2494 793 2541 teneras
843 2505 940 2541 ore
987 2482 1228 2542 rubente
1274 2505 1481 2562 genam,

122 2735 292 2780 duntur.
353 2738 558 2782 Profecto
589 2737 671 2783 hoc
703 2741 771 2783 vel
803 2740 870 2783 At
909 2749 1059 2783 tamen
1102 2742 1331 2796 legendum
1365 2743 1650 2798 oppositionis
1683 2754 1827 2785 causa.

120 2817 323 2862 Ceterum
365 2820 419 2863 de
457 2820 708 2865 confusione
750 2822 1026 2867 formularum
1060 2826 1122 2864 Et
1155 2833 1303 2866 tamen
1335 2830 1379 2867 et
1411 2824 1501 2865 Sed
1543 2831 1692 2865 tamen
1725 2823 1823 2864 vide

122 2901 301 2958 primam
332 2903 568 2948 Bana-mm
599 2911 792 2951 annotat.
815 2907 870 2949 ad
895 2907 1110 2950 Tssnssnr.
1137 2931 1195 2939 —
1228 2908 1440 2949 moneri
1467 2907 1666 2949 mellores
1692 2911 1826 2948 reete.

125 2984 191 3027 ΛΙ.
224 2985 419 3027 monenti
455 2987 581 3031 male.
642 2988 731 3032 Sed
766 3002 830 3045 pr.
871 2989 961 3032 illi
1000 2989 1168 3032 videtur
1207 2988 1298 3030 illis
1337 2989 1623 3032 scribendum.

244 3091 298 3134 V.
319 3093 391 3135 14.
429 3106 456 3147 p
470 3105 493 3134 e
506 3105 527 3134 ι·
539 3097 556 3135 t
568 3092 579 3134 ἰ
591 3106 631 3135 m
644 3105 673 3135 u
685 3093 697 3135 ἰ
709 3107 731 3136 s
743 3107 764 3135 s
775 3107 800 3137 e
838 3096 1001 3150 optimi.
1076 3096 1221 3150 Vulgo
1261 3094 1592 3152 praetimaisse.

242 3196 296 3239 V.
313 3199 388 3238 25.
407 3199 481 3241 26.
523 3205 751 3254 corruptus
781 3199 914 3242 locus.
939 3223 995 3231 —
1056 3201 1108 3244 V.
1126 3204 1200 3244 28.
1233 3201 1519 3243 stillabat
1555 3200 1647 3242 libri
1683 3214 1830 3242 omnes

125 3278 336 3322 meliores.
397 3277 612 3334 spirabat
651 3281 776 3335 pauci
815 3281 1076 3336 deteriores,
1117 3284 1232 3338 quod
1271 3290 1412 3325 tamen
1446 3284 1631 3339 probant
1664 3285 1829 3325 Pissa-

126 3371 316 3412 amma,
363 3361 572 3413 Vossttm‚
614 3362 1039 3418 Wuwussmncmus,
1081 3367 1300 3409 memus.

1287 3445 1321 3496 5
1354 3448 1378 3480 Αἱ
