2158 3750
665 250 852 302 LIBR.
888 250 956 302 ΙΙ.
1028 249 1234 303 ELEG.
1269 249 1338 302 V.
1731 255 1835 301 289

135 397 258 440 nire
291 394 562 447 vidimuS‚
602 397 748 453 pergit
778 402 935 452 poeta,
979 395 1311 452 praeterita
1340 396 1484 453 sintj
1525 399 1585 438 tu
1625 395 1841 450 Apollo

133 481 282 522 tolle
311 480 364 522 in
394 485 690 537 posterum
725 479 995 536 prodigia
1027 483 1084 522 et
1116 478 1315 522 felicis
1345 478 1471 521 anni
1501 478 1714 535 praebe
1747 490 1840 520 no-

135 565 223 606 bis
252 565 519 620 auspicia
549 563 635 607 his
666 563 908 606 flammis
937 563 1090 605 sacri
1119 562 1218 606 tui.
1281 561 1445 609 Quod
1488 575 1609 606 cum
1650 560 1841 604 faciat

136 647 302 701 deus,
355 649 631 691 continuo
685 648 752 690 ab
805 647 1179 703 oppositione
1223 646 1599 690 adversarum
1653 657 1838 688 rerum

137 731 355 773 transit
394 730 460 773 ad
500 730 681 772 fausti
709 729 842 772 anni
870 728 1010 771 bona
1041 733 1098 772 et
1128 729 1342 783 gaudia
1371 731 1595 774 rustica
1623 729 1842 773 descri-

138 813 346 866 benda,
396 814 453 856 in
496 812 617 856 fine
663 816 846 855 tamen
886 812 1055 855 etiam
1097 813 1513 867 querimoniam
1558 813 1843 857 eroticam

138 897 476 941 admiscens.
1325 882 1330 887 ’

263 983 315 1026 V.
357 986 415 1024 67
452 994 547 1035 sqq.
619 980 894 1024 Constructio
939 985 1031 1024 est=
1096 980 1389 1036 Quicquid
1442 981 1744 1026 Amalthea
1787 1004 1846 1014 —

141 1065 293 1118 sinu,
321 1086 383 1096 —
425 1062 562 1107 haec
590 1062 827 1107 fuerant
866 1065 1030 1117 olim,
1069 1062 1110 1106 h.
1143 1078 1183 1107 e.
1217 1065 1343 1110 Quae
1375 1077 1479 1108 vero
1515 1065 1714 1122 prodigia
1743 1067 1852 1109 reli-

142 1160 255 1202 quae
300 1152 474 1204 praeter
517 1143 803 1201 Erythraeam
854 1149 947 1192 sive
1000 1149 1237 1192 Cumanam
1282 1149 1477 1203 Sibyllae
1524 1150 1849 1205 praediirerunt,

141 1231 377 1286 praeterita
415 1231 503 1272 siut
543 1243 625 1273 nec
666 1230 860 1273 redeant.
932 1229 1012 1272 Est
1057 1231 1169 1273 enim
1213 1229 1280 1273 hic
1322 1231 1564 1287 oppositio,
1608 1237 1652 1275 et
1694 1232 1850 1275 distin-

143 1314 239 1368 guit
270 1317 399 1369 poeta
428 1326 454 1355 a
483 1313 679 1369 principe
708 1313 902 1367 Sibylla,
945 1313 1001 1355 de
1042 1327 1126 1367 qua
1170 1312 1390 1369 hucusque
1431 1315 1620 1369 dictum,
1666 1320 1850 1359 ceteras.

146 1397 572 1440 circumferebantur
602 1402 775 1452 praeter
804 1398 992 1440 carmina
1023 1398 1195 1453 publice
1226 1404 1397 1441 servata
1428 1401 1556 1442 etiam
1598 1401 1683 1442 alia
1713 1399 1850 1443 multa

147 1481 386 1545 Sibyllina,
431 1485 479 1523 et
510 1481 733 1535 Augustus
766 1486 920 1537 postea
951 1494 1084 1537 super
1114 1482 1200 1524 duo
1235 1483 1369 1524 millia
1402 1483 1673 1526 fatidicorum
1716 1484 1854 1526 libro-

147 1577 243 1606 rum
274 1565 434 1607 Graeci
463 1564 697 1620 Latinique
729 1567 903 1621 generis
942 1570 1165 1609 contracta
1208 1566 1394 1620 undique
1425 1567 1646 1610 cremavit.
1708 1567 1757 1609 In
1790 1566 1856 1610 his

147 1649 282 1691 multa
322 1649 522 1704 prodigia
561 1649 808 1706 praedicta,
848 1663 959 1704 quae
987 1649 1202 1692 bellorum
1236 1650 1426 1693 civilium
1460 1655 1657 1706 tempore
1685 1653 1857 1692 terrue-

149 1738 252 1775 runt
285 1733 466 1785 animos,
497 1731 676 1774 LucAN.
705 1731 741 1785 I,
772 1734 889 1775 564:
933 1731 1138 1790 Diraque
1161 1747 1248 1788 per
1273 1731 1493 1788 populum
1525 1735 1719 1774 Cumaea
1753 1748 1857 1775 car-

154 1815 277 1858 mina
303 1815 427 1858 vatis
456 1815 735 1874 Vulgantur.
798 1817 862 1860 Ac
892 1816 1093 1860 Tibullus
1124 1817 1298 1871 quidem
1331 1816 1438 1860 haec
1469 1818 1656 1861 infausta
1687 1820 1863 1862 oracula

153 1899 313 1942 ceteris
353 1898 532 1952 Sibyllis
574 1897 752 1954 tribuit,
799 1899 1082 1955 principalem
1122 1912 1226 1941 vero
1270 1900 1480 1953 Sibyllam
1526 1902 1678 1944 statuit
1717 1903 1862 1945 fausta

153 1982 365 2026 Romanis
418 1987 467 2025 et
522 1983 637 2025 laeta
690 1983 918 2036 nuntiare,
978 1987 1028 2024 ut
1084 1983 1291 2026 Vunpms
1352 1983 1483 2025 etiam
1545 1984 1863 2026 animadvertit.

156 2067 431 2123 Quamquam
462 2067 575 2110 enim
605 2066 782 2120 genuini
823 2079 996 2121 quoque
1027 2079 1103 2109 seu
1138 2079 1218 2122 pro
1250 2067 1449 2121 genuinis
1486 2066 1621 2111 habiti
1653 2070 1748 2112 libri
1781 2083 1865 2112 nu-

155 2163 238 2207 per
283 2151 457 2194 collecti
505 2150 706 2207 prodigia
753 2152 871 2194 varia
918 2152 1225 2194 continuerunt
1270 2149 1383 2192 haud
1432 2151 1589 2206 dubie,
1638 2158 1869 2195 tacuerunt

70 2242 74 2244 ’
159 2232 268 2276 haec
296 2232 396 2277 XV.
412 2233 494 2277 viri
523 2234 561 2276 si
590 2234 817 2287 legerunt,
849 2238 895 2276 et
919 2233 1169 2276 nuntiarunt
1198 2234 1367 2275 nonnisi
1396 2247 1509 2288 quae
1540 2235 1746 2277 salutaria
1778 2234 1866 2277 rei-

161 2320 374 2375 publicae,
416 2319 538 2362 cuius
570 2319 744 2373 generis
775 2322 876 2360 sunt
906 2319 1036 2361 etiam
1069 2319 1398 2374 procurationes
1429 2319 1741 2374 prodigiorum.
1801 2321 1868 2362 Ac

162 2401 371 2444 credibile
411 2413 509 2444 cum
552 2405 653 2456 post
691 2400 935 2454 antiquiora
977 2405 1167 2442 cremata
1210 2401 1387 2442 oracula
1434 2413 1459 2442 e
1500 2401 1623 2443 novis
1669 2401 1867 2444 collectis

165 2486 362 2528 delectus
391 2483 647 2536 haberetur,
690 2484 832 2526 eiecta
875 2486 920 2525 et
959 2483 1137 2524 remissa
1168 2483 1251 2524 iam
1284 2486 1375 2524 tum
1408 2482 1599 2524 tristiora
1633 2483 1769 2525 multa
1800 2483 1868 2526 ef-

163 2567 277 2621 fata,
331 2572 383 2610 ut
422 2566 638 2610 contraria
684 2565 869 2607 Romani
917 2565 1086 2620 imperii
1135 2563 1250 2607 satis.
1291 2586 1349 2594 —
1410 2563 1706 2608 Amalthea
1751 2565 1868 2622 apud

165 2650 478 2694 Lacum-um
507 2648 543 2701 1,
574 2652 618 2691 6.
660 2653 729 2691 est
759 2648 979 2700 Cumana,
1025 2647 1101 2689 sed
1134 2646 1333 2688 Tibullus
1376 2645 1605 2702 distinguit
1641 2651 1870 2703 utramque

166 2733 276 2776 alios
306 2736 509 2775 auctores
540 2737 731 2774 secutus.
796 2732 990 2774 Cumana
1023 2732 1165 2787 potuit
1195 2731 1370 2773 Tibullo
1401 2731 1541 2774 Demo
1572 2743 1694 2785 esse,
1743 2745 1873 2786 quam

166 2816 428 2859 Pausnrns
457 2813 580 2856 nobis
610 2812 770 2855 indicat
799 2812 857 2867 X,
883 2815 955 2854 12.
975 2836 1035 2843 —
1067 2812 1405 2869 Marpessia.
1467 2813 1570 2855 Fuit
1599 2814 1873 2857 Mermessus

169 2899 291 2942 vicus
338 2897 381 2939 in
421 2908 529 2951 agro
568 2896 799 2951 Gergitio,
845 2897 901 2940 cf.
933 2898 1064 2941 Sum.
1102 2911 1136 2941 s.
1168 2911 1235 2951 v.‚
1273 2899 1357 2940 alia
1402 2898 1750 2953 pronuntiatione
1791 2912 1873 2942 no-

171 2980 324 3033 minis,
368 2984 417 3022 ut
447 2978 640 3021 Hermo
671 2976 864 3031 videtur,
905 2979 1035 3021 etiam
1067 2981 1336 3035 Marpessa-s·
1376 2979 1542 3034 dictus,
1585 2980 1798 3033 siquidem
1828 2981 1872 3023 in

174 3061 399 3105 codicibus
442 3053 711 3104 Paus'AmAss
757 3058 855 3102 libr.
884 3059 941 3112 X,
974 3063 1044 3102 12.
1086 3065 1131 3103 et
1163 3061 1425 3105 Lim-mn
1455 3064 1484 3106 1.
1516 3076 1557 3106 c.
1599 3062 1705 3106 haec
1736 3063 1875 3107 forma

174 3146 404 3201 reperitur,
434 3149 484 3187 ut
514 3155 599 3187 non
625 3154 736 3199 opus
766 3143 824 3186 nit
854 3156 951 3186 cum
979 3143 1315 3189 Bnotscxrwsro
1349 3147 1588 3190 rescribere
1613 3146 1879 3190 Mermessia

176 3230 233 3273 de
263 3229 478 3273 sententia
508 3229 731 3271 Samum
761 3226 979 3274 Exercitt.
1010 3229 1124 3274 Plin.
1156 3245 1198 3286 p.
1222 3234 1297 3275 78.
1359 3230 1595 3273 Probabile
1622 3243 1726 3274 vero
1753 3230 1878 3273 Mar-

179 3317 366 3372 pessiam
397 3328 510 3358 nunc
541 3313 626 3357 dici
658 3312 1047 3369 Herophilen,
1077 3315 1442 3370 quemadmodum
1466 3315 1580 3372 apud
1605 3316 1879 3359 Piusimm

179 3413 227 3443 se
262 3399 394 3442 talem
426 3397 617 3443 venditat
646 3397 739 3453 ipsa
769 3398 797 3440 l.
828 3398 933 3452 cit-3
975 3398 1091 3453 quod
1128 3400 1290 3456 placuit
1322 3400 1590 3453 Huscnxio,
1634 3400 1879 3455 suspicante

1349 3490 1409 3532 19
