2158 3750
300 243 402 290 216
700 233 1168 289 (JOMMEN'I'AR.
1205 238 1272 287 m·
1318 236 1604 290 TlssULLI

308 386 397 423 tum
430 379 534 422 satis
565 378 768 431 frequens
815 377 858 420 in
889 376 1015 421 ltalia
1058 375 1140 420 lioc
1183 377 1327 420 vinum
1358 377 1515 432 fuisse,
1563 384 1614 422 ut
1654 380 2007 429 etiamn-ustione

305 475 449 506 emere
480 461 671 517 potuerit
701 460 882 514 cadum,
924 461 1256 505 solemnioribus
1286 459 1408 505 festis
1438 463 1526 516 quo
1558 465 1766 505 uteretur.
1826 463 1878 509 In
1908 464 2009 509 tali—

306 549 386 589 bus
426 546 539 588 enim
582 545 863 599 generosiore
905 545 1005 590 vino
1048 545 1268 599 libabant,
1317 544 1372 589 cf.
1405 545 1532 589 Voss.
1566 545 1593 588 l.
1625 544 1698 588 cit.
1745 559 1788 600 p.
1817 546 1921 593 267.
1953 567 2010 575 -υ

307 630 447 674 Vina
477 628 624 673 diem
655 628 989 683 celebrent,
1018 629 1063 672 in
1097 642 1223 687 prosa
1256 630 1453 675 oratione
1482 629 1615 682 dicas,
1645 628 1747 672 vino
1773 627 1866 671 dies
1896 630 2013 672 cele-

305 715 466 757 bretur.
495 736 557 746 --
602 725 707 758 non
740 712 896 759 festa
936 714 1065 759 luce
1104 713 1331 759 madere
1361 717 1450 758 est
1479 713 1686 768 rubor,
1729 711 1785 757 ef.
1814 725 1947 768 supra
1975 712 2014 767 1,

307 800 379 851 10,
422 800 495 841 51.
569 797 694 843 Adde
739 811 838 843 cum
878 800 1061 845 Vunrro
1103 799 1309 845 iudicium
1357 799 1567 845 Demetrii
1611 797 1728 855 apud
1770 797 1871 841 L1v.
1917 795 2016 852 XL,

308 896 402 939 cap.
437 885 518 927 14:
569 882 672 926 Non
702 891 771 927 est
801 899 873 927 rea
903 899 996 944 qua
1025 883 1308 932 erubescam,
1342 891 1504 940 pater,
1551 882 1594 927 si
1635 880 1706 924 die
1739 880 1870 940 festo
1900 878 2019 923 inter

307 962 519 1023 aequales
561 964 756 1024 largiore
795 966 900 1010 vino
946 983 1046 1010 aum
1088 983 1213 1011 usua-
1285 967 1492 1012 Ceterum
1535 963 1671 1008 rubor
1699 972 1769 1008 eet
1799 969 1850 1009 ut
1879 965 2019 1008 Ovm.

309 1049 404 1092 Art.
438 1047 532 1091 Am.
565 1049 646 1104 111,
675 1052 779 1093 167.
837 1049 1003 1092 Timor.
1035 1050 1244 1093 German.
1280 1052 1354 1093 13.
1414 1048 1542 1093 Adde
1579 1047 1842 1092 locutionem
1872 1044 2019 1102 pudor

309 1137 377 1171 est
408 1130 487 1184 ΙΙΙ,
524 1134 569 1185 2,
601 1135 644 1175 7.
677 1155 735 1163 -
779 1130 1013 1175 madere
1061 1135 1208 1174 autem
1237 1131 1482 1186 significat,
1531 1135 1581 1174 ut
1613 1131 1746 1175 etiam
1775 1130 2017 1173 thmmn—

311 1228 498 1260 memus
529 1220 700 1268 monet,
745 1215 923 1272 proprie
967 1215 1132 1271 largius
1172 1228 1222 1259 se
1254 1215 1439 1259 invitare
1483 1215 1607 1269 vino,
1652 1213 1769 1257 unde
1809 1226 1923 1257 nune
1965 1212 2020 1256 de

311 1296 445 1341 ebriis
485 1301 566 1342 est.
597 1321 656 1332 —-·
703 1298 850 1342 male
889 1297 1050 1342 ferre
1090 1297 1286 1355 pedes.
1348 1298 1581 1342 Cumulate
1621 1295 1792 1340 addidit
1833 1309 2021 1340 erran·

310 1384 430 1433 tes,
458 1377 750 1437 {vacillantes‚
794 1384 844 1424 ut
882 1380 1056 1437 poetica
1090 1381 1167 1424 fiat
1203 1378 1394 1438 phrasis3
1436 1394 1535 1424 nam
1576 1379 1692 1422 male
1721 1379 1852 1438 ferre
1888 1378 2025 1437 pedes

313 1464 445 1507 etiam
487 1463 531 1506 in
574 1477 706 1520 prosa
749 1466 947 1509 oratione
990 1465 1127 1510 dicas.
1159 1487 1220 1497 ——
1265 1466 1321 1512 V.
1352 1468 1409 1508 31
1443 1478 1509 1519 sq.
1578 1463 1671 1507 Sed
1714 1463 1830 1506 inter
1871 1463 2026 1519 pocula

312 1548 557 1592 meminerit
586 1549 769 1605 quisque
799 1551 930 1595 etiam
960 1549 1216 1598 Messalae,
1261 1551 1385 1594 euius
1415 1548 1658 1607 patrocinio
1686 1547 1859 1592 videtur
1889 1550 2026 1589 tutam

312 1631 629 1686 possessionem
672 1633 838 1689 praedii
883 1633 1024 1677 relicti
1079 1632 1284 1676 debuisse
1324 1631 1542 1675 Tibullus.
1622 1631 1766 1674 bene
1808 1629 2028 1673 Messa·

315 1716 420 1758 lam
461 1716 555 1760 scil.
601 1730 758 1772 precor
799 1717 958 1761 valere.
1020 1715 1106 1760 Est
1147 1716 1334 1760 formula
1377 1715 1615 1759 convivalis
1658 1719 1762 1758 nota
1792 1726 1818 1758 e
1848 1713 2025 1757 Pnurr.

314 1796 450 1844 Stich.
484 1799 538 1853 V,
570 1801 614 1853 4,
644 1803 728 1845 272
774 1798 878 1844 bene
908 1815 1011 1848 vos,
1044 1798 1150 1842 bene
1179 1815 1286 1847 nos,
1319 1797 1423 1843 bene
1453 1807 1521 1848 te,
1555 1798 1661 1842 bene
1693 1814 1783 1847 me,
1806 1797 1921 1842 ‚bene
1948 1813 2029 1842 no-

315 1889 458 1927 stram
499 1882 638 1927 etiam
669 1884 991 1942 Stephanium,
1035 1890 1080 1928 et
1123 1885 1263 1928 Ovm.
1294 1885 1415 1928 Fast.
1446 1884 1506 1938 11,
1535 1886 1654 1928 6372
1694 1884 1760 1927 Et
1799 1880 1906 1925 bene
1936 1895 2030 1929 vos,

314 1965 495 2021 patriae
527 1965 631 2011 bene
663 1976 708 2010 te
731 1976 868 2024 pater
898 1967 1062 2025 optime
1093 1970 1286 2015 Caesar,
1318 1966 1486 2012 Dicite.
1512 1989 1574 2001 -
1618 1964 1909 2019 absentis,
1950 1965 2025 2018 qui

316 2047 361 2089 in
390 2048 499 2092 urbe
530 2053 637 2092 erat.
670 2072 729 2081 -—
777 2050 1012 2103 singula
1057 2049 1246 2093 verba.
1309 2047 1505 2102 Singulis
1535 2047 1853 2104 propemodum
1883 2046 2029 2090 verbis

315 2130 468 2174 redeat
498 2132 592 2175 eius
625 2133 801 2176 mentio.
864 2133 951 2179 Qui
984 2134 1230 2189 explicant:
1273 2132 1484 2187 cuiusque
1514 2144 1550 2175 s.
1582 2131 1852 2186 singulorum
1882 2129 2032 2183 verba,

317 2226 406 2257 nou
428 2214 576 2257 vident
596 2215 661 2258 sic
683 2216 871 2259 ieiunam
893 2216 1195 2271 repetitionem
1220 2214 1367 2257 inferri
1398 2212 1751 2257 antecedentium
1782 2213 1994 2268 quisqu
2008 2224 2033 2254 e

320 2295 494 2341 dicat.
555 2296 693 2341 Plane
722 2295 806 2341 hoc
830 2298 1127 2351 intolerabile3
1158 2296 1290 2341 debet
1313 2295 1558 2340 necessario
1581 2300 1852 2352 pentameter
1872 2295 2035 2339 addere

319 2377 438 2432 quod
481 2379 620 2423 maius
665 2384 711 2423 et
753 2380 909 2423 fortius
953 2379 1024 2423 sit.
1056 2402 1115 2414 —
1165 2380 1219 2424 V.
1253 2382 1312 2422 33
1345 2393 1441 2434 sqq.
1501 2379 1594 2422 Iam
1641 2390 1818 2422 orsurus
1856 2376 2036 2421 deorum

319 2464 558 2517 agrestium
592 2463 743 2508 laudes
771 2469 990 2520 tamquam
1021 2463 1077 2507 ad
1111 2476 1270 2507 numen
1300 2463 1356 2506 ad
1388 2463 1624 2506 Messalam
1655 2460 1948 2514 convertitur,
1986 2464 2037 2504 ut

321 2546 386 2590 liis
439 2549 667 2592 conatibus
711 2549 860 2593 favens
907 2549 1034 2593 adsit.
1078 2572 1136 2582 —
1192 2547 1500 2605 triumphis
1544 2545 1586 2591 h.
1628 2560 1668 2592 e.
1712 2545 1940 2603 triumpho
1980 2545 2036 2590 de

319 2630 548 2684 Aquitanis
573 2636 672 2675 acto
701 2644 797 2676 ann.
820 2635 923 2676 727.
985 2631 1173 2675 Pluralis
1199 2631 1373 2686 poetice
1398 2643 1463 2686 pr.
1487 2629 1699 2684 singulari
1724 2633 1774 2672 ut
1796 2630 1834 2683 I,
1854 2633 1898 2683 7,
1921 2632 2036 2672 5.-

320 2716 578 2760 intonsis
607 2717 742 2761 avis.
805 2717 916 2763 Quis
947 2717 1144 2762 Valerios
1173 2716 1349 2771 ignorat
1378 2714 1481 2759 inde
1511 2715 1567 2758 ab
1597 2714 1722 2758 initio
1750 2714 1916 2758 liberae
1947 2714 2038 2757 rei-

322 2797 525 2855 publicae
565 2799 743 2843 claros?
805 2798 1011 2844 Ceterum
1053 2804 1253 2842 tonsores
1293 2798 1338 2842 in
1379 2798 1549 2841 Italiam
1595 2810 1652 2841 ex
1683 2797 1835 2840 Sicilia
1875 2808 2037 2840 venere

322 2884 424 2936 post
463 2893 564 2924 ann.
599 2884 704 2926 454.
746 2882 803 2924 ab
844 2881 940 2925 urb.
982 2880 1108 2925 cond.
1154 2879 1266 2924 conf.
1303 2881 1454 2924 me-
1496 2879 1552 2923 de
1595 2880 1668 2925 Re
1698 2880 1831 2924 Ruat.
1859 2879 1918 2934 11,
1949 2882 2037 2932 113

323 2968 451 3007 antea
491 2964 660 3007 barbati
701 2968 826 3006 erant
866 2963 1080 3018 Romani,
1122 2964 1178 3007 cf.
1211 2965 1340 3008 Voss.
1385 2963 1440 3010 ad
1473 2963 1597 3018 Virg.
1629 2962 1786 3017 Eclog.
1819 2962 1856 3016 Ι,
1886 2976 1931 3018 p.
1961 2964 2038 3015 25,

326 3050 371 3088 et
400 3047 520 3090 locos
550 3059 622 3103 ap.
651 3046 866 3090 Ruran‘r.
897 3045 990 3089 Iuv.
1020 3060 1062 3102 p.
1092 3048 1198 3089 268.
1234 3066 1289 3077 -
1349 3058 1550 3101 magna
1593 3044 1789 3100 gloria
1831 3043 2038 3096 victor,

327 3127 518 3172 victoriis
547 3130 653 3172 suis.
684 3152 743 3161 —
1436 3174 1438 3177 ,

444 3214 683 3268 V.3quq.
716 3214 1054 3269 Sequuntur
1084 3215 1289 3259 laudes
1320 3214 1470 3257 ruris
1503 3217 1559 3256 et
1586 3210 1874 3255 ruralium
1905 3209 2038 3253 deo-

329 3307 466 3349 rum,
507 3296 641 3339 veluti
672 3297 812 3341 Ovrn.
844 3298 965 3344 Fast.
997 3300 1055 3353 ll,
1087 3304 1190 3344 658.
1227 3302 1272 3344 in
1300 3299 1621 3344 Terminalibus
1651 3298 1764 3340 inter
1793 3290 1928 3351 &es
1961 3309 2038 3337 cu-

329 3380 488 3421 nuntur
511 3376 659 3422 laudes
682 3378 890 3424 Termini.
954 3381 1096 3427 Totus
1130 3384 1249 3426 locus
1282 3382 1422 3426 tribus
1451 3381 1644 3438 partibus
1676 3383 1860 3431 constat,
1886 3389 2038 3433 quem-
