2158 3750
299 251 365 296 12
701 242 1168 300 COMMENTAR.
1203 243 1278 295 IN
1315 243 1600 296 TIBULLI

296 387 407 432 infra
435 389 492 444 11,
522 392 565 443 6,
594 392 679 431 20:
723 388 824 429 Iam
855 384 976 429 mala
997 385 1204 442 finissem
1231 384 1348 438 leto,
1388 384 1468 427 sed
1507 385 1687 429 credula
1721 388 1862 430 vitam
1897 403 1994 445 spes

291 471 427 531 fovet
457 479 502 513 et
523 471 630 529 sore
663 483 763 513 cras
791 484 958 526 semper
988 469 1058 510 ait
1089 468 1269 516 melius,
1311 468 1366 512 de
1394 470 1713 525 exspectatione
1743 472 1869 514 animi
1901 483 1998 513 cre-

301 553 402 596 dula
433 553 537 596 dicit
566 553 775 610 primum,
806 557 896 596 tum
929 566 1032 597 vero
1063 553 1119 596 ad
1150 553 1258 596 deae
1291 553 1598 607 cogitationem
1627 557 1848 597 crescente
1878 559 1998 598 motu

298 636 427 677 animi
459 635 627 689 transit,
654 649 752 679 nam
781 636 826 680 in
855 637 941 680 fine
972 638 1055 680 loci
1086 638 1223 693 ipsam
1255 637 1379 680 deam
1411 637 1612 692 appellat.
1672 635 1754 679 Est
1775 637 1874 681 talis
1897 650 1998 694 pro-

297 728 471 770 gressus
503 715 749 772 phantasiae
780 723 826 761 et
853 719 1060 761 naturalis
1090 719 1276 760 maxime
1308 722 1352 760 et
1382 731 1482 761 vere
1513 719 1723 774 poeticus.
1796 718 1858 761 Et
1887 731 1999 763 nunc

296 798 470 852 quidem
501 800 631 842 etiam
661 799 769 844 illud
800 800 994 854 accedit,
1023 801 1141 856 quod
1170 801 1329 843 scimus
1359 800 1582 842 Romanos
1611 799 1786 855 frugum
1814 813 2000 856 proven-

298 886 390 923 tum
416 882 576 936 passim
603 894 630 924 a
656 883 748 938 Spe
772 883 1015 940 repetiisse.
1076 882 1256 926 Confert
1284 882 1641 924 Baoucxnusms
1671 882 1856 938 lapidem
1886 883 2000 940 apud

300 965 580 1010 Boissardum
609 967 736 1011 Tom.
766 968 845 1014 IV.
876 969 1050 1024 Antiqq.
1082 983 1124 1024 p.
1152 971 1254 1012 130.
1296 967 1372 1010 ubi
1402 980 1606 1024 expressa
1635 971 1702 1011 est
1730 969 1882 1012 mulier
1909 974 2002 1013 sto-

300 1051 411 1106 lata,
450 1053 613 1096 corolla
646 1053 780 1097 florea
821 1053 982 1097 crinem
1011 1053 1236 1106 redimita,
1278 1053 1452 1096 sinistra
1486 1065 1615 1096 manu
1641 1053 1783 1109 spicas
1813 1055 2003 1110 quinque

297 1139 474 1190 gestans
503 1148 601 1179 cum
633 1136 800 1193 duobus
825 1148 1085 1191 papaverum
1113 1134 1339 1191 capitibus.
1399 1134 1450 1177 In
1474 1135 1569 1177 basi
1594 1136 1726 1179 verba
1752 1134 1858 1180 haec
1880 1143 2001 1182 suut:

295 1230 346 1261 111.
396 1230 500 1260 Ava.
547 1230 760 1260 mcoavs.
810 1213 1079 1274 sumna-vm.
1132 1227 1352 1259 smcmss.
1407 1213 1646 1271 vmsussms.
1702 1229 1770 1262 m.
1818 1230 1999 1262 atvs-r.

298 1298 800 1358 nonnsflSPEInmau.
833 1314 934 1344 cvm.
959 1295 1423 1356 Panussnmollsomuo.
1450 1311 1666 1342 nourrvs.
1689 1297 1875 1356 svnfiwv.
1907 1313 2001 1345 svo.

294 1397 338 1428 n.
364 1397 410 1428 n.
473 1384 598 1426 Conf.
629 1384 758 1426 etiam
789 1384 1014 1426 Miinnssat
1036 1382 1272 1438 Compend.
1302 1379 1585 1436 Archaeolog.
1614 1381 1682 1425 ed.
1708 1394 1796 1426 sec.
1827 1397 1872 1438 p.
1896 1385 2002 1428 626.

295 1467 439 1520 Atque
480 1464 586 1509 haec
625 1464 844 1509 hactenus.
877 1485 936 1499 —
982 1464 1235 1519 frugum,
1266 1462 1304 1507 h.
1349 1476 1389 1508 e.
1430 1477 1657 1520 pomorum
1697 1469 1744 1508 et
1784 1464 2001 1510 frumenti.

295 1549 409 1593 Nam
449 1563 576 1607 poma
611 1551 784 1606 quidem
826 1564 975 1595 versus
1020 1549 1282 1594 antecedens
1323 1548 1478 1603 habet,
1519 1548 1780 1594 frumentum
1812 1562 1916 1594 vero
1954 1554 2005 1593 ut

297 1631 504 1676 addamus
533 1646 574 1678 v.
606 1637 677 1677 15.
705 1638 854 1676 mouet
882 1637 928 1676 et
956 1644 1027 1675 res
1057 1632 1166 1688 ipsa.
1227 1630 1340 1674 Nam
1371 1642 1458 1674 non
1490 1644 1618 1688 poma
1649 1635 1695 1675 et
1723 1632 1895 1686 viuum,
1925 1632 2004 1676 sed

295 1717 567 1770 generaliore
604 1716 787 1759 formula
824 1717 973 1771 fruges
1006 1721 1051 1758 et
1082 1717 1180 1758 vina
1213 1728 1474 1772 componere
1509 1714 1683 1769 debuit',
1724 1715 2004 1770 quemadmo-

305 1797 406 1841 dum
435 1798 478 1840 in
508 1799 592 1840 fine
623 1798 708 1842 loci
746 1812 787 1842 v.
818 1801 894 1841 24.
926 1797 1055 1841 dicit:
1099 1797 1142 1839 io
1173 1812 1330 1840 messes
1362 1805 1409 1839 et
1441 1795 1556 1839 bona
1584 1797 1692 1840 vina
1721 1797 1827 1839 date
1858 1798 2019 1854 (Brod'

302 1882 400 1924 und
429 1881 603 1938 Wein).
633 1906 696 1916 —
735 1883 790 1927 V.
823 1886 895 1925 10.
939 1883 1124 1939 pleno.
1186 1882 1390 1937 Vulgaris
1422 1881 1529 1926 ordo
1559 1885 1653 1924 erat
1681 1879 1774 1924 bic:
1807 1879 2007 1940 frugum

296 1978 475 2008 acervos
520 1970 567 2008 et
608 1973 760 2007 musta
800 1967 930 2021 pleno
971 1968 1083 2010 lacu,
1159 1965 1252 2009 Sed
1293 1979 1391 2009 cum
1434 1965 1565 2009 etiam
1608 1965 1761 2021 plenus
1800 1965 1918 2009 lacus
1960 1969 2007 2010 et

295 2047 440 2090 acervi
470 2046 551 2090 sibi
583 2050 746 2103 opponi
777 2048 968 2103 possint,
996 2053 1118 2090 recte
1149 2046 1268 2090 dicas
1298 2048 1427 2090 etiam
1458 2047 1546 2090 sic:
1594 2047 1819 2102 frugum
1848 2060 2006 2092 acer-

296 2142 392 2172 vos
422 2135 478 2173 et
507 2131 681 2186 pleno
712 2132 838 2174 lacu
868 2137 1076 2186 musta,
1118 2136 1194 2174 aut
1223 2131 1446 2186 frugum
1477 2143 1720 2174 acervos
1749 2134 1806 2173 et
1836 2132 2005 2187 pleno

296 2220 475 2258 musta
506 2217 660 2269 lacu-3
691 2216 785 2258 solo
816 2215 1028 2259 adiectivo
1053 2217 1321 2272 praeposito.
1380 2215 1639 2258 Notabimus
1667 2216 1824 2271 passim
1855 2213 2007 2259 buius-

296 2297 413 2340 modi
453 2297 759 2340 collocationes
802 2298 1038 2352 elegantes.
1069 2319 1127 2329 —
1174 2296 1419 2352 pinguia
1460 2300 1659 2340 musta.
1730 2295 1908 2339 Coum.
1948 2297 2005 2341 de

295 2379 366 2423 Re
383 2381 514 2423 Rust.
535 2379 593 2433 X,
617 2382 720 2422 432.
750 2384 1022 2435 comparatus
1053 2392 1081 2422 a
1107 2378 1294 2435 Vulpio:
1325 2379 1520 2421 Fervent
1551 2385 1606 2419 ut
1636 2376 1766 2420 lacus
1793 2386 1838 2419 et
1863 2378 2005 2423 multo

299 2460 516 2518 completa
554 2459 748 2502 Falerno
792 2460 1012 2502 exsudent
1052 2458 1218 2518 pingui
1259 2458 1525 2516 spumantia
1556 2459 1677 2501 dolia
1707 2467 1868 2506 musto.
1929 2463 2006 2506 Sic

289 2546 460 2605 pingue
490 2561 655 2588 merum
688 2545 867 2588 HonA‘r.
900 2547 994 2589 Sat.
1025 2546 1083 2599 ΙΙ,
1114 2548 1157 2598 4,
1188 2548 1261 2588 65.
1292 2545 1368 2587 ubi
1394 2544 1507 2588 conf.
1544 2545 1726 2588 Buwrr..
1764 2551 1809 2590 et
1836 2544 2005 2603 pingue

291 2627 445 2671 vinum
475 2629 611 2672 Pmn.
644 2627 811 2681 XXIII,
839 2643 875 2672 s.
907 2632 982 2672 22.
1018 2632 1064 2671 et
1095 2628 1230 2671 Cssns.
1263 2628 1322 2681 ΙΙ,
1355 2632 1425 2672 18.
1462 2642 1503 2672 11.
1527 2632 1600 2683 74,
1631 2630 1705 2671 ubi
1736 2629 1796 2672 cf.
1823 2629 2003 2672 TARGA.

301 2711 548 2766 opponitur
578 2715 723 2753 autem
754 2711 798 2752 in
833 2709 914 2753 hoc
944 2724 1027 2754 usu
1055 2712 1217 2767 pingue
1247 2713 1380 2755 tenui.
1417 2732 1476 2744 —
1525 2713 1579 2757 V.
1613 2715 1667 2755 11
1699 2726 1793 2768 sqq.
1855 2713 2006 2756 Nexus

299 2793 455 2836 clarus.
526 2793 824 2847 Coniunctivi,
873 2807 981 2848 quos
1024 2795 1234 2850 vidimus,
1279 2800 1378 2838 sunt
1417 2797 1641 2852 sperantis.
1702 2797 1794 2839 Iam
1838 2798 2006 2853 pergit:

304 2874 418 2918 Nam
450 2876 547 2918 colo
577 2881 623 2919 et
653 2877 792 2919 colam
823 2878 1147 2932 religiosissime
1177 2880 1284 2923 deos
1315 2893 1464 2922 omnes
1493 2881 1692 2934 rusticos,
1721 2885 1770 2922 ut
1793 2881 1885 2923 iure
1906 2894 2005 2938 spe-

298 2969 397 3000 rare
427 2957 556 3000 liceat
586 2958 759 3001 felicem
789 2959 884 3013 agri
915 2964 1183 3014 proventum.
1217 2981 1274 2994 —
1306 2962 1556 3017 stipites
1584 2962 1627 3004 in
1657 2966 1816 3004 terram
1846 2963 2006 3006 defossi

295 3042 619 3098 lapidesque
662 3044 775 3086 sacri
819 3044 863 3087 in
906 3044 986 3087 viis
1037 3045 1241 3100 agrisque
1291 3046 1458 3089 Italicis
1500 3047 1831 3102 reperiebantur
1869 3047 2007 3100 multi,

300 3128 482 3172 deorum
521 3129 758 3183 agrestium
789 3129 914 3183 signa
943 3129 1091 3184 rudia,
1132 3131 1266 3173 veluti
1297 3131 1494 3174 Ovmms
1525 3131 1631 3174 dicit
1657 3131 1774 3174 Fast.
1805 3132 1863 3185 Π,
1891 3134 1976 3175 461
1994 3148 2007 3174 =

302 3209 525 3258 Termine,
557 3209 651 3254 sive
681 3211 822 3267 lapis,
853 3210 946 3254 sive
981 3228 1029 3255 es·
1062 3212 1271 3272 defossus
1302 3213 1350 3257 in
1378 3214 1502 3273 agris
1529 3214 1697 3270 stipes,
1728 3228 1836 3270 quos
1867 3227 2006 3271 popu-

300 3293 370 3335 lus
399 3294 585 3348 agrestis
616 3293 856 3338 honorabat
888 3297 1077 3350 corollis,
1106 3298 1266 3352 infulis,
1295 3302 1516 3354 unguento
1547 3298 1754 3353 delibuto,
1785 3299 1839 3342 cf.
1872 3299 2006 3342 Har-

299 3387 369 3418 Nn
402 3378 736 3422 annotationem.
755 3402 811 3412 --
847 3379 1142 3436 desertus,
1173 3383 1404 3437 solitariuS‚
1436 3383 1478 3426 in
1507 3381 1766 3438 infrequenti
1798 3383 1893 3426 loco
1926 3395 2005 3438 po-

2136 524 2158 550 <a

2133 634 2158 701 ξε

2131 707 2154 729 ⁹!ss

2131 749 2152 777 0-
