2158 3750
305 302 331 341 :5
342 298 367 341 3
378 299 406 343 4
701 288 1172 341 COMMENTAR.
1209 291 1286 342 IN
1324 292 1613 344 TIBULLI

306 450 488 479 memus
535 434 701 476 confert
744 435 985 478 Pnovnn'r.
1029 436 1106 490 IV,
1154 440 1224 491 ll,
1268 441 1340 481 36.
1387 438 1462 481 ubi
1507 439 1712 482 VULPms
1757 438 2006 486 Callimach.

306 522 457 575 Epigr.
492 521 564 560 42.
610 517 771 559 laudat.
836 518 959 560 Adde
1003 519 1228 563 Ammvov.
1261 522 1316 564 ad
1351 523 1448 566 Liv.
1488 526 1546 565 89
1577 536 1670 577 sqq.
1695 546 1754 553 —
1797 524 1853 568 V.
1885 528 1913 566 9
1944 539 2014 580 sq.-

303 603 460 644 Tunc
504 611 635 641 cum.
706 599 917 669 *Observa
947 602 1084 651 {tunc
1131 603 1415 655 praemissum
1467 604 1522 646 ad
1570 606 1777 648 maiorem
1822 606 1908 649 vim
1963 608 2008 650 in

305 683 518 740 principio
562 694 726 723 versus.
790 681 866 723 Sic
903 695 975 736 ap.
1015 682 1218 725 Pmmn.
1261 684 1332 727 Ol.
1369 685 1445 738 VI,
1478 689 1565 728 75:
1610 696 1706 733 τοῖς
1745 681 1830 737 οἷς,
1875 687 2005 742 Pyth.
2080 667 2093 680 ⁰

301 766 422 818 VIII,
462 769 550 807 39:
600 760 676 804 τὸν
719 756 859 820 ὅνπερ.
905 785 961 794 -
1025 763 1334 808 defunctus
1385 771 1673 822 tempore,
1732 773 1781 811 ut
1824 769 2008 814 HoRA‘r.

301 850 443 906 Epist.
475 848 533 903 ΙΙ,
567 851 608 901 1,
639 850 726 889 21:
770 845 954 905 suisque
986 846 1259 903 temporibus
1292 847 1540 906 defuncta,
1587 853 1633 892 et
1667 851 1804 894 Vuae.
1843 851 2009 906 Georg.

301 935 378 988 lv,
408 936 522 977 475:
569 931 877 989 defunctaque
919 946 1102 987 corpora
1146 931 1272 980 vita,
1319 932 1595 977 laudantibus
1627 935 2009 980 Wmvnssnmcmo

302 1020 348 1059 et
380 1016 638 1058 Huscmclo.
700 1016 842 1058 Porro
874 1028 1199 1071 permenso,
1231 1015 1348 1070 quod
1379 1017 1423 1059 in
1455 1018 1630 1074 optimis
1662 1023 1743 1072 est,
1772 1020 2011 1075 probarunt

301 1101 387 1145 iam
419 1101 521 1143 olim
553 1100 810 1152 Minimus,
851 1099 1169 1152 PULMANNUS‚
1213 1101 1470 1142 Scamessn.
1533 1100 1616 1143 Est
1643 1103 1815 1157 passive
1847 1102 2009 1146 dictum

302 1188 353 1226 ut
382 1185 604 1226 APPULEI.
637 1181 743 1223 Met.
777 1180 896 1225 VIII.
938 1195 980 1236 p.
1014 1183 1130 1223 209:
1179 1180 1420 1240 aliquanto
1449 1180 1550 1225 viae
1586 1197 1816 1238 permenso
1845 1185 2012 1241 spatio,

306 1265 608 1317 Huscmcms,
662 1263 738 1317 qui
787 1266 909 1305 recte
953 1261 1143 1318 explosit
1180 1275 1473 1318 praemensae
1518 1264 1748 1320 probatum
1793 1266 2014 1310 Bnoucx-

307 1362 458 1401 Hosto,
498 1348 705 1401 Hermo,
743 1347 925 1400 Vossm,
956 1347 1052 1402 ipse
1081 1351 1226 1388 tamen
1258 1347 1371 1389 male
1395 1361 1660 1402 permensae
1690 1349 1916 1404 amplexus
1947 1354 2014 1392 est
2096 1344 2105 1375 ἶ

304 1438 513 1487 sequente
542 1434 829 1484 Gonnssn103
874 1430 1034 1474 dicitur
1061 1444 1147 1474 non
1178 1430 1316 1473 bene:
1349 1431 1573 1487 permetiri
1603 1432 1773 1484 lucem,
1806 1431 1909 1473 licet
1938 1431 2013 1474 lux

306 1531 383 1572 pro
416 1518 503 1559 vita
534 1518 603 1559 sit.
639 1539 699 1548 -—
746 1513 958 1559 Nudus,
1021 1514 1098 1557 Sic
1133 1515 1248 1569 quod
1280 1520 1535 1572 comparant
1579 1517 1819 1559 Pnomwr.
1857 1516 1936 1570 111,
1966 1519 2012 1571 5,
2057 1532 2095 1538 ·’
2131 1494 2142 1522 ”

306 1605 387 1644 14:
432 1600 582 1642 nudus
614 1597 670 1639 ab
701 1597 911 1656 inferna,
941 1597 1110 1646 stulte,
1142 1598 1298 1641 vehere
1329 1606 1454 1646 rate,
1486 1599 1559 1641 ubi
1591 1599 1888 1642 BURMANNUS
1920 1599 2015 1640 lau·
2150 1596 2151 1601 ¹

307 1683 382 1726 dat
405 1685 503 1726 Sln.
525 1682 594 1724 lv.
622 1684 676 1735 V,
696 1686 812 1724 267:
846 1680 971 1722 modo
1003 1695 1131 1738 quem
1158 1683 1362 1723 Fortuna
1379 1680 1582 1739 fovendo
1606 1679 1838 1739 Congestis
1859 1678 2014 1737 opibus

307 1764 520 1822 donisque
548 1762 732 1821 refersit
757 1761 926 1819 opimis,
958 1762 1144 1803 Nudam
1175 1764 1401 1804 Tartarea
1421 1761 1628 1819 portabit
1653 1762 1816 1806 navita
1843 1760 2012 1820 cymba}
2102 1750 2122 1765 '¹

306 1848 407 1890 Hoc
450 1849 547 1889 loco
590 1850 720 1902 poeta
762 1846 907 1902 posuit
953 1844 1177 1901 epitheton
1222 1850 1403 1902 propter
1445 1850 1711 1888 contemtum
1755 1845 2014 1899 divitiarum,
2062 1830 2068 1839 ’

309 1931 364 1972 de
397 1944 482 1984 quo
515 1930 627 1973 dixit
657 1934 702 1972 et
729 1929 876 1971 statim
908 1928 1066 1970 iterum
1097 1927 1227 1970 dicet.
1253 1950 1306 1961 —
1357 1925 1617 1970 Lethaea
1646 1931 1794 1980 rate,
1825 1931 1876 1969 ut
1906 1925 2016 1969 infra
2099 1902 2127 1988 fb*

305 2017 348 2065 5,
377 2017 450 2055 24.
484 2014 648 2056 Bassus
676 2012 890 2067 Ληθαίην
918 2007 1080 2053 ἄκατον
1111 2011 1230 2066 dicit,
1261 2025 1391 2067 quem
1422 2011 1594 2055 confert
1622 2011 1847 2055 Mnmcms
1877 2023 2017 2064 mem,
2096 2032 2099 2033 ν

309 2095 484 2138 Anthol.
517 2096 658 2138 Palat.
693 2095 772 2148 IX,
799 2099 903 2138 279.
935 2118 995 2127 —
1039 2096 1270 2139 Postremo
1313 2096 1368 2138 ad
1401 2097 1535 2138 totius
1575 2094 1662 2138 loci
1692 2095 1877 2151 perlecti
1909 2107 2018 2138 con-

308 2177 592 2220 structionem
633 2176 833 2220 attende=
893 2176 996 2218 Non
1028 2183 1083 2217 ut
1113 2200 1174 2210 --
1203 2177 1309 2219 Aut
1350 2184 1404 2218 ut
1435 2201 1496 2210 --
1525 2176 1616 2218 Sed
1649 2184 1718 2220 ut.
1780 2177 2018 2234 Comparat
2086 2155 2094 2181 Ἴ

308 2262 714 2304 ΨυΝυΕιιιιοΗιυε
750 2260 907 2301 Horat.
938 2258 1082 2314 Epod.
1117 2259 1172 2311 V,
1203 2262 1232 2301 5
1263 2271 1362 2313 sqq.
1424 2259 1475 2301 In
1511 2258 1677 2301 Tibulli
1719 2258 1872 2313 elegiis
1911 2272 2017 2302 nus·
2057 2254 2099 2286 -’
2151 2272 2153 2274 ’

307 2359 434 2400 quam
475 2350 564 2387 tam
603 2345 777 2398 longam
813 2342 1039 2399 periodum
1082 2343 1301 2396 invenias,
1347 2355 1490 2397 neque
1523 2339 1593 2385 hic
1624 2342 1867 2384 orationem
1901 2341 2014 2384 obli-

307 2441 437 2482 quam
476 2431 564 2469 tam
606 2425 681 2468 diu
716 2425 996 2469 continuavit.
1058 2425 1245 2480 Singula
1276 2423 1462 2468 disticha
1506 2424 1763 2480 Lygdamus
1798 2422 1868 2467 hic
1907 2424 2014 2467 satis
2096 2438 2098 2441 ·
2147 2419 2156 2433 ⁰

308 2515 422 2557 bene
454 2512 706 2556 elaboravit.
767 2511 964 2554 Observa
994 2522 1099 2553 vero
1128 2509 1264 2554 aliud.
1323 2509 1552 2563 Tibullus,
1584 2514 1814 2566 postquam
1847 2507 2016 2552 duobus

307 2596 503 2640 distichis
553 2595 608 2638 de
656 2594 902 2638 divitiarum
951 2599 1175 2637 contemtu
1222 2594 1386 2637 dictum
1433 2593 1552 2648 erat,
1598 2594 1730 2637 etiam
1774 2594 2016 2650 oppositam
2099 2608 2105 2630 2

308 2680 499 2734 coniugii
528 2679 780 2723 felicitatem
810 2691 894 2721 non
926 2679 1204 2734 paucioribus
1233 2677 1427 2722 distichis
1458 2679 1743 2730 illustrasset3
1777 2690 1876 2720 nam
1907 2675 2016 2721 haec
2076 2705 2094 2724 a

311 2767 380 2806 est
405 2763 582 2817 gravior
606 2774 707 2817 pars
734 2761 990 2804 sententiae.
1051 2760 1306 2816 Lygdamus
1337 2761 1484 2816 posuit
1514 2759 1686 2815 quidem
1719 2759 1806 2803 duo
1834 2757 2018 2805 disticho

309 2846 354 2888 in
389 2846 526 2887 altera
557 2848 707 2900 parte,
750 2842 989 2886 secundum
1019 2855 1124 2886 vero
1154 2844 1237 2886 soli
1268 2844 1420 2886 mortis
1449 2844 1614 2886 notioni
1643 2843 1919 2887 exornandae
1949 2842 2018 2886 in-

311 2932 520 2987 sumpsit,
565 2942 653 2984 quo
695 2942 781 2971 non
823 2940 934 2984 opus
979 2932 1088 2970 erat.
1149 2927 1322 2984 Nempe
1360 2928 1614 2971 recordatur
1642 2928 1826 2971 libenter
1866 2926 2017 2972 mortis

309 3013 380 3057 hic
410 3018 567 3071 poeta,
609 3025 746 3067 quare
785 3024 883 3054 cum
914 3010 1086 3053 videret
1121 3011 1490 3067 opportunitatem
1522 3010 1577 3054 de
1608 3023 1662 3054 ea
1689 3010 1889 3064 dicendi,
1929 3020 2016 3053 non

314 3096 621 3154 praetermisit.
682 3094 882 3137 Tibullus
913 3097 1064 3137 contra
1094 3107 1306 3149 nusquam
1337 3094 1391 3136 ad
1418 3094 1559 3137 aliena
1585 3098 1662 3136 aut
1681 3093 1849 3136 inutilia
1874 3091 2016 3134 disce-

310 3183 374 3226 dit
403 3183 549 3225 studio
580 3193 784 3237 perverso
816 3180 1047 3236 abreptus,
1094 3180 1173 3224 sed
1206 3180 1412 3223 observat
1437 3179 1598 3234 ubique
1629 3183 1862 3222 accuratae
1894 3189 2014 3220 com-

311 3264 536 3321 positionis
579 3264 714 3316 leges.
759 3285 820 3294 —
880 3263 933 3306 V.
967 3265 1022 3305 11
1067 3275 1161 3318 sqq.
1233 3261 1366 3319 quid
1425 3262 1704 3319 prodest?
1776 3258 2014 3308 Iniucunde

311 3351 443 3404 poeta
481 3345 835 3400 interrogationis
878 3344 1059 3387 formam
1105 3347 1235 3388 etiam
1280 3347 1323 3388 in
1369 3345 1652 3400 sequentibus
1701 3355 1781 3400 per
1825 3343 2014 3398 quinque

313 3429 494 3475 disticha
538 3430 783 3483 continuat,
831 3431 880 3470 ut
925 3427 1100 3470 dimidia
1144 3441 1244 3484 pars
1289 3428 1489 3472 carminis
1532 3426 1895 3481 interrogationes
1935 3421 2015 3465 ha-
