2158 3750
656 233 839 285 LlssR.
875 235 967 286 111.
1039 233 1242 286 ELEG.
1277 234 1374 286 VI.
1750 239 1852 283 377

149 382 334 434 augusta
366 378 544 423 deorum
575 381 752 434 cogitat.
826 380 1032 424 Ceterum
1072 393 1099 424 a
1135 379 1300 424 Tibulli
1343 378 1537 423 oratione
1577 378 1701 421 abest
1741 376 1848 422 haec

151 463 447 517 pronominum
479 463 738 505 coniunctio.
770 485 830 494 --
870 462 1148 505 Cadmeae
1178 463 1379 504 matris
1411 461 1623 518 praeda
1655 474 1853 503 cruen-

148 547 204 584 ta
245 544 442 599 docet,
491 544 531 588 h.
564 559 603 589 e.
642 545 864 588 Pentheus
893 559 918 588 a
949 551 1085 588 matre
1120 547 1268 600 Agave
1300 551 1344 588 et
1374 544 1560 588 Bacchis
1589 545 1850 600 discerptus,

151 630 200 666 ut
231 608 393 669 notum.
455 627 545 669 Sed
589 628 786 683 profecto
830 627 1023 682 ineptum
1066 629 1108 670 in
1151 629 1368 683 praesenti
1410 640 1459 671 re
1501 633 1587 670 tam
1621 627 1854 670 terribilem

150 721 334 763 poenam
368 709 611 762 ostendere,
642 706 764 765 quasi
796 710 869 765 qui
894 724 978 752 non
1002 710 1121 752 bibat
1151 712 1269 762 satis,
1302 711 1342 753 ei
1375 712 1518 753 statim
1549 712 1658 752 tales
1692 723 1857 766 poenae

150 791 406 834 metuendae
436 794 534 834 sint.
605 774 792 835 Omnino
831 792 928 834 iure
958 805 1140 845 quaeras
1171 804 1375 845 quorsum
1407 796 1495 834 tam
1536 792 1679 833 multis
1716 791 1859 834 verbis

153 875 406 919 exhortetur
435 878 597 920 amicos
627 877 683 918 ad
714 864 970 927 bibendum,
1005 876 1080 928 qui
1110 875 1165 918 de
1197 888 1244 917 se
1277 880 1322 917 et
1353 876 1408 917 de
1441 877 1530 916 suis
1559 876 1756 917 sensibus
1787 874 1855 916 hic

150 974 281 1014 agere
313 961 482 1003 debeat.
543 960 745 1013 Langu'et
775 959 1003 1002 manifesto
1036 963 1153 1002 totus
1190 960 1325 1001 locus.
1355 980 1412 989 —
1444 959 1498 1000 V.
1525 962 1583 999 25
1618 972 1681 1011 sq.
1728 957 1857 998 illa-

151 1056 279 1096 que,
321 1043 368 1084 si
401 1054 506 1097 qna
537 1047 743 1085 estete.
792 1042 978 1085 Nexum
1011 1056 1107 1086 cum
1140 1042 1211 1083 alii
1244 1041 1485 1083 indicarunt
1516 1044 1607 1081 tum
1642 1039 1853 1081 Vossms:

150 1125 211 1168 Et
242 1127 278 1168 si
308 1126 415 1169 deus
446 1139 531 1168 non
561 1127 645 1168 rite
677 1140 699 1167 a
734 1127 860 1169 nobis
891 1128 1050 1169 colitur
1080 1127 1294 1178 bibendo,
1344 1126 1381 1167 si
1412 1124 1598 1167 laeditur
1627 1123 1757 1165 nimia
1789 1135 1861 1164 se-

150 1210 336 1252 veritate
359 1215 519 1262 nostra,
549 1210 624 1251 illa
655 1209 996 1265 potiusperfida
1029 1223 1189 1265 poenas
1221 1209 1290 1250 dei
1321 1209 1426 1260 luat,
1459 1219 1570 1261 quae
1599 1218 1727 1247 causa
1758 1203 1859 1246 milii

151 1292 367 1336 tristitiae.
427 1290 564 1334 Redit
593 1291 728 1346 igitur
756 1304 895 1344 nunc,
941 1296 991 1334 ut
1020 1291 1167 1344 vides,
1210 1292 1275 1333 ira
1319 1296 1363 1333 et
1395 1290 1520 1332 dolor
1549 1289 1606 1332 ob
1638 1288 1860 1344 perfidiam

150 1375 349 1430 puellae,
392 1374 725 1430 quem-“pellere
771 1373 944 1416 volebat
985 1374 1096 1416 vino.
1159 1373 1326 1416 Tamen
1370 1373 1484 1415 iusto
1528 1372 1702 1414 brevius
1733 1371 1856 1423 dixit,

151 1468 249 1498 nam
281 1456 354 1498 vix
380 1450 637 1509 intelligitur
663 1454 766 1509 quid
797 1455 914 1496 velit.
977 1454 1044 1496 Ad
1076 1454 1232 1496 verba:
1274 1454 1314 1495 si
1345 1463 1438 1511 qua
1470 1461 1565 1499 est,
1609 1454 1859 1496 vammus

151 1540 327 1594 supplet
355 1540 445 1581 ira
485 1538 575 1581 dei
614 1550 669 1580 ex
700 1538 1006 1592 sequentibus,
1051 1538 1166 1591 quod
1199 1538 1351 1592 probo.
1417 1537 1684 1578 Huscmcms
1717 1539 1864 1576 trans-

152 1621 293 1676 posita
334 1620 439 1663 velit
476 1620 608 1662 verba
649 1619 734 1662 sic:
781 1618 1029 1678 iraque—
1057 1618 1142 1660 illa
1174 1617 1256 1661 dei.
1318 1618 1408 1660 Sed
1453 1627 1571 1660 recte
1615 1619 1863 1673 praeposuit

154 1711 283 1761 poeta
323 1703 406 1748 illa
449 1709 630 1760 propter
670 1703 999 1760 oppositionem.
1061 1703 1292 1744 Postremo
1336 1702 1391 1744 de
1439 1703 1698 1744 traiectione
1743 1703 1866 1744 verbi

156 1790 404 1841 sentiat,
452 1789 584 1844 positi
615 1790 659 1830 in
691 1801 745 1830 eo
781 1792 1021 1839 commate,
1065 1786 1135 1828 eui
1170 1786 1239 1828 vel
1272 1785 1632 1841 praemittendum
1675 1789 1766 1827 erat
1796 1786 1864 1826 vel

156 1871 530 1927 postponendum,
561 1871 661 1914 vide
690 1870 746 1913 ad
775 1871 811 1924 I,
842 1874 885 1924 9,
917 1873 991 1912 25.
1051 1869 1118 1911 Ita
1147 1870 1318 1923 singula
1350 1870 1563 1910 illustrata
1594 1869 1739 1920 vides;
1781 1870 1862 1911 toti

157 1956 337 2012 periodo
374 1957 491 1998 nulla
532 1956 682 1999 similis
723 1955 838 2011 apud
872 1954 1121 2006 Tibullum,
1168 1954 1243 2007 qui
1274 1953 1625 2008 perspicuitatem
1659 1952 1863 1993 maiorem

155 2045 285 2084 amat.
307 2064 367 2072 -
397 2040 451 2084 V.
479 2042 539 2082 27
569 2052 664 2094 sqq.
726 2038 876 2084 Quid
906 2050 1111 2095 precor
1140 2034 1207 2079 ah
1238 2035 1488 2078 demens!
1553 2034 1663 2078 Vide
1695 2039 1742 2075 ut
1773 2039 1864 2075 sta-

156 2123 232 2165 tim
264 2135 312 2165 se
342 2126 541 2175 revocet,
589 2126 817 2177 postquam
860 2121 931 2162 vix
977 2118 1175 2175 prodidit
1220 2119 1341 2160 iram.
1402 2118 1518 2160 Infra
1559 2131 1600 2160 v.
1632 2119 1706 2159 33.
1751 2122 1869 2159 certe

157 2203 244 2246 duo
274 2202 456 2247 disticha
482 2203 679 2260 implevit
707 2203 899 2258 querela.
931 2225 991 2233 —-
1033 2202 1231 2244 aeriae
1265 2201 1473 2254 nubes,
1503 2205 1553 2242 ut
1582 2201 1764 2243 sublime
1797 2200 1866 2242 fe-

158 2295 309 2331 rantur
338 2288 382 2330 in
412 2300 575 2330 aerem.
636 2287 884 2330 Cuomms
916 2284 1125 2338 xxvul,
1158 2288 1241 2327 1οε
1296 2285 1462 2326 Ventos
1490 2282 1629 2324 irrita
1649 2283 1781 2340 ferre
1813 2298 1867 2323 oc

158 2367 345 2411 nebulas
386 2368 539 2412 aerias
581 2367 707 2411 sinis.
783 2369 924 2411 Porro
964 2358 1362 2422 circumscriptione
1410 2365 1744 2420 diripienda
1788 2365 1866 2407 fe-

161 2459 292 2497 rant
321 2454 447 2497 simul
479 2453 771 2508 significatur,
801 2457 851 2495 ut
882 2453 1287 2495 Wmsmmmcnms
1320 2453 1404 2503 ait,
1445 2450 1575 2504 digna
1607 2463 1728 2502 esse,
1759 2464 1871 2504 quae

161 2536 431 2591 diripiantur.
458 2559 519 2567 —
553 2547 711 2588 cura,
742 2546 888 2587 amor,
918 2533 998 2587 111,
1033 2537 1073 2587 1,
1105 2537 1176 2577 19.
1209 2555 1265 2565 ——
1309 2533 1421 2575 Mox
1452 2546 1693 2576 securae
1725 2546 1871 2575 men-

161 2630 280 2670 sae,
312 2616 386 2659 ubi
417 2621 547 2659 curae
577 2616 746 2659 absunt.
807 2615 950 2658 Porro
991 2614 1292 2658 reddamus
1333 2620 1587 2671 tempora
1627 2629 1873 2669 mensae,

159 2702 389 2745 redeamus
419 2700 474 2743 ad
506 2700 593 2743 vini
624 2699 797 2755 gaudia.
860 2699 1015 2754 Neque
1048 2700 1162 2742 enim
1193 2698 1373 2740 reddere
1407 2705 1473 2741 est
1513 2713 1576 2755 pr.
1610 2698 1719 2740 dare
1750 2699 1869 2754 posi-

162 2790 283 2839 tum,
336 2790 387 2828 ut
429 2784 603 2839 quidam
646 2784 812 2826 volunt.
859 2804 915 2813 —
977 2787 1111 2838 post
1160 2782 1371 2824 multos
1415 2782 1506 2823 scil.
1554 2794 1639 2823 non
1683 2793 1876 2823 serenos.

163 2868 455 2923 Bracliylogia
498 2868 810 2925 propemodum
854 2869 1113 2910 necessaria.
1174 2868 1250 2911 Pr.
1283 2866 1447 2908 multos
1490 2867 1677 2910 Vossms
1706 2867 1873 2922 recepit

164 2953 335 2995 multas
367 2959 412 2996 et
444 2953 677 3006 BAcmus,
708 2965 806 2995 cum
837 2951 1068 3005 Mmum,
1097 2952 1415 3011 Psssmumo,
1447 2952 1567 3004 aliis3
1611 2950 1686 2992 sed
1719 2952 1875 3007 plurali

164 3051 344 3081 numero
375 3050 414 3080 v.
449 3036 542 3078 dies
573 3012 795 3079 masculini
827 3036 1000 3090 generis
1031 3039 1110 3078 est.
1147 3059 1198 3067 -
1231 3036 1286 3078 V.
1314 3038 1372 3078 33
1406 3049 1501 3088 sqq.
1564 3034 1680 3076 Hinc
1715 3046 1868 3076 novum

166 3135 338 3165 carmen
383 3119 513 3163 ordiri
556 3119 729 3163 codices
771 3123 817 3161 et
858 3118 1070 3162 editiones
1111 3123 1211 3161 ante
1245 3118 1488 3160 Munu'rulu
1519 3119 1563 3159 in
1594 3117 1873 3159 annotatione

166 3209 315 3250 critica
357 3206 650 3249 indicavimus.
713 3205 856 3250 Quem
889 3208 1049 3246 statum
1092 3216 1178 3245 non
1212 3202 1402 3245 debebat
1446 3215 1652 3244 revocare
1683 3202 1872 3243 Gonnu-

170 3302 316 3342 RYUS,
359 3289 434 3332 sed
469 3288 649 3343 obsequi
681 3287 914 3340 Munna-o,
955 3288 1224 3331 Scamnum
1258 3287 1502 3340 ceterisque
1533 3284 1873 3338 intelligentibus

170 3372 298 3424 viris,
344 3371 418 3426 qui
452 3372 651 3414 viderunt
685 3370 810 3412 unius
853 3370 1051 3412 carminis
1082 3383 1178 3413 esse
1210 3369 1314 3413 haec
1347 3373 1389 3411 et
1421 3368 1733 3411 antecedentia.
1796 3367 1875 3409 At-
