2086 3756
193 207 385 239 cmcvut
857 188 952 238 DE
993 185 1192 242 POESI

200 328 515 393 quaerebam
545 344 718 378 moras
755 336 805 376 et
841 326 1101 391 ingressus
1138 325 1209 377 id.
1277 328 1394 378 Hoc
1432 330 1650 379 alterum
1685 320 1893 380 senten-

197 422 298 471 tiae
328 423 648 486 membrum,
686 418 827 488 quod
860 420 1162 487 simpliciter
1188 440 1242 488 p.
1283 423 1437 490 Saepe
1464 426 1605 473 etiam
1631 422 1894 474 introduci

196 525 417 581 poterat,
452 534 592 566 nunc
619 531 736 564 cum
765 514 1137 566 exclamatione
1160 514 1387 567 infertur
1409 518 1701 568 nervosius.
1746 516 1895 568 Adde

197 610 276 672 ΙΙ,
316 614 376 673 3,
418 614 498 660 17.
583 609 713 658 Aliis
747 607 806 658 in
839 609 969 660 locis
1013 626 1155 661 nova
1193 627 1315 677 pars
1350 628 1531 661 rerum
1571 626 1688 663 cum
1726 612 1898 662 excla-

196 704 424 753 matione
470 702 725 767 infertur,
786 713 846 754 ut
889 704 943 768 Ι,
984 709 1044 767 9,
1081 706 1168 756 41.
1228 707 1306 769 ΙΙ,
1345 706 1408 768 4,
1451 712 1538 756 27.
1572 686 1671 745 -“
1725 706 1896 755 Porro

198 799 362 849 affero
397 797 537 848 inter
575 798 878 850 variationis
917 801 1132 851 artificia
1163 805 1411 852 transitum
1445 802 1509 852 ab
1547 805 1901 866 iraterrogatione

198 894 268 944 ad
302 896 449 944 aliam
471 893 721 960 formam,
764 905 825 946 ut
861 896 914 961 1,
952 902 1012 960 8,
1052 902 1080 946 9
1119 913 1262 965 sqq.:

2080 669 2086 702 4

343 985 487 1051 Quid
519 989 617 1040 tibi
651 1007 792 1040 nunc
827 991 1011 1041 molles
1045 990 1261 1058 prodest
1298 992 1516 1043 coluisse
1554 990 1767 1057 capillos

409 1082 682 1152 Saepeque
719 1095 941 1136 mutatas
982 1083 1297 1152 disposuisse
1339 1080 1550 1137 comas?

342 1174 486 1239 Quid
522 1194 674 1229 succo
708 1176 1012 1243 splendente
1048 1195 1204 1243 genas
1235 1195 1452 1241 ornare,
1501 1175 1632 1246 quid
1669 1194 1867 1243 ungues

411 1271 637 1322 Artificis
675 1269 825 1323 docta
861 1273 1184 1323 subsecuisse
1227 1269 1430 1323 manu?

348 1363 566 1415 Frustra
600 1366 703 1416 iam
741 1376 938 1432 vesteS,
989 1367 1183 1417 frustra
1218 1375 1490 1417 mutantur
1523 1366 1738 1417 amictus
1776 1374 1871 1416 cet.

205 1475 335 1526 pro:
390 1457 532 1522 Quid
574 1460 790 1528 prodest
823 1471 990 1514 vestes
1028 1471 1079 1512 et
1115 1462 1330 1513 amictus
1367 1458 1612 1512 mutare?
1646 1488 1720 1498 —
1788 1461 1908 1511 Alia

206 1554 380 1603 forma
405 1555 709 1606 variationis
739 1566 816 1606 est
839 1565 1099 1624 temporum
1133 1561 1352 1620 mutatio,
1388 1567 1445 1606 ut
1473 1557 1530 1606 in
1559 1553 1907 1623 descriptione

205 1652 346 1718 pacis
393 1652 445 1716 I,
484 1655 579 1717 10,
618 1653 685 1702 45
724 1668 840 1720 sqq.
883 1654 1114 1719 primum
1160 1655 1467 1720 praeterita,
1521 1652 1709 1704 deinde
1755 1670 1909 1719 prae-

207 1745 375 1794 sentia
408 1743 582 1806 vides,
628 1755 679 1795 et
713 1746 787 1809 ΙΙ,
829 1750 886 1809 1,
924 1751 990 1795 39
1021 1763 1138 1814 sqq.
1172 1751 1239 1796 59
1266 1763 1382 1815 sqq.
1421 1752 1486 1798 73
1513 1763 1628 1816 sqq.
1662 1747 1719 1796 in
1753 1746 1909 1797 laude

207 1842 371 1903 ruris,
425 1849 477 1889 et
518 1839 568 1903 Ι,
605 1845 654 1902 7,
694 1843 758 1890 19
790 1855 905 1908 sqq.
940 1840 996 1890 in
1031 1838 1187 1891 laude
1226 1838 1464 1893 Osiridis.
1534 1842 1706 1893 Aliam
1741 1852 1912 1893 muta-

210 1935 406 1984 tionem
439 1942 738 2000 temporum
772 1934 1010 1986 invenies
1046 1933 1096 1998 Ι,
1133 1941 1189 2000 3,
1227 1941 1294 1986 37
1323 1953 1439 2004 sqq.
1510 1934 1703 1987 Modos
1739 1946 1912 1987 autem

210 2028 438 2080 variatos
471 2028 523 2091 Ι,
559 2032 617 2092 1,
658 2031 721 2077 11
756 2044 872 2096 sqq.
899 2054 972 2065 —
1041 2023 1198 2082 Por-ro
1234 2030 1326 2081 ubi
1363 2030 1580 2099 obliqua
1615 2030 1783 2082 oratio
1820 2032 1914 2081 ha-

212 2123 395 2184 betur,
446 2122 701 2172 transitur
742 2121 920 2172 eadem
960 2121 1024 2174 de
1064 2118 1220 2175 causa
1263 2141 1391 2175 mox
1427 2123 1495 2175 ad
1530 2123 1806 2190 directam,
1859 2135 1916 2175 ut

212 2215 265 2279 Ι,
302 2220 364 2280 2,
406 2220 470 2266 91
509 2231 659 2284 sqq.:
2068 2216 2075 2274 ὲ

356 2310 482 2362 Vidi
523 2328 646 2377 ego,
698 2312 791 2379 qui
829 2312 1082 2364 iuvenum
1117 2312 1333 2363 miseros
1368 2311 1574 2364 lusisset
1610 2329 1844 2380 amores,

429 2408 557 2457 Post
587 2406 813 2457 Veneris
849 2405 1033 2460 vinclis
1054 2396 1293 2458 'subdere
1332 2407 1464 2458 colla
1498 2424 1706 2475 senem,

359 2503 426 2555 Et
461 2502 563 2555 sibi
599 2501 877 2555 blanditias
912 2505 1134 2554 tremula
1170 2521 1486 2570 componere
1521 2522 1680 2570 voce,

428 2599 497 2648 Et
532 2596 775 2648 manibus
811 2611 964 2647 canas
997 2596 1192 2663 fingere
1229 2599 1362 2650 velle
1400 2614 1602 2651 comas:

336 2691 511 2742 Stare
547 2708 644 2742 nec
681 2701 800 2741 ante
837 2692 979 2741 fores
1014 2689 1208 2758 puduit
1243 2701 1336 2742 cet.

221 2787 470 2838 Similiter
519 2787 573 2851 Ι,
612 2791 673 2850 8,
711 2789 779 2836 57
817 2801 930 2853 sqq.
964 2813 1037 2823 —
1121 2787 1364 2836 Postremo
1417 2783 1549 2836 adde
1602 2782 1747 2854 quod
1795 2802 1922 2836 nus-

221 2899 378 2951 quam
421 2880 681 2946 longiores
725 2878 974 2947 periodos
1017 2880 1177 2931 habet
1211 2880 1471 2932 Tibullus.
1543 2877 1807 2943 Quattuor
1842 2878 1923 2929 di·
2082 2883 2086 2933 i

221 2980 385 3029 sticha
423 2977 598 3027 iunxit
641 2977 699 3026 in
736 2975 1066 3043 oppositione
1110 2977 1161 3041 Ι,
1196 2981 1257 3040 2,
1297 2982 1382 3028 67.
1419 2985 1468 3027 et
1507 2986 1731 3044 possunt
1768 2976 1922 3027 etiam

221 3076 375 3140 plura
423 3073 658 3123 membra
704 3071 776 3121 sic
829 3069 990 3123 dividi
1041 3081 1091 3120 et
1147 3070 1353 3139 disponi
1404 3089 1502 3139 per
1552 3070 1796 3135 disticha,
1863 3081 1924 3122 ut

223 3168 411 3217 habeat
479 3164 894 3234 unumquodque
956 3165 1063 3218 vim
1126 3166 1502 3229 necessariam,
1581 3148 1922 3217 nihilominus

226 3260 409 3311 Albius
445 3277 551 3311 non
593 3260 885 3326 composuit
921 3262 1046 3311 tales
1083 3259 1351 3327 periodos,
1396 3261 1561 3329 qualis
1598 3261 1726 3310 haec
1762 3260 1812 3324 I,
1843 3264 1922 3323 11,
