2158 3750
322 249 427 295 202
725 241 1195 298 COMMENTAR.
1230 240 1306 294 IN
1344 240 1629 296 TIBULLI

324 405 504 434 sacrum
543 383 737 429 vetustis
778 390 990 427 exstruat
1021 381 1158 442 lignis
1190 381 1352 442 focum
1388 382 1501 426 lassi
1530 382 1615 428 sub
1651 385 1892 431 adventum
1923 386 2026 440 virt,

320 473 521 517 laudante
552 468 746 512 Hermo
776 479 875 510 cum
905 467 1106 512 Vnnrlo..
1160 465 1295 510 Addit
1315 465 1582 511 Huscnxms
1604 467 1784 512 Homer.
1807 469 2024 524 ILXXIL

320 559 423 600 442.
464 575 523 585 —-
586 551 642 596 V.
679 553 753 594 43.
813 549 912 592 Sic
954 561 1061 604 ego
1103 548 1218 595 sim.
1287 549 1423 594 Vides
1466 551 1634 596 Deliam
1673 566 1700 595 a
1742 557 1875 609 poeta
1915 567 2024 598 non-

320 640 420 682 dum
450 637 599 679 visam.
660 634 794 690 Cupit
834 632 973 676 redux
1016 645 1042 676 e
1082 633 1199 678 bello
1244 646 1427 677 uxorem
1467 634 1655 690 ducere,
1699 648 1798 679 cum
1842 648 1894 679 ea
1937 639 2027 682 rui

321 723 465 764 vivere
497 723 542 763 et
589 719 710 775 prole
750 722 900 774 parata
943 730 1258 762 consenescere
1298 718 1498 762 feliciter.
1527 743 1589 752 —
1636 720 1816 763 liceat
1854 731 1956 775 cap
1969 726 2026 763 ut

318 802 671 847 candescere
712 802 899 854 caniS,
961 800 1092 844 liceat
1132 802 1362 858 pervenire
1405 802 1462 845 ad
1506 807 1790 847 senectutem.
1827 841 1830 844 Δ
1863 804 2027 847 Similis

318 887 482 931 locutio
512 891 579 931 est
606 887 844 930 Pnommw.
873 885 933 938 11,
967 888 1039 940 18,
1067 889 1123 928 5:
1167 885 1291 928 canis
1323 889 1580 930 candescere
1611 886 1756 934 annis.
1789 910 1849 919 ——-
1891 887 2027 931 Deui-

317 984 403 1027 que
433 971 490 1015 ad
518 984 561 1015 v.
593 973 667 1014 44.
697 970 847 1014 confer
874 969 990 1013 dicta
1018 969 1073 1012 ad
1104 970 1184 1024 111,
1212 974 1259 1025 5,
1286 974 1364 1014 26.

437 1057 492 1100 V.
522 1055 686 1099 45-ad
715 1057 858 1098 finem.
918 1055 1140 1100 Exitus.
1200 1056 1352 1099 Laus
1393 1056 1574 1100 Pacis.

435 1138 647 1182 Conferre
675 1138 837 1180 iuvabit
861 1137 1169 1191 Fragmentum
1195 1138 1400 1180 eximium
1423 1139 1745 1181 BaoonYmms
1773 1150 1829 1181 ex
1862 1148 2026 1194 paeane

315 1237 388 1279 ap.
415 1222 540 1266 Stob.
563 1221 663 1264 vide
684 1220 898 1263 Bntmcx.
921 1221 1113 1264 Analect.
1135 1219 1191 1262 Τ.
1211 1219 1248 1273 Ι,
1270 1234 1314 1276 p.
1336 1223 1436 1263 150.
1468 1220 1609 1263 Nnvu
1623 1220 1804 1274 Fragm.
1820 1217 2026 1273 Baediyl.

315 1324 360 1365 p.
393 1310 469 1350 19.
529 1304 655 1349 Adde
696 1309 924 1361 praeterea
965 1306 1103 1348 Ovm.
1141 1304 1260 1348 Fast.
1292 1304 1328 1358 Ι,
1357 1307 1447 1349 697
1477 1310 1572 1360 sqq.
1596 1304 1681 1358 IV,
1700 1306 1816 1348 407.
1844 1306 2027 1351 fflScbt

314 1393 406 1433 726
435 1403 531 1446 sqq.
588 1388 791 1431 Tibullus
823 1401 936 1442 quae
964 1386 1093 1442 dicit,
1135 1385 1258 1430 huius
1290 1387 1492 1430 carminis
1520 1387 1678 1430 rationi
1700 1385 2029 1431 accommodata

315 1478 419 1516 sunt
458 1473 634 1529 optime.
693 1472 933 1526 Postquam
974 1470 1107 1513 enim'
1127 1470 1171 1513 in
1197 1469 1573 1512 ‘antecedentibus
1602 1469 1832 1514 tranfierat
1855 1467 2030 1514 <unbem

312 1558 603 1601 detestatione
632 1555 688 1599 ad
715 1556 901 1599 rusticae
931 1556 1046 1598 vitae
1076 1554 1327 1598 felicitatem
1360 1552 1718 1610 praedicandam,
1747 1553 2028 1606 numnquasi

311 1652 516 1682 coronam
559 1640 784 1695 imponens
824 1637 924 1680 huic
965 1637 1267 1693 descriptioni,
1310 1637 1441 1680 Pacis
1481 1635 1608 1681 laude
1647 1634 2029 1681 carmenaeclaudit·

309 1722 407 1765 Pax
433 1727 513 1774 est,
543 1721 696 1775 inquit,
724 1721 795 1764 cui
823 1720 937 1762 vitae
963 1720 1150 1763 rusticae
1175 1719 1330 1775 copiae
1359 1724 1406 1765 et
1427 1718 1588 1774 gaudia
1607 1718 1842 1770 debentur.
1874 1717 2027 1763 „Haec

308 1805 548 1848 arationem
579 1803 728 1847 docuit
757 1810 803 1848 et
833 1805 984 1848 vitium
1014 1806 1256 1858 culturum
1295 1804 1342 1847 in
1383 1817 1492 1860 paee
1530 1803 1739 1849 festorum
1756 1801 2028 1850 sum-un

309 1891 430 1945 viget
472 1887 663 1933 hilaritas
704 1894 752 1933 et
791 1891 976 1934 Veneris
1020 1890 1134 1933 bella
1176 1889 1333 1934 calent.
1403 1890 1456 1934 In
1490 1902 1577 1945 qao
1598 1888 2022 1946 suavissimaecot'nm

306 1973 492 2017 Veneris
531 1973 647 2016 bella
688 1978 927 2027 memorat,
977 1973 1295 2028 oppositionem
1327 1974 1603 2029 praeclaram⁴
1635 1973 1821 2017 bellicis
1842 1973 2021 2029 proelii·

307 2054 530 2100 exhibens.
591 2056 731 2098 Simul
769 2060 918 2098 autem
955 2055 1057 2099 inde
1101 2057 1215 2099 viam
1251 2057 1338 2100 sibi
1382 2060 1509 2112 parat
1543 2056 1604 2099 ad
1637 2057 1809 2101 tertiam
1841 2061 1887 2100 et
1915 2058 2020 2101 ulti-

305 2151 421 2182 mam
451 2137 784 2181 detestationem
816 2137 997 2191 Martis,
1034 2148 1152 2192 *quae
1192 2150 1291 2181 cum
1336 2151 1417 2193 per
1457 2149 1608 2182 omnes
1638 2143 1803 2195 partes:
1823 2139 2024 2184 carminis

304 2223 451 2267 redire
491 2221 650 2265 debeat
690 2221 930 2265 secundum
972 2223 1116 2277 legem
1162 2223 1491 2278 compositionis
1535 2223 1841 2279 explicatam‚'
1869 2222 2023 2267 debuit

303 2317 402 2348 esse
444 2303 688 2348 huiusmodi
730 2304 835 2359 quid
876 2305 1006 2349 etiam
1037 2306 1082 2349 in
1113 2306 1250 2350 exitu.
1319 2307 1505 2351 Veneris
1539 2306 1653 2362 bella
1688 2308 1904 2363 >rixaeque
1933 2314 2022 2352 n'on

304 2400 410 2432 vere
438 2393 684 2445 repugnant
709 2389 844 2444 Paci,
872 2389 951 2434 sed
981 2391 1214 2435 iucundam
1243 2391 1526 2435 variationem
1556 2391 1747 2444 inferunt
1773 2391 2016 2448 tranquilli-

304 2471 385 2515 tati
423 2472 540 2516 vitae
569 2470 877 2527 quotidianae,
924 2477 973 2516 at
1001 2472 1168 2517 ser-ocia
1197 2473 1358 2517 Martia
1387 2479 1602 2530 repugnat
1633 2479 1680 2517 et
1709 2487 1812 2518 vere
1835 2479 2020 2520 contra·-

302 2554 368 2597 ria
411 2558 482 2598 est
522 2556 644 2599 Paci.
704 2555 833 2600 Hanc
879 2557 1017 2613 igitur
1061 2557 1253 2603 damnat.
1326 2558 1418 2602 Sed
1459 2563 1573 2602 nunc
1615 2559 1790 2615 quidem
1830 2559 2021 2604 breviter

301 2638 511 2693 loquitur,
540 2643 592 2681 ut
620 2652 700 2695 par
729 2644 811 2683 est.
873 2640 988 2683 Tum
1018 2640 1131 2684 redit
1161 2640 1220 2683 ad
1249 2641 1567 2684 invocationem
1595 2641 1725 2685 Pacis
1755 2646 1802 2686 et
1821 2641 2016 2687 'absolvit

303 2733 495 2766 carmen.
556 2721 792 2767 Videamus
822 2724 939 2766 nnnc
967 2723 1155 2778 singula.
1185 2744 1243 2754 —

427 2804 480 2848 V.
509 2807 568 2848 45
599 2818 694 2861 sqq.
754 2806 1013 2860 Interea,
1055 2807 1162 2850 dum
1191 2807 1253 2848 ita
1282 2818 1410 2861 agam
1450 2807 1583 2849 vitam
1613 2807 1835 2851 rusticam.
1894 2804 2018 2852 Male

303 2886 521 2930 Vossms=
549 2886 651 2931 dum
668 2888 826 2932 absens
843 2901 920 2930 ero
938 2888 981 2930 in
1001 2887 1131 2931 bello.
1151 2908 1212 2922 -
1235 2889 1337 2932 sub
1360 2889 1493 2944 iuga
1516 2889 1711 2946 panda.
1741 2889 2016 2935 Adiectivum

302 2968 474 3012 Ovnno
505 2970 692 3013 maxime
720 2969 765 3011 in
796 2969 963 3012 deliciis
1005 2983 1101 3013 esse
1133 2972 1323 3014 ostendit
1364 2972 1588 3016 Hnmsms
1629 2973 1684 3016 ad
1725 2974 1823 3018 Art.
1849 2975 1949 3018 Am.
1977 2975 2016 3029 1,

300 3052 405 3094 318.
467 3053 641 3099 Curva,
684 3051 802 3108 quod
836 3064 917 3108 pro
950 3065 1006 3096 eo
1035 3052 1079 3095 in
1110 3053 1206 3096 aliis
1237 3058 1334 3107 est,
1378 3067 1492 3103 nunc
1523 3069 1581 3098 ex
1612 3056 1915 3100 emendatione
1944 3057 2014 3100 vi-

299 3135 394 3179 deri
425 3142 570 3192 potest
599 3142 760 3182 natum.
823 3138 1031 3182 Ceterum
1063 3151 1149 3182 non
1180 3139 1368 3182 otiosum
1403 3145 1468 3183 est
1498 3139 1748 3196 epithetonz
1803 3141 1902 3184 Pax
1930 3140 2014 3184 do·-

297 3220 407 3262 muit
449 3219 609 3274 boves,
655 3222 742 3276 ait,
789 3222 845 3265 ad
891 3223 1144 3267 arationem.
1219 3226 1367 3280 Atque
1409 3225 1516 3269 haec
1563 3227 1778 3270 sententia
1823 3225 2013 3269 ostendit

298 3315 431 3356 porro
474 3304 602 3347 etiam
646 3310 917 3349 araturos
961 3309 1113 3350 melius
1157 3322 1256 3353 esse
1285 3323 1413 3365 quam
1446 3318 1663 3354 aratores.
1696 3331 1756 3344 --
1802 3323 2009 3353 succos

300 3384 567 3431 condidit
610 3400 779 3444 uvae,
825 3389 981 3436 docuit·
1015 3405 1228 3449 reponere
1270 3399 1318 3443 et
1356 3406 1530 3439 servare
1559 3396 1606 3438 in·
1635 3393 2008 3446 cadis.et=teatis;
