2086 3756
219 259 457 293 cxxxvnt
887 236 982 288 DE
1022 237 1224 292 POESI

218 382 381 450 addc,
429 401 495 435 ne
530 384 612 435 bis
651 390 867 434 tractem
901 379 1061 432 idem.
1143 377 1319 442 Quare
1356 380 1456 430 hoc
1494 379 1611 430 loco
1647 378 1780 429 nihil
1815 394 1912 427 no-

214 477 431 528 tandum
477 487 639 528 restat
682 476 785 526 nisi
828 476 930 525 hoc
975 491 1168 539 unum,
1225 474 1479 526 inservire
1523 470 1912 539 amplificationi

214 571 478 621 interdum
518 572 671 620 etiam
707 569 950 622 relativas
989 568 1296 633 sententias,
1345 579 1403 619 ut
1438 568 1487 631 I,
1527 571 1582 629 1,
1623 570 1719 616 15:

228 649 232 654 ’
355 666 518 716 Flava
556 662 712 714 Ceres
725 701 740 729 ,
792 664 889 715 tibi
926 664 991 716 sit
1031 675 1211 715 nostro
1254 663 1317 713 de
1354 681 1478 713 rure
1516 679 1711 713 corona

425 757 637 824 Spicea,
687 775 822 826 quae
857 757 1039 825 templi
1073 757 1301 825 pendeat
1335 768 1454 807 ante
1494 758 1662 820 fores,

212 850 306 902 ubi
338 851 412 902 ita
450 850 626 901 addita
661 863 782 903 sunt
819 854 1028 918 ultima,
1078 864 1138 902 ut
1174 851 1417 902 disertius
1453 858 1779 901 exornentur
1819 864 1913 897 au-

210 944 497 996 tecedentia
532 948 724 998 verba:
774 949 859 997 tibi
887 951 961 999 sit.
1033 945 1181 997 Adde
1217 947 1291 1010 ΙΙ,
1330 952 1388 1009 2,
1429 949 1529 996 16:

357 1035 490 1107 [Nec
528 1041 625 1093 tibi
659 1041 929 1106 malueris]
969 1039 1221 1110 quicquid
1259 1041 1497 1091 felicibus
1533 1035 1678 1087 Indis

421 1135 696 1199 Nascitur,
744 1135 844 1185 Eoi
880 1153 985 1203 qua
1021 1135 1181 1184 maris
1228 1135 1372 1185 unda
1413 1135 1583 1184 rubet.

209 1230 335 1282 Non
372 1229 716 1296 geographica
751 1229 836 1279 hic
885 1227 1083 1279 adiecta
1125 1239 1202 1278 est
1242 1227 1521 1294 explicatio
1562 1225 1764 1286 ieiune,
1822 1219 1912 1271 sed

212 1343 332 1375 cum
367 1326 540 1375 Eoum
584 1322 649 1373 ad
689 1334 863 1374 ortum
900 1323 1140 1374 Aurorae
1180 1333 1232 1374 et
1269 1322 1405 1374 Solis
1443 1338 1587 1371 mare
1623 1318 1915 1387 pulcherri-

211 1437 356 1469 mum
392 1420 680 1470 haberetur
715 1428 765 1469 et
801 1417 1166 1485 pulcherrimis
1206 1418 1366 1468 rebus
1401 1418 1646 1483 plenum,
1698 1411 1919 1478 amplifi-

213 1515 428 1565 cationis
467 1532 620 1565 causa
655 1524 800 1580 patet
842 1514 1013 1580 posita
1050 1530 1160 1563 esse
1198 1514 1361 1566 verba
1396 1512 1454 1562 in
1487 1507 1645 1560 laude
1690 1498 1918 1574 gemina-

210 1625 347 1659 rum.
418 1609 665 1676 Denique
699 1607 756 1657 in
798 1608 899 1658 hoc
935 1608 984 1672 I,
1023 1613 1079 1672 2,
1120 1614 1222 1658 77:

352 1700 495 1764 Quid
534 1701 699 1770 Tyrio
735 1704 986 1753 recubare
1023 1712 1142 1752 toro
1179 1703 1289 1751 sine
1327 1690 1504 1751 amore
1541 1696 1773 1750 secundo

420 1796 669 1858 Prodest,
721 1814 840 1846 cum
877 1798 1004 1847 fletu
1047 1814 1159 1847 nox
1193 1794 1455 1862 vigilanda
1493 1790 1676 1846 venit?
1731 1821 1734 1823 Δ

209 1891 399 1942 verba:
447 1896 545 1941 sine
581 1909 743 1941 amore
777 1893 981 1941 secundo
1020 1891 1326 1956 explicatius
1363 1888 1515 1940 reddi
1549 1887 1694 1940 vides
1734 1887 1917 1936 ultimo

209 1987 465 2037 membro·
533 1985 671 2036 Nam
707 1986 802 2035 ubi
837 1984 1196 2049 commodum,
1243 1973 1572 2051 amplificatio
1611 1980 1677 2032 ad
1713 1990 1915 2048 partem

207 2090 412 2130 tantum
444 2078 860 2129 antecedentium
890 2081 1140 2146 pertinet,
1178 2089 1237 2129 ut
1261 2080 1390 2129 haec
1423 2075 1707 2129 ostendunt
1738 2093 1915 2125 exem-

207 2177 297 2242 pla
339 2185 390 2224 et
425 2191 580 2224 nemo
620 2174 799 2224 nescit.
882 2174 1027 2224 Haec
1071 2175 1353 2239 hactenus;
1407 2174 1489 2224 his
1537 2173 1676 2223 enim
1714 2171 1916 2235 legibus

210 2267 598 2333 circumscripta
642 2277 718 2316 est
759 2269 976 2318 omnino
1012 2286 1096 2318 res
1139 2267 1281 2334 apud
1315 2268 1616 2330 Tibullum,
1668 2263 1916 2331 simplicis

211 2380 272 2411 ea
317 2363 402 2411 hic
451 2362 653 2412 formae
703 2371 753 2411 et
802 2379 958 2428 parce
1006 2372 1285 2428 usurpata,
1341 2379 1438 2412 nec
1486 2360 1618 2411 tanti
1663 2343 1918 2410 momenti

209 2456 396 2523 quanti
431 2453 572 2521 apud
606 2456 970 2522 Propertium,
1018 2455 1082 2506 de
1124 2473 1230 2524 quo
1267 2474 1410 2507 nunc
1451 2456 1674 2508 verbum
1710 2450 1917 2505 addam.

207 2551 424 2600 Tibullo
466 2568 584 2601 cum
623 2567 850 2603 nervosa
887 2551 1186 2616 simplicitas
1226 2561 1276 2600 et
1311 2551 1461 2615 vigor
1495 2567 1769 2617 nunquam
1805 2566 1915 2599 non

208 2645 427 2695 firmiter
461 2642 706 2695 incedens
738 2645 985 2710 proprius
1014 2656 1167 2707 esset,
1205 2647 1519 2711 placuerunt
1545 2644 1594 2695 ei
1621 2645 1914 2695 necessario

209 2738 371 2802 magis
405 2738 535 2787 istae
575 2736 884 2801 divisiones,
929 2737 1284 2789 distinctiones
1297 2776 1312 2803 ,
1353 2740 1709 2805 oppositiones
1750 2755 1916 2789 mem-

210 2834 429 2882 brorum
473 2850 681 2896 graves3
732 2832 994 2898 Propertii
1035 2849 1164 2885 vero
1203 2835 1376 2899 poesis
1422 2843 1603 2899 utpote
1647 2834 1819 2883 mollis
1866 2842 1916 2882 et

209 2923 402 2976 blanda
439 2942 549 2974 non
584 2926 885 2993 frequentat
919 2927 1013 2975 has
1051 2937 1254 2976 exactas
1293 2926 1575 2978 divisiones
1614 2937 1665 2977 et
1701 2927 1914 2994 opposi-

209 3020 407 3082 tiones,
466 3016 556 3068 sed
601 3021 762 3084 magis
811 3022 1177 3070 similitudinibus
1226 3027 1553 3072 sententiarum
1602 3023 1914 3088 amplificare

211 3126 259 3165 et
298 3125 486 3164 ornare
520 3132 606 3165 res
638 3115 844 3180 gaudet.
919 3115 1256 3168 Concinnitas
1287 3118 1498 3186 quidem
1532 3117 1686 3168 etiam
1717 3119 1782 3167 ab
1815 3119 1915 3168 hoc

213 3207 429 3258 artificio
481 3207 695 3259 minime
749 3211 925 3273 abest,
995 3210 1086 3262 sed
1145 3213 1318 3262 lenior
1371 3223 1422 3262 et
1477 3212 1688 3262 mollior
1744 3212 1915 3262 forma

211 3300 610 3352 similitudinum
651 3313 897 3368 ornatus,
948 3308 1211 3369 acerbior,
1260 3308 1517 3370 severior,
1569 3305 1776 3371 gravior
1819 3312 1913 3373 op-

2078 218 2086 321 ἒ,
