2158 3750
735 231 920 282 LlBR.
956 234 997 282 1.
1070 230 1272 282 ELEG.
1309 231 1376 282 Π.
1827 236 1890 284 41

191 371 307 412 cite
357 371 705 423 luminibus,
747 383 882 426 quare
926 383 982 414 ne
1026 370 1250 427 adspicite.
1328 371 1396 415 Ad
1438 371 1700 415 locutionem
1745 373 1894 417 confer

190 451 326 495 Ovm.
364 452 472 496 Met.
505 455 558 507 V,
589 457 692 498 248.
753 456 830 498 Sic
858 455 1018 509 verbis,
1046 455 1240 509 dextrae,
1270 456 1387 499 ferro
1414 469 1595 513 parcere
1626 457 1785 500 dicitur
1817 472 1880 514 pr.

190 534 256 579 liis
295 548 381 579 non
418 538 497 582 uti.
527 559 584 572 -
624 539 764 582 Porro
793 549 892 581 seu
922 538 944 580 f
951 540 1032 582 iat
1076 553 1140 595 pr.
1172 540 1272 595 fias
1303 546 1424 584 recte
1453 525 1626 584 videtur
1653 554 1884 584 revocasse

189 618 524 661 Lacmumws.
597 620 711 661 Usus
739 624 868 675 poeta
896 625 963 662 est
993 621 1123 662 tertia
1152 633 1337 676 persona
1366 624 1411 665 in
1442 623 1744 678 designatione
1773 624 1881 667 sub-

189 702 318 756 iecti,
348 702 537 745 secunda
566 703 610 744 in
639 701 909 757 hortatione,
937 704 1053 757 quod
1084 706 1179 758 quis
1212 707 1308 749 iure
1340 707 1664 763 reprehendat?
1725 710 1810 755 Vel
1843 710 1888 753 in

190 792 403 829 certarum
434 800 711 842 personarum
751 788 1013 834 allocutione
1042 786 1127 831 hoc
1165 789 1340 833 admisit
1380 792 1583 837 laudatus
1609 794 1666 839 ab
1701 794 1891 839 Huson-

188 881 267 913 xm
297 870 353 912 ad
390 871 426 923 Ι,
463 874 507 923 6,
542 874 614 913 39.
650 870 877 938 Homsgxs
903 870 1131 925 11„le1,
1155 875 1267 916 248:
1321 863 1354 916 ὦ
1385 877 1513 926 φίλοι,
1543 874 1749 935 Ἀργειων
1779 875 1889 936 ἡγή-

186 966 308 1008 τορες
337 948 415 1008 ἠδὲ
444 953 670 1002 μέδοντες,-
709 949 795 995 οῗτε
824 941 933 1016 53:69²
948 947 1211 1011 ᾗάτρείδῃς,
1240 950 1526 1008 Ἀγαμέμνονι
1560 962 1635 1000 καὶ
1662 957 1890 1017 Μενελάῳ,

187 1030 325 1091 δήμια
365 1038 584 1086 πίνουσιν,
628 1039 701 1078 καὶ
731 1021 1013 1101 σημᾶᾤυσθ
1040 1035 1220 1086 ἕκαστος
1253 1039 1388 1087 λαοῖς.
1459 1042 1546 1084 Ubi
1576 1048 1720 1086 autem
1751 1046 1894 1089 incer-

186 1123 260 1161 tae
289 1131 526 1174 personae,
571 1121 711 1164 minus
754 1122 888 1165 etiam
924 1111 1045 1168 mira*
1073 1127 1262 1177 reffret
1293 1126 1398 1169 satis
1429 1131 1557 1181 nota,
1598 1132 1648 1170 ut
1687 1129 1809 1174 Hom.
1841 1130 1893 1174 ll.

187 1203 354 1258 XXIII,
385 1207 500 1247 285:
543 1201 668 1247 ἄλλοι
709 1207 758 1248 δὲ
783 1204 1021 1250 ’στέλλεσθε
1051 1206 1164 1250 κατά
1196 1206 1407 1267 στρατόν,
1452 1205 1572 1260 ὅστις
1602 1212 1790 1267 ’.Αχαιῶν
1822 1212 1893 1256 ἵῑτ-

186 1290 329 1327 ποισίν
373 1303 419 1330 τε
458 1291 644 1331 πέποιθε
682 1291 755 1331 καὶ
795 1282 969 1347 ἅρμασυ
989 1291 1276 1347 κολλητοῖσιν.
1338 1293 1398 1336 Et
1428 1295 1474 1336 in
1506 1296 1640 1348 lyrica
1670 1298 1895 1341 orationee

187 1373 396 1418 Cursu..
427 1374 518 1418 1112
554 1374 721 1433 lugete,
756 1391 782 1418 ο
817 1377 1008 1435 Veneres
1033 1375 1355 1434 cupidines-que
1383 1385 1431 1419 et
1462 1387 1685 1436 quantum
1710 1387 1780 1422 est
1811 1381 1895 1422 120-

188 1457 699 1504 minumvenustiorum.
729 1459 897 1514 XXXI,
924 1461 1006 1503 1¹4:
1036 1459 1192 1507 ridete,
1223 1459 1446 1519 quidquid
1470 1469 1539 1503 est
1567 1461 1680 1504 domi
1713 1462 1896 1504 cachin-

190 1556 371 1590 nat-mn.-
431 1544 498 1586 Ac
526 1557 582 1586 ne
614 1542 693 1586 has
732 1549 898 1587 tantum
941 1545 1148 1587 formulas
1191 1550 1316 1587 notas
1358 1545 1562 1598 afferam,
1608 1545 1708 1588 vide
1752 1544 1893 1601 ipsum

189 1624 415 1668 Tibullum
449 1625 486 1679 I,
516 1629 560 1678 6,
589 1629 673 1668 39:
708 1633 819 1667 tunc
842 1626 1006 1682 procul
1035 1624 1221 1673 absitis,
1251 1627 1454 1685 quisquis
1485 1627 1592 1670 colit
1622 1636 1722 1670 arte
1753 1628 1896 1685 capil-

189 1705 274 1750 los.
305 1727 364 1740 —
396 1708 450 1751 V.
481 1710 554 1750 37.
597 1707 719 1750 Neu
761 1709 1020 1765 strepitu
1062 1715 1282 1752 terrete
1312 1710 1565 1765 pedum.·
1590 1711 1701 1755 Cum
1732 1712 1806 1754 alii
1841 1727 1896 1754 ne

190 1790 371 1844 malint,
414 1787 609 1834 defehdit
640 1790 909 1834 Huscmuus
941 1805 1038 1834 neu.
1100 1791 1212 1834 Nam
1246 1805 1329 1835 non
1360 1794 1499 1836 minus
1538 1799 1660 1837 recte
1693 1808 1741 1838 se
1773 1797 1897 1840 εκεῖ-ἰ

190 1873 315 1927 piunt
356 1888 441 1915 neu
474 1894 532 1906 —
564 1888 678 1920 neu,
717 1887 846 1929 quam
886 1889 940 1916 ne
977 1897 1028 1907 —
1064 1890 1178 1922 neu,
1224 1875 1280 1919 cf.
1316 1877 1452 1919 Vme.
1496 1878 1660 1932 Georg.
1695 1879 1753 1932 II,
1786 1872 1893 1925 298.

192 1957 302 1998 Aen.
333 1955 413 2010 lx,
441 1959 516 2002 42.
576 1958 667 2000 Sed
707 1971 795 2001 non
837 1971 947 2014 opus
977 1957 1042 2002 his
1073 1971 1214 2012 nunc3
1263 1959 1464 2002 Tibullus
1495 1961 1641 2003 iunxit
1663 1960 1776 2006 haud
1812 1964 1896 2008 du-

190 2040 286 2084 bie=
327 2041 514 2083 Parcite
544 2064 601 2075 —-
635 2043 736 2084 Neu
768 2050 933 2085 terrete
958 2048 1042 2088 etc.
1104 2043 1200 2087 Nec
1231 2044 1420 2098 turbate,
1450 2045 1525 2097 ait,
1555 2050 1787 2101 amantem,
1818 2049 1896 2091 sed

191 2124 373 2168 transite
403 2126 489 2168 leni
512 2139 681 2181 gressu,
714 2128 860 2180 tacite,
891 2141 974 2172 nec
1003 2128 1144 2172 facem
1176 2130 1355 2186 propius
1383 2128 1679 2184 admoventes,
1708 2137 1758 2173 ut
1789 2145 1896 2175 con-

180 2207 360 2263 -spectui
389 2206 606 2251 bominum
637 2214 891 2264 exponatur.
918 2233 981 2243 —
1010 2211 1065 2255 V.
1096 2214 1172 2254 39.
1219 2212 1459 2254 occulat
1490 2212 1609 2255 ille.
1670 2213 1772 2257 Non
1802 2216 1897 2259 sine

191 2290 235 2333 vi
267 2296 336 2334 est
364 2303 616 2347 pronomen.
678 2293 766 2338 Qui
793 2293 923 2337 dicit:
969 2295 1007 2337 si
1037 2297 1134 2350 quis
1162 2295 1428 2351 adspexerit,
1457 2297 1644 2350 occulat,
1675 2296 1730 2340 de
1761 2300 1896 2342 verbo

194 2373 504 2429 propemodum
535 2377 631 2419 solo
665 2377 858 2431 cogitat3
911 2378 1144 2432 quivero:
1186 2378 1224 2420 si
1266 2379 1362 2431 quis
1401 2378 1678 2434 adspexerit,
1725 2382 1899 2425 occulat

193 2454 292 2508 ille,
324 2457 570 2512 expressius
600 2456 699 2501 huic
725 2458 809 2516 ipsi
841 2471 1076 2515 personae,
1115 2473 1397 2515 quaecunque
1427 2466 1519 2516 est,
1549 2463 1746 2518 imperat.
1809 2465 1895 2508 Ce-

194 2544 337 2583 terum
371 2540 427 2584 ef.
455 2541 492 2594 1,
518 2544 564 2595 4,
592 2545 667 2586 68.
698 2564 759 2576 -
809 2543 970 2588 V.*41.
1009 2547 1293 2600 sanguine
1323 2550 1525 2588 natam.
1589 2545 1774 2589 Constat
1803 2547 1895 2591 Ve-

192 2634 341 2665 nerem
385 2623 586 2667 abscissis
630 2624 754 2668 Coeli
801 2627 1062 2679 genitalibus
1108 2627 1153 2669 in
1200 2639 1319 2670 mare
1368 2628 1575 2684 proiectis
1621 2633 1792 2682 natam,
1838 2630 1894 2673 cf.

190 2702 388 2748 Hsssioo.
420 2702 588 2760 Theog.
626 2708 714 2750 loe
742 2720 838 2762 sqq.
899 2708 1065 2753 Sensus
1105 2713 1252 2752 autem
1287 2713 1379 2754 est:
1433 2711 1556 2754 Sciat
1599 2722 1770 2756 saevam
1806 2713 1895 2756 Ve-

192 2801 353 2831 nerem.
413 2789 465 2833 In
496 2799 625 2845 quam
656 2803 746 2835 rem
770 2791 1005 2836 ,conferunt
1038 2794 1175 2838 Ovm.
1216 2793 1325 2838 Met.
1357 2794 1394 2848 Ι,
1430 2797 1540 2838 162:
1568 2794 1704 2837 scires
1731 2809 1754 2836 e
1785 2809 1893 2838 san-

189 2868 327 2927 guine
349 2877 497 2916 natos.
551 2872 660 2918 Mox
679 2872 809 2934 ψ
823 2875 1136 2921 substantivum
1160 2877 1437 2921 Venerem
1460 2877 1669 2921 ambobus
1692 2878 1895 2922 membris

194 2965 424 2997 commune
457 2954 648 2998 suaviter
687 2956 735 2999 ia
769 2958 979 3015 principio
1018 2959 1200 3004 secundi
1239 2961 1456 3017 positum,
1509 2966 1558 3004 ut
1587 2959 1703 3006 amat
1734 2963 1895 3019 poesis.

193 3036 271 3080 Sic
301 3036 413 3080 infra
441 3037 478 3091 I,
508 3042 552 3091 5,
582 3041 670 3082 86:
716 3039 825 3083 Ιιιιὶο
846 3050 983 3099 paret
1013 3051 1154 3103 atque
1187 3044 1347 3102 epulas
1375 3045 1478 3102 ipsa
1508 3044 1718 3088 ministra
1743 3054 1894 3106 gerat.

195 3118 230 3171 1,
246 3122 291 3173 6,
309 3121 363 3162 81
383 3135 395 3162 e
425 3119 543 3162 hanc
567 3120 719 3165 vident
751 3123 1047 3187 iuvenumque
1069 3137 1277 3173 catervae
1304 3139 1657 3175 comnoemorant.
1687 3131 1721 3185 1,
1745 3135 1790 3185 7,
1814 3134 1896 3176 49:

198 3209 372 3243 centum
403 3202 524 3246 ludis
554 3204 826 3265 Geniumque
858 3207 1327 3257 choreis,eoncelebra.
1403 3214 1610 3259 Ceterum
1640 3213 1788 3258 confer
1819 3226 1897 3257 au-

197 3286 461 3332 notationem
492 3293 683 3332 nostram
715 3289 768 3332 ad
806 3290 838 3342 1,
875 3293 915 3343 1,
953 3294 1026 3335 51.
1062 3317 1122 3328 -
1155 3297 1207 3339 V,
1241 3298 1314 3340 42.
1356 3309 1381 3339 e
1412 3298 1552 3339 mari
1592 3309 1735 3341 esse.
1799 3294 1896 3336 Non

198 3371 487 3415 necessarium
520 3378 585 3416 est
617 3374 822 3429 supplere
854 3382 1042 3425 natam,
1087 3381 1220 3423 veluti
1264 3380 1422 3423 dicitur
1465 3358 1607 3423 recte:
1662 3379 1774 3421 unde
1818 3377 1899 3420 es'ss
