2086 3756
823 231 1126 285 TIBULLI.
1628 253 1836 287 Lxxx1x

137 372 512 444 (Coordt'naiion)
561 373 1019 440 animadvertitur,
1071 384 1131 427 ut
1176 393 1292 427 cum
1333 375 1382 440 Ι,
1423 381 1469 428 1.
1519 375 1583 428 de
1634 378 1840 430 rusticis

135 473 294 521 rebus
345 469 532 521 dicitur
575 457 781 519 duobus
827 468 955 519 locis
1005 469 1060 519 vi
1105 470 1348 537 paribus,
1413 480 1505 521 aut
1552 472 1632 534 II,
1672 474 1723 522 5.
1773 470 1837 522 de

137 567 348 632 politica
382 562 735 629 magnitudine
770 563 918 613 urbis
956 573 1007 614 et
1042 566 1240 629 gaudiis
1277 567 1434 616 ruris·
1515 566 1675 618 Recte
1710 582 1840 619 vero

136 661 194 711 in
229 662 330 711 hoc
365 676 553 723 genere
590 674 700 708 non
741 656 964 708 excessit
1009 660 1272 710 binarium
1311 677 1620 727 numerum3
1667 661 1842 712 laxior

137 755 276 803 enim
313 753 640 819 compositio.
709 753 948 803 Tertium
983 753 1177 804 accedit
1211 759 1514 823 inter-positia,
1553 775 1671 809 cum
1705 758 1844 808 inter

137 847 267 899 duas
302 849 523 912 similes,
571 866 823 917 congruas
858 859 1031 917 partes
1064 850 1219 899 tertia
1251 849 1510 901 dissimilis
1550 862 1639 902 aut
1676 869 1845 918 oppo-

137 943 234 993 sita
263 945 416 994 etiam
439 944 673 1010 ponitur.
741 936 1102 995 Videashanc
1127 945 1194 1007 ΙΙ,
1221 948 1269 992 3.
1296 945 1390 993 ubi
1415 945 1494 993 bis
1526 942 1589 993 de
1619 946 1846 1012 mytbica

139 1049 304 1089 aetate
355 1038 544 1090 dicitur
572 1040 898 1107 ‘interposito
945 1040 1102 1092 tertio
1147 1041 1266 1090 loco
1317 1038 1382 1088 de
1425 1037 1670 1088 hodierni
1712 1048 1843 1088 tem-

137 1134 284 1200 poris
319 1134 598 1201 pravitate,
638 1143 689 1185 et
724 1135 765 1198 Ι,
799 1139 849 1185 6.
885 1134 980 1185 ubi
1014 1133 1073 1184 in
1108 1134 1271 1184 altera
1302 1142 1449 1200 parte
1489 1131 1730 1183 carminis
1765 1133 1847 1183 bis

140 1229 205 1280 de
250 1232 435 1298 poenis
478 1230 726 1298 perfidiae
770 1231 900 1297 agit,
953 1230 1253 1281 interiectus
1297 1244 1426 1280 vero
1474 1229 1657 1279 tertius
1699 1228 1847 1278 locus

140 1335 219 1375 est
260 1326 434 1377 lenior
468 1336 520 1377 et
565 1327 695 1377 alius
740 1324 966 1391 generis,
1013 1324 1241 1392 denique
1288 1342 1385 1391 per
1419 1332 1581 1374 totam
1631 1323 1848 1389 elegiam

139 1420 190 1480 Ι,
231 1423 316 1470 10.
366 1429 428 1470 ut
477 1419 617 1470 infra
669 1417 957 1470 ostendam.
1071 1417 1316 1468 Ceterum
1370 1418 1699 1484 interpositio
1757 1428 1848 1482 est,

142 1531 302 1581 quam
346 1531 444 1580 per
487 1522 658 1564 totum
702 1511 992 1564 Pindarum
1039 1513 1289 1579 usurpari
1337 1512 1688 1576 ostendimus,
1754 1512 1850 1562 ubi

140 1618 315 1658 tamen
350 1610 530 1675 plures
563 1609 645 1659 rei
677 1610 896 1660 formae.
923 1651 927 1655 .
977 1609 1151 1676 Atque
1189 1607 1328 1675 apud
1364 1607 1652 1658 Pindarum
1691 1625 1849 1677 quem

142 1722 298 1755 usum
329 1720 414 1754 res
450 1706 668 1770 habeat,
701 1704 806 1756 illic
842 1704 1064 1770 dictum3
1105 1706 1162 1755 in
1200 1704 1362 1770 elegia
1398 1722 1526 1756 vero
1564 1703 1737 1770 gravis
1774 1713 1852 1754 est

142 1798 341 1850 reditus
377 1798 444 1850 ad
477 1801 690 1864 similia,
739 1810 890 1867 aptus
926 1800 1125 1867 pariter
1160 1801 1433 1867 querelae,
1470 1799 1602 1861 irae,
1641 1809 1850 1849 senten-

141 1897 244 1946 tiae
292 1892 682 1962 significantiori
724 1897 999 1950 nervosius
1044 1894 1401 1947 declarandae.
1470 1894 1718 1961 Denique
1759 1892 1849 1942 Ti-

144 1992 320 2041 bullus
361 1990 420 2041 in
465 2009 625 2042 carm.
655 1992 732 2055 II,
769 1995 821 2044 5.
863 1992 1018 2042 etiam
1050 1993 1345 2059 parenthesin
1387 1989 1467 2039 bis
1506 1986 1736 2050 admisit,
1787 1984 1850 2035 de

147 2103 253 2153 qua
283 2085 388 2136 illic
421 2086 480 2135 in
514 2083 907 2138 Introductione
941 2086 1128 2136 monui
1164 2095 1419 2158 qua-ntum
1457 2083 1596 2133 satis.
1677 2082 1852 2148 Atque

146 2178 229 2229 his
262 2180 463 2244 legibus
500 2177 695 2244 digesta
731 2189 810 2230 est
840 2179 1066 2230 varietas
1101 2196 1281 2229 rerum
1312 2179 1369 2229 in
1403 2177 1576 2228 medio
1609 2176 1854 2227 carmine.

65 2270 69 2272 ’
148 2273 342 2327 Pedem
376 2274 637 2340 sistimus3
687 2271 894 2325 abunde
933 2273 1018 2324 hic
1056 2271 1120 2324 de
1155 2272 1329 2325 medio
1368 2272 1596 2325 carmine
1643 2269 1855 2321 dictum.

258 2561 544 2632 Postquam
579 2563 874 2630 singulatim
911 2564 976 2615 de
1014 2563 1262 2626 exordiO,
1313 2563 1485 2626 exitu,
1529 2560 1702 2612 medio
1745 2565 1858 2611 carl-

151 2659 291 2710 mine
329 2660 693 2729 exposuimus,
734 2660 1028 2713 accedimus
1067 2661 1293 2728 denique
1335 2657 1400 2710 ad
1437 2658 1678 2708 ultimum
1715 2653 1857 2724 quod

151 2753 449 2804 faciendum
482 2766 668 2820 restat,
707 2767 759 2807 et
795 2755 1241 2808 considerabimus
1275 2758 1414 2804 totius
1449 2755 1622 2817 elegiae
1642 2750 1861 2818 formam

151 2858 196 2899 et
220 2859 509 2906 structuram
544 2870 604 2902 ex
637 2853 709 2902 his
737 2854 954 2921 partibus
986 2855 1240 2922 conflatae.
1312 2850 1602 2916 Explicabo
1627 2849 1730 2898 hoc
1755 2848 1863 2896 sin-
1896 2858 1898 2861 ’

152 2948 396 3011 gulorum
427 2947 714 2999 carminum
742 2966 965 3002 recensu
994 2951 1148 3014 facto,
1187 2959 1238 2999 et
1268 2964 1385 2998 cum
1416 2948 1472 2995 in
1505 2945 1649 2995 omni
1674 2958 1861 3008 genere

155 3042 279 3091 artis
331 3040 514 3091 etiam‘
539 3044 829 3108 peculiares
885 3045 1081 3112 species
1139 3051 1444 3102 occurrant,
1507 3039 1591 3088 hic
1648 3050 1862 3105 quoquo

156 3134 299 3203 quod
331 3136 595 3203 reperitur
632 3138 963 3202 huiusmodi,
1012 3155 1121 3189 non
1158 3134 1472 3204 praeteribO.

266 3229 324 3281 Si
364 3232 573 3283 evolvas
609 3233 940 3299 Propertium
978 3242 1029 3282 et
1066 3229 1339 3291 Ovidium,
1388 3229 1542 3291 longe
1591 3222 1745 3273 aliam
1785 3220 1864 3267 fa-

162 3322 288 3373 ciem
323 3339 509 3386 rerum
538 3323 713 3378 videas
752 3343 910 3394 quam
957 3325 1095 3393 apud
1136 3325 1422 3374 Tibullum.
1497 3322 1599 3371 Pro
1646 3311 1864 3366 exordio
