<?xml version="1.0" encoding="UTF-8"?>
<!DOCTYPE html PUBLIC "-//W3C//DTD XHTML 1.0 Transitional//EN"
    "http://www.w3.org/TR/xhtml1/DTD/xhtml1-transitional.dtd">
<html xmlns="http://www.w3.org/1999/xhtml" xml:lang="en" lang="en">
 <head>
  <title>
</title>
<meta http-equiv="Content-Type" content="text/html;charset=utf-8" />
  <meta name='ocr-system' content='tesseract 3.04.00' />
  <meta name='ocr-capabilities' content='ocr_page ocr_carea ocr_par ocr_line ocrx_word'/>
</head>
<body>
  <div class='ocr_page' id='page_1' title='image "./carminaexrecensi01tibuuoft_0342.png"; bbox 0 0 2158 3750; ppageno 0'>
   <div class='ocr_carea' id='block_1_1' title="bbox 284 255 1580 314">
    <p class='ocr_par' dir='ltr' id='par_1_1' title="bbox 284 255 1580 314">
     <span class='ocr_line' id='line_1_1' title="bbox 284 255 1580 314; baseline -0.001 -2"><span class='ocrx_word' id='word_1_1' title='bbox 284 267 348 312; x_wconf 92' lang='lat'>10</span> <span class='ocrx_word' id='word_1_2' title='bbox 674 255 1140 314; x_wconf 89' lang='lat' dir='ltr'><strong>COMMENTAR.</strong></span> <span class='ocrx_word' id='word_1_3' title='bbox 1178 257 1255 309; x_wconf 93' lang='lat' dir='ltr'>IN</span> <span class='ocrx_word' id='word_1_4' title='bbox 1292 257 1580 311; x_wconf 90' lang='lat' dir='ltr'>TIBULLI</span> 
     </span>
    </p>
   </div>
   <div class='ocr_carea' id='block_1_2' title="bbox 239 401 1978 3444">
    <p class='ocr_par' dir='ltr' id='par_1_2' title="bbox 239 401 1978 3444">
     <span class='ocr_line' id='line_1_2' title="bbox 284 401 1975 459; baseline -0.002 -11"><span class='ocrx_word' id='word_1_5' title='bbox 284 410 373 449; x_wconf 87' lang='lat' dir='ltr'>cat</span> <span class='ocrx_word' id='word_1_6' title='bbox 403 404 533 459; x_wconf 91' lang='lat' dir='ltr'>dicit,</span> <span class='ocrx_word' id='word_1_7' title='bbox 568 417 665 447; x_wconf 91' lang='lat' dir='ltr'>cum</span> <span class='ocrx_word' id='word_1_8' title='bbox 695 403 922 446; x_wconf 80' lang='lat' dir='ltr'><strong>militasset</strong></span> <span class='ocrx_word' id='word_1_9' title='bbox 962 403 1088 445; x_wconf 89' lang='lat' dir='ltr'>antea</span> <span class='ocrx_word' id='word_1_10' title='bbox 1116 405 1161 445; x_wconf 85' lang='lat' dir='ltr'>et</span> <span class='ocrx_word' id='word_1_11' title='bbox 1190 414 1304 445; x_wconf 89' lang='lat' dir='ltr'>nunc</span> <span class='ocrx_word' id='word_1_12' title='bbox 1334 403 1517 445; x_wconf 86' lang='lat' dir='ltr'>transire</span> <span class='ocrx_word' id='word_1_13' title='bbox 1546 403 1650 445; x_wconf 88' lang='lat' dir='ltr'>velit</span> <span class='ocrx_word' id='word_1_14' title='bbox 1678 403 1734 446; x_wconf 86' lang='lat' dir='ltr'>ad</span> <span class='ocrx_word' id='word_1_15' title='bbox 1763 401 1881 447; x_wconf 88' lang='lat' dir='ltr'>aliud</span> <span class='ocrx_word' id='word_1_16' title='bbox 1910 403 1975 446; x_wconf 85' lang='lat' dir='ltr'>vi-</span> 
     </span>
     <span class='ocr_line' id='line_1_3' title="bbox 278 483 1976 543; baseline -0.003 -12"><span class='ocrx_word' id='word_1_17' title='bbox 278 494 349 532; x_wconf 87' lang='lat' dir='ltr'>tae</span> <span class='ocrx_word' id='word_1_18' title='bbox 381 501 531 543; x_wconf 85' lang='lat' dir='ltr'>genus.</span> <span class='ocrx_word' id='word_1_19' title='bbox 593 488 661 530; x_wconf 92' lang='lat' dir='ltr'>De</span> <span class='ocrx_word' id='word_1_20' title='bbox 702 486 1022 529; x_wconf 87' lang='lat' dir='ltr'>constructione</span> <span class='ocrx_word' id='word_1_21' title='bbox 1061 497 1166 528; x_wconf 86' lang='lat' dir='ltr'>vero</span> <span class='ocrx_word' id='word_1_22' title='bbox 1210 484 1367 537; x_wconf 86' lang='lat' dir='ltr'>dativi,</span> <span class='ocrx_word' id='word_1_23' title='bbox 1414 483 1563 527; x_wconf 87' lang='lat' dir='ltr'>confer</span> <span class='ocrx_word' id='word_1_24' title='bbox 1593 483 1784 525; x_wconf 82' lang='lat' dir='ltr'>deducta</span> <span class='ocrx_word' id='word_1_25' title='bbox 1814 485 1976 527; x_wconf 85' lang='lat' dir='ltr'>marito</span> 
     </span>
     <span class='ocr_line' id='line_1_4' title="bbox 277 565 1975 622; baseline -0.001 -11"><span class='ocrx_word' id='word_1_26' title='bbox 277 569 384 612; x_wconf 87' lang='lat' dir='ltr'>infra</span> <span class='ocrx_word' id='word_1_27' title='bbox 414 569 494 621; x_wconf 93' lang='grc' dir='ltr'><strong>ΙΙΙ,</strong></span> <span class='ocrx_word' id='word_1_28' title='bbox 526 570 568 621; x_wconf 89' lang='lat'>4,</span> <span class='ocrx_word' id='word_1_29' title='bbox 600 570 689 622; x_wconf 62' lang='lat'>31„</span> <span class='ocrx_word' id='word_1_30' title='bbox 722 566 880 608; x_wconf 81' lang='lat' dir='ltr'>ducere</span> <span class='ocrx_word' id='word_1_31' title='bbox 910 565 1011 608; x_wconf 74' lang='lat' dir='ltr'>vela</span> <span class='ocrx_word' id='word_1_32' title='bbox 1038 565 1137 607; x_wconf 80' lang='lat' dir='ltr'>salo</span> <span class='ocrx_word' id='word_1_33' title='bbox 1166 567 1402 609; x_wconf 75' lang='lat' dir='ltr'>PRoPssR‘r.</span> <span class='ocrx_word' id='word_1_34' title='bbox 1434 566 1470 619; x_wconf 91' lang='lat' dir='ltr'>I,</span> <span class='ocrx_word' id='word_1_35' title='bbox 1499 570 1543 620; x_wconf 88' lang='lat'>6,</span> <span class='ocrx_word' id='word_1_36' title='bbox 1571 569 1613 609; x_wconf 88' lang='grc'>2.</span> <span class='ocrx_word' id='word_1_37' title='bbox 1646 567 1788 609; x_wconf 86' lang='lat' dir='ltr'>collat.</span> <span class='ocrx_word' id='word_1_38' title='bbox 1818 567 1975 610; x_wconf 60' lang='lat' dir='ltr'>Lacu-</span> 
     </span>
     <span class='ocr_line' id='line_1_5' title="bbox 276 649 1976 706; baseline 0.001 -14"><span class='ocrx_word' id='word_1_39' title='bbox 276 663 427 692; x_wconf 66' lang='grc' dir='ltr'><strong>ΜΑΝΝΙ</strong></span> <span class='ocrx_word' id='word_1_40' title='bbox 459 654 560 692; x_wconf 88' lang='lat' dir='ltr'>nota</span> <span class='ocrx_word' id='word_1_41' title='bbox 590 649 691 694; x_wconf 83' lang='lat' dir='ltr'><strong>ibid.</strong></span> <span class='ocrx_word' id='word_1_42' title='bbox 718 650 775 692; x_wconf 89' lang='lat' dir='ltr'>ad</span> <span class='ocrx_word' id='word_1_43' title='bbox 804 650 882 704; x_wconf 92' lang='lat' dir='ltr'>IV,</span> <span class='ocrx_word' id='word_1_44' title='bbox 910 653 981 704; x_wconf 90' lang='lat' dir='ltr'>ll,</span> <span class='ocrx_word' id='word_1_45' title='bbox 1012 653 1112 693; x_wconf 89' lang='grc'><strong>102.</strong></span> <span class='ocrx_word' id='word_1_46' title='bbox 1145 665 1188 706; x_wconf 88' lang='lat' dir='ltr'>p.</span> <span class='ocrx_word' id='word_1_47' title='bbox 1208 653 1310 693; x_wconf 87' lang='grc'><strong>403.</strong></span> <span class='ocrx_word' id='word_1_48' title='bbox 1373 650 1516 704; x_wconf 85' lang='lat' dir='ltr'><strong>Atque</strong></span> <span class='ocrx_word' id='word_1_49' title='bbox 1547 650 1651 692; x_wconf 84' lang='lat' dir='ltr'>satis</span> <span class='ocrx_word' id='word_1_50' title='bbox 1679 651 1853 704; x_wconf 83' lang='lat' dir='ltr'>cognita</span> <span class='ocrx_word' id='word_1_51' title='bbox 1877 651 1976 703; x_wconf 77' lang='lat' dir='ltr'>alia,</span> 
     </span>
     <span class='ocr_line' id='line_1_6' title="bbox 274 730 1978 790; baseline 0.001 -18"><span class='ocrx_word' id='word_1_52' title='bbox 274 736 322 772; x_wconf 88' lang='lat' dir='ltr'>ut</span> <span class='ocrx_word' id='word_1_53' title='bbox 353 730 615 787; x_wconf 82' lang='lat' dir='ltr'>compulerit</span> <span class='ocrx_word' id='word_1_54' title='bbox 644 732 773 790; x_wconf 85' lang='lat' dir='ltr'><em>gregi</em></span> <span class='ocrx_word' id='word_1_55' title='bbox 811 732 998 778; x_wconf 75' lang='lat' dir='ltr'><strong>HORAT.</strong></span> <span class='ocrx_word' id='word_1_56' title='bbox 1028 732 1064 787; x_wconf 90' lang='lat' dir='ltr'>I,</span> <span class='ocrx_word' id='word_1_57' title='bbox 1093 735 1167 786; x_wconf 84' lang='lat'>24,</span> <span class='ocrx_word' id='word_1_58' title='bbox 1213 736 1308 786; x_wconf 83' lang='lat'><strong>18.,</strong></span> <span class='ocrx_word' id='word_1_59' title='bbox 1351 731 1601 788; x_wconf 81' lang='lat' dir='ltr'><em>compellere</em></span> <span class='ocrx_word' id='word_1_60' title='bbox 1640 731 1806 774; x_wconf 80' lang='lat' dir='ltr'><em>hibisco</em></span> <span class='ocrx_word' id='word_1_61' title='bbox 1835 732 1978 777; x_wconf 72' lang='lat' dir='ltr'>Vme-</span> 
     </span>
     <span class='ocr_line' id='line_1_7' title="bbox 272 815 1975 874; baseline 0.001 -17"><span class='ocrx_word' id='word_1_62' title='bbox 272 815 426 869; x_wconf 85' lang='lat' dir='ltr'>Eclog.</span> <span class='ocrx_word' id='word_1_63' title='bbox 459 815 517 869; x_wconf 87' lang='grc' dir='ltr'><strong>ΙΙ,</strong></span> <span class='ocrx_word' id='word_1_64' title='bbox 547 819 645 870; x_wconf 80' lang='grc'><strong>30,,</strong></span> <span class='ocrx_word' id='word_1_65' title='bbox 675 817 749 860; x_wconf 87' lang='lat' dir='ltr'>ubi</span> <span class='ocrx_word' id='word_1_66' title='bbox 779 817 834 861; x_wconf 86' lang='lat' dir='ltr'>cf.</span> <span class='ocrx_word' id='word_1_67' title='bbox 868 819 1096 872; x_wconf 78' lang='lat' dir='ltr'>Vossrmu,</span> <span class='ocrx_word' id='word_1_68' title='bbox 1128 830 1184 860; x_wconf 90' lang='lat' dir='ltr'>ne</span> <span class='ocrx_word' id='word_1_69' title='bbox 1218 818 1342 874; x_wconf 88' lang='lat' dir='ltr'>plura</span> <span class='ocrx_word' id='word_1_70' title='bbox 1376 816 1549 861; x_wconf 86' lang='lat' dir='ltr'><strong>addam.</strong></span> <span class='ocrx_word' id='word_1_71' title='bbox 1588 838 1642 849; x_wconf 90' lang='lat'><em>—</em></span> <span class='ocrx_word' id='word_1_72' title='bbox 1673 817 1729 861; x_wconf 88' lang='lat' dir='ltr'>V.</span> <span class='ocrx_word' id='word_1_73' title='bbox 1760 820 1802 859; x_wconf 87' lang='grc'>6.</span> <span class='ocrx_word' id='word_1_74' title='bbox 1839 817 1975 859; x_wconf 89' lang='lat' dir='ltr'>Dum</span> 
     </span>
     <span class='ocr_line' id='line_1_8' title="bbox 271 899 1975 956; baseline 0 -15"><span class='ocrx_word' id='word_1_75' title='bbox 271 911 428 942; x_wconf 84' lang='lat' dir='ltr'>meus</span> <span class='ocrx_word' id='word_1_76' title='bbox 457 912 552 955; x_wconf 85' lang='lat' dir='ltr'><strong>sqq.</strong></span> <span class='ocrx_word' id='word_1_77' title='bbox 596 899 831 943; x_wconf 91' lang='lat' dir='ltr'>dummodo</span> <span class='ocrx_word' id='word_1_78' title='bbox 861 913 1035 956; x_wconf 81' lang='lat' dir='ltr'>semper</span> <span class='ocrx_word' id='word_1_79' title='bbox 1065 900 1207 943; x_wconf 87' lang='lat' dir='ltr'>cibum</span> <span class='ocrx_word' id='word_1_80' title='bbox 1248 899 1429 942; x_wconf 84' lang='lat' dir='ltr'>habeam</span> <span class='ocrx_word' id='word_1_81' title='bbox 1459 904 1505 942; x_wconf 92' lang='lat' dir='ltr'>et</span> <span class='ocrx_word' id='word_1_82' title='bbox 1543 899 1757 952; x_wconf 88' lang='lat' dir='ltr'>calorem,</span> <span class='ocrx_word' id='word_1_83' title='bbox 1802 910 1975 955; x_wconf 78' lang='lat' dir='ltr'>semper</span> 
     </span>
     <span class='ocr_line' id='line_1_9' title="bbox 269 981 1973 1039; baseline 0 -13"><span class='ocrx_word' id='word_1_84' title='bbox 269 981 450 1027; x_wconf 84' lang='lat' dir='ltr'>habeam</span> <span class='ocrx_word' id='word_1_85' title='bbox 491 997 578 1039; x_wconf 91' lang='lat' dir='ltr'>quo</span> <span class='ocrx_word' id='word_1_86' title='bbox 623 984 777 1028; x_wconf 81' lang='lat' dir='ltr'>vivam.</span> <span class='ocrx_word' id='word_1_87' title='bbox 839 986 1043 1028; x_wconf 83' lang='lat' dir='ltr'>Suaviter</span> <span class='ocrx_word' id='word_1_88' title='bbox 1084 988 1230 1027; x_wconf 84' lang='lat' dir='ltr'>autem</span> <span class='ocrx_word' id='word_1_89' title='bbox 1273 985 1400 1026; x_wconf 85' lang='lat' dir='ltr'>etiam</span> <span class='ocrx_word' id='word_1_90' title='bbox 1441 988 1620 1039; x_wconf 88' lang='lat' dir='ltr'>propter</span> <span class='ocrx_word' id='word_1_91' title='bbox 1658 983 1973 1039; x_wconf 84' lang='lat' dir='ltr'>oppositionem</span> 
     </span>
     <span class='ocr_line' id='line_1_10' title="bbox 268 1064 1973 1119; baseline -0.001 -10"><span class='ocrx_word' id='word_1_92' title='bbox 268 1066 614 1110; x_wconf 87' lang='lat' dir='ltr'>antecedentium</span> <span class='ocrx_word' id='word_1_93' title='bbox 647 1067 790 1110; x_wconf 90' lang='lat' dir='ltr'>focum</span> <span class='ocrx_word' id='word_1_94' title='bbox 826 1070 1068 1119; x_wconf 84' lang='lat' dir='ltr'>memorat3</span> <span class='ocrx_word' id='word_1_95' title='bbox 1113 1067 1188 1119; x_wconf 90' lang='lat' dir='ltr'>qui</span> <span class='ocrx_word' id='word_1_96' title='bbox 1219 1066 1331 1108; x_wconf 88' lang='lat' dir='ltr'>enim</span> <span class='ocrx_word' id='word_1_97' title='bbox 1361 1065 1505 1108; x_wconf 84' lang='lat' dir='ltr'>focum</span> <span class='ocrx_word' id='word_1_98' title='bbox 1534 1077 1660 1108; x_wconf 87' lang='lat' dir='ltr'>suum</span> <span class='ocrx_word' id='word_1_99' title='bbox 1689 1064 1815 1118; x_wconf 90' lang='lat' dir='ltr'>dicit,</span> <span class='ocrx_word' id='word_1_100' title='bbox 1845 1064 1973 1107; x_wconf 87' lang='lat' dir='ltr'>simul</span> 
     </span>
     <span class='ocr_line' id='line_1_11' title="bbox 266 1149 1971 1205; baseline 0 -13"><span class='ocrx_word' id='word_1_101' title='bbox 266 1149 546 1194; x_wconf 84' lang='lat' dir='ltr'>domesticam</span> <span class='ocrx_word' id='word_1_102' title='bbox 576 1151 620 1193; x_wconf 91' lang='lat' dir='ltr'>in</span> <span class='ocrx_word' id='word_1_103' title='bbox 651 1150 791 1205; x_wconf 89' lang='lat' dir='ltr'>patria</span> <span class='ocrx_word' id='word_1_104' title='bbox 825 1150 955 1192; x_wconf 89' lang='lat' dir='ltr'>vitam</span> <span class='ocrx_word' id='word_1_105' title='bbox 986 1149 1172 1192; x_wconf 87' lang='lat' dir='ltr'>iucunde</span> <span class='ocrx_word' id='word_1_106' title='bbox 1203 1150 1444 1204; x_wconf 85' lang='lat' dir='ltr'>significat,</span> <span class='ocrx_word' id='word_1_107' title='bbox 1482 1150 1557 1192; x_wconf 92' lang='lat' dir='ltr'>ubi</span> <span class='ocrx_word' id='word_1_108' title='bbox 1594 1161 1680 1192; x_wconf 87' lang='lat' dir='ltr'>nou</span> <span class='ocrx_word' id='word_1_109' title='bbox 1709 1149 1816 1192; x_wconf 89' lang='lat' dir='ltr'>foris</span> <span class='ocrx_word' id='word_1_110' title='bbox 1849 1154 1895 1192; x_wconf 90' lang='lat' dir='ltr'>et</span> <span class='ocrx_word' id='word_1_111' title='bbox 1925 1149 1971 1192; x_wconf 90' lang='lat' dir='ltr'>iu</span> 
     </span>
     <span class='ocr_line' id='line_1_12' title="bbox 266 1231 1971 1287; baseline 0.001 -12"><span class='ocrx_word' id='word_1_112' title='bbox 266 1237 419 1275; x_wconf 89' lang='lat' dir='ltr'>extero</span> <span class='ocrx_word' id='word_1_113' title='bbox 448 1233 542 1275; x_wconf 87' lang='lat' dir='ltr'>solo</span> <span class='ocrx_word' id='word_1_114' title='bbox 574 1232 772 1287; x_wconf 84' lang='lat' dir='ltr'>degatur.</span> <span class='ocrx_word' id='word_1_115' title='bbox 804 1252 860 1264; x_wconf 89' lang='lat'>-</span> <span class='ocrx_word' id='word_1_116' title='bbox 907 1231 1148 1275; x_wconf 88' lang='lat' dir='ltr'>assiduo</span> <span class='ocrx_word' id='word_1_117' title='bbox 1177 1232 1324 1287; x_wconf 85' lang='lat' dir='ltr'>igne.</span> <span class='ocrx_word' id='word_1_118' title='bbox 1385 1232 1642 1275; x_wconf 85' lang='lat' dir='ltr'>Defenditur</span> <span class='ocrx_word' id='word_1_119' title='bbox 1681 1231 1790 1276; x_wconf 86' lang='lat' dir='ltr'>haee</span> <span class='ocrx_word' id='word_1_120' title='bbox 1825 1233 1971 1287; x_wconf 88' lang='lat' dir='ltr'>lectio,</span> 
     </span>
     <span class='ocr_line' id='line_1_13' title="bbox 266 1314 1969 1371; baseline 0.001 -14"><span class='ocrx_word' id='word_1_121' title='bbox 266 1316 528 1371; x_wconf 87' lang='lat' dir='ltr'>optimorum</span> <span class='ocrx_word' id='word_1_122' title='bbox 583 1315 783 1358; x_wconf 89' lang='lat' dir='ltr'>codicum</span> <span class='ocrx_word' id='word_1_123' title='bbox 837 1317 883 1358; x_wconf 88' lang='lat' dir='ltr'>et</span> <span class='ocrx_word' id='word_1_124' title='bbox 929 1314 1307 1369; x_wconf 83' lang='lat' dir='ltr'>grammaticorum</span> <span class='ocrx_word' id='word_1_125' title='bbox 1359 1315 1618 1359; x_wconf 88' lang='lat' dir='ltr'>auctoritate</span> <span class='ocrx_word' id='word_1_126' title='bbox 1669 1315 1857 1369; x_wconf 88' lang='lat' dir='ltr'>munita,</span> <span class='ocrx_word' id='word_1_127' title='bbox 1912 1315 1969 1359; x_wconf 82' lang='lat' dir='ltr'>ab</span> 
     </span>
     <span class='ocr_line' id='line_1_14' title="bbox 267 1396 1967 1455; baseline 0.002 -16"><span class='ocrx_word' id='word_1_128' title='bbox 267 1396 510 1440; x_wconf 77' lang='lat' dir='ltr'>Huscmsso</span> <span class='ocrx_word' id='word_1_129' title='bbox 561 1396 661 1440; x_wconf 85' lang='lat' dir='ltr'>data</span> <span class='ocrx_word' id='word_1_130' title='bbox 705 1409 866 1453; x_wconf 87' lang='lat' dir='ltr'>opera,</span> <span class='ocrx_word' id='word_1_131' title='bbox 913 1397 1123 1452; x_wconf 85' lang='lat' dir='ltr'>probante</span> <span class='ocrx_word' id='word_1_132' title='bbox 1171 1398 1302 1440; x_wconf 88' lang='lat' dir='ltr'>etiam</span> <span class='ocrx_word' id='word_1_133' title='bbox 1347 1410 1530 1440; x_wconf 81' lang='lat' dir='ltr'>censore</span> <span class='ocrx_word' id='word_1_134' title='bbox 1573 1398 1617 1440; x_wconf 91' lang='lat' dir='ltr'>in</span> <span class='ocrx_word' id='word_1_135' title='bbox 1664 1397 1967 1455; x_wconf 79' lang='lat' dir='ltr'>Ephemeridd.</span> 
     </span>
     <span class='ocr_line' id='line_1_15' title="bbox 261 1467 1966 1539; baseline 0.004 -18"><span class='ocrx_word' id='word_1_136' title='bbox 261 1479 453 1523; x_wconf 87' lang='lat' dir='ltr'>lenenss.</span> <span class='ocrx_word' id='word_1_137' title='bbox 485 1482 617 1535; x_wconf 84' lang='lat'><strong>1815,</strong></span> <span class='ocrx_word' id='word_1_138' title='bbox 649 1493 711 1524; x_wconf 88' lang='lat' dir='ltr'>nr.</span> <span class='ocrx_word' id='word_1_139' title='bbox 734 1484 837 1524; x_wconf 82' lang='lat'><strong>203.</strong></span> <span class='ocrx_word' id='word_1_140' title='bbox 869 1496 911 1537; x_wconf 90' lang='lat' dir='ltr'>p.</span> <span class='ocrx_word' id='word_1_141' title='bbox 933 1485 1036 1524; x_wconf 84' lang='lat'><strong>186.</strong></span> <span class='ocrx_word' id='word_1_142' title='bbox 1103 1483 1265 1523; x_wconf 86' lang='lat' dir='ltr'>Focum</span> <span class='ocrx_word' id='word_1_143' title='bbox 1290 1496 1525 1539; x_wconf 83' lang='lat' dir='ltr'>perennem</span> <span class='ocrx_word' id='word_1_144' title='bbox 1554 1482 1701 1525; x_wconf 89' lang='lat' dir='ltr'>laudat</span> <span class='ocrx_word' id='word_1_145' title='bbox 1729 1467 1966 1527; x_wconf 57' lang='lat' dir='ltr'>Min-inii.</span> 
     </span>
     <span class='ocr_line' id='line_1_16' title="bbox 261 1562 1966 1622; baseline 0.002 -18"><span class='ocrx_word' id='word_1_146' title='bbox 261 1562 345 1618; x_wconf 85' lang='lat' dir='ltr'>Ep.</span> <span class='ocrx_word' id='word_1_147' title='bbox 372 1563 429 1617; x_wconf 92' lang='grc' dir='ltr'>Χ,</span> <span class='ocrx_word' id='word_1_148' title='bbox 447 1566 518 1606; x_wconf 84' lang='grc'>47.</span> <span class='ocrx_word' id='word_1_149' title='bbox 580 1564 851 1608; x_wconf 74' lang='lat' dir='ltr'>Huscmssus</span> <span class='ocrx_word' id='word_1_150' title='bbox 882 1565 1005 1608; x_wconf 83' lang='lat' dir='ltr'><strong>addit</strong></span> <span class='ocrx_word' id='word_1_151' title='bbox 1035 1566 1235 1622; x_wconf 87' lang='lat' dir='ltr'>Inscript.</span> <span class='ocrx_word' id='word_1_152' title='bbox 1262 1580 1330 1622; x_wconf 85' lang='lat' dir='ltr'>ap.</span> <span class='ocrx_word' id='word_1_153' title='bbox 1354 1566 1610 1609; x_wconf 88' lang='lat' dir='ltr'>Fabrettum</span> <span class='ocrx_word' id='word_1_154' title='bbox 1633 1579 1670 1610; x_wconf 88' lang='lat' dir='ltr'>c.</span> <span class='ocrx_word' id='word_1_155' title='bbox 1688 1566 1766 1611; x_wconf 86' lang='lat' dir='ltr'><strong>lv.</strong></span> <span class='ocrx_word' id='word_1_156' title='bbox 1789 1579 1833 1622; x_wconf 84' lang='lat' dir='ltr'>p.</span> <span class='ocrx_word' id='word_1_157' title='bbox 1849 1567 1966 1609; x_wconf 69' lang='lat'>²⁸82</span> 
     </span>
     <span class='ocr_line' id='line_1_17' title="bbox 261 1647 1962 1693; baseline 0.002 -6"><span class='ocrx_word' id='word_1_158' title='bbox 261 1659 395 1688; x_wconf 66' lang='lat' dir='ltr'><strong>Tvn‘c.</strong></span> <span class='ocrx_word' id='word_1_159' title='bbox 438 1659 571 1690; x_wconf 74' lang='lat' dir='ltr'>mssvs.</span> <span class='ocrx_word' id='word_1_160' title='bbox 612 1659 813 1690; x_wconf 73' lang='lat' dir='ltr'>Assmvss.</span> <span class='ocrx_word' id='word_1_161' title='bbox 860 1660 1055 1691; x_wconf 77' lang='lat' dir='ltr'><strong>SEMPER.</strong></span> <span class='ocrx_word' id='word_1_162' title='bbox 1097 1661 1236 1692; x_wconf 72' lang='lat' dir='ltr'><strong>BENE.</strong></span> <span class='ocrx_word' id='word_1_163' title='bbox 1277 1661 1434 1693; x_wconf 75' lang='lat' dir='ltr'>varr.</span> <span class='ocrx_word' id='word_1_164' title='bbox 1476 1660 1632 1691; x_wconf 73' lang='lat' dir='ltr'>Amen.</span> <span class='ocrx_word' id='word_1_165' title='bbox 1665 1660 1818 1691; x_wconf 72' lang='lat' dir='ltr'>Focvs.</span> <span class='ocrx_word' id='word_1_166' title='bbox 1864 1647 1962 1691; x_wconf 82' lang='lat' dir='ltr'><strong>coll.</strong></span> 
     </span>
     <span class='ocr_line' id='line_1_18' title="bbox 260 1729 1963 1786; baseline 0.002 -17"><span class='ocrx_word' id='word_1_167' title='bbox 260 1740 464 1770; x_wconf 68' lang='lat' dir='ltr'><strong>Aurum..</strong></span> <span class='ocrx_word' id='word_1_168' title='bbox 496 1741 603 1773; x_wconf 67' lang='grc' dir='ltr'>ΜΤ.</span> <span class='ocrx_word' id='word_1_169' title='bbox 635 1729 760 1771; x_wconf 83' lang='lat' dir='ltr'>Tom.</span> <span class='ocrx_word' id='word_1_170' title='bbox 794 1729 851 1782; x_wconf 88' lang='grc' dir='ltr'><strong>ΙΙ,</strong></span> <span class='ocrx_word' id='word_1_171' title='bbox 884 1744 926 1785; x_wconf 92' lang='lat' dir='ltr'>p.</span> <span class='ocrx_word' id='word_1_172' title='bbox 957 1733 1030 1772; x_wconf 83' lang='lat'><strong>23.</strong></span> <span class='ocrx_word' id='word_1_173' title='bbox 1091 1729 1175 1772; x_wconf 88' lang='lat' dir='ltr'>Est</span> <span class='ocrx_word' id='word_1_174' title='bbox 1202 1730 1452 1783; x_wconf 70' lang='lat' dir='ltr'>,exstinctus</span> <span class='ocrx_word' id='word_1_175' title='bbox 1482 1730 1604 1773; x_wconf 87' lang='lat' dir='ltr'>focus</span> <span class='ocrx_word' id='word_1_176' title='bbox 1632 1742 1825 1774; x_wconf 83' lang='lat' dir='ltr'>summae</span> <span class='ocrx_word' id='word_1_177' title='bbox 1854 1743 1963 1786; x_wconf 85' lang='lat' dir='ltr'>pau-</span> 
     </span>
     <span class='ocr_line' id='line_1_19' title="bbox 258 1811 1966 1870; baseline 0.003 -18"><span class='ocrx_word' id='word_1_178' title='bbox 258 1811 453 1866; x_wconf 85' lang='lat' dir='ltr'>pertatis.</span> <span class='ocrx_word' id='word_1_179' title='bbox 515 1813 712 1868; x_wconf 89' lang='lat' dir='ltr'>Opponit</span> <span class='ocrx_word' id='word_1_180' title='bbox 759 1813 948 1856; x_wconf 85' lang='lat' dir='ltr'>Vossms</span> <span class='ocrx_word' id='word_1_181' title='bbox 997 1812 1096 1856; x_wconf 85' lang='lat' dir='ltr'>huic</span> <span class='ocrx_word' id='word_1_182' title='bbox 1142 1814 1315 1857; x_wconf 88' lang='lat' dir='ltr'>lectioni</span> <span class='ocrx_word' id='word_1_183' title='bbox 1358 1827 1455 1856; x_wconf 89' lang='lat' dir='ltr'>cum</span> <span class='ocrx_word' id='word_1_184' title='bbox 1504 1813 1625 1867; x_wconf 88' lang='lat' dir='ltr'>aliis,</span> <span class='ocrx_word' id='word_1_185' title='bbox 1673 1814 1966 1870; x_wconf 82' lang='lat' dir='ltr'>praecessisse</span> 
     </span>
     <span class='ocr_line' id='line_1_20' title="bbox 257 1894 1961 1952; baseline 0.002 -18"><span class='ocrx_word' id='word_1_186' title='bbox 257 1894 405 1948; x_wconf 91' lang='lat' dir='ltr'>paullo</span> <span class='ocrx_word' id='word_1_187' title='bbox 445 1898 547 1936; x_wconf 89' lang='lat' dir='ltr'>ante</span> <span class='ocrx_word' id='word_1_188' title='bbox 590 1895 706 1937; x_wconf 89' lang='lat' dir='ltr'>idem</span> <span class='ocrx_word' id='word_1_189' title='bbox 749 1896 941 1939; x_wconf 87' lang='lat' dir='ltr'>verbum.</span> <span class='ocrx_word' id='word_1_190' title='bbox 1017 1895 1107 1939; x_wconf 86' lang='lat' dir='ltr'>Sed</span> <span class='ocrx_word' id='word_1_191' title='bbox 1149 1896 1252 1938; x_wconf 86' lang='lat' dir='ltr'><strong>nihil</strong></span> <span class='ocrx_word' id='word_1_192' title='bbox 1286 1896 1552 1952; x_wconf 85' lang='lat' dir='ltr'>frequentius</span> <span class='ocrx_word' id='word_1_193' title='bbox 1581 1896 1696 1952; x_wconf 89' lang='lat' dir='ltr'>apud</span> <span class='ocrx_word' id='word_1_194' title='bbox 1726 1896 1961 1951; x_wconf 82' lang='lat' dir='ltr'><strong>Tibullum,</strong></span> 
     </span>
     <span class='ocr_line' id='line_1_21' title="bbox 255 1976 1960 2022; baseline 0.002 -4"><span class='ocrx_word' id='word_1_195' title='bbox 255 1976 354 2018; x_wconf 87' lang='lat' dir='ltr'>vide</span> <span class='ocrx_word' id='word_1_196' title='bbox 396 1976 679 2021; x_wconf 74' lang='lat' dir='ltr'>Huscnxum</span> <span class='ocrx_word' id='word_1_197' title='bbox 722 1977 776 2019; x_wconf 89' lang='lat' dir='ltr'>ad</span> <span class='ocrx_word' id='word_1_198' title='bbox 818 1991 859 2021; x_wconf 84' lang='lat' dir='ltr'><strong>v.</strong></span> <span class='ocrx_word' id='word_1_199' title='bbox 891 1981 965 2020; x_wconf 88' lang='grc'>50.</span> <span class='ocrx_word' id='word_1_200' title='bbox 1012 1982 1058 2020; x_wconf 89' lang='lat' dir='ltr'>et</span> <span class='ocrx_word' id='word_1_201' title='bbox 1100 1979 1515 2022; x_wconf 73' lang='lat' dir='ltr'>thnssnmcmtm</span> <span class='ocrx_word' id='word_1_202' title='bbox 1545 1979 1589 2021; x_wconf 91' lang='lat' dir='ltr'>in</span> <span class='ocrx_word' id='word_1_203' title='bbox 1623 1979 1870 2022; x_wconf 83' lang='lat' dir='ltr'>Observatt.</span> <span class='ocrx_word' id='word_1_204' title='bbox 1904 1978 1960 2022; x_wconf 81' lang='lat' dir='ltr'>ad</span> 
     </span>
     <span class='ocr_line' id='line_1_22' title="bbox 252 2061 1960 2119; baseline 0.001 -17"><span class='ocrx_word' id='word_1_205' title='bbox 252 2061 288 2114; x_wconf 92' lang='grc' dir='ltr'><strong>Ι,</strong></span> <span class='ocrx_word' id='word_1_206' title='bbox 317 2063 359 2113; x_wconf 89' lang='grc'>9,</span> <span class='ocrx_word' id='word_1_207' title='bbox 391 2065 463 2105; x_wconf 81' lang='grc'>67.</span> <span class='ocrx_word' id='word_1_208' title='bbox 507 2062 582 2115; x_wconf 91' lang='lat' dir='ltr'>qui</span> <span class='ocrx_word' id='word_1_209' title='bbox 624 2062 754 2104; x_wconf 88' lang='lat' dir='ltr'>etiam</span> <span class='ocrx_word' id='word_1_210' title='bbox 785 2063 1017 2115; x_wconf 84' lang='lat' dir='ltr'><strong>Virgilium</strong></span> <span class='ocrx_word' id='word_1_211' title='bbox 1053 2069 1290 2119; x_wconf 88' lang='lat' dir='ltr'>comparat.</span> <span class='ocrx_word' id='word_1_212' title='bbox 1351 2064 1428 2107; x_wconf 87' lang='lat' dir='ltr'>Sic</span> <span class='ocrx_word' id='word_1_213' title='bbox 1458 2065 1501 2107; x_wconf 87' lang='lat' dir='ltr'>in</span> <span class='ocrx_word' id='word_1_214' title='bbox 1531 2062 1614 2106; x_wconf 86' lang='lat' dir='ltr'>hoc</span> <span class='ocrx_word' id='word_1_215' title='bbox 1641 2065 1738 2118; x_wconf 88' lang='lat' dir='ltr'>ipso</span> <span class='ocrx_word' id='word_1_216' title='bbox 1770 2063 1960 2105; x_wconf 84' lang='lat' dir='ltr'>carmine</span> 
     </span>
     <span class='ocr_line' id='line_1_23' title="bbox 253 2143 1956 2202; baseline 0.003 -18"><span class='ocrx_word' id='word_1_217' title='bbox 253 2147 321 2185; x_wconf 87' lang='lat' dir='ltr'>est</span> <span class='ocrx_word' id='word_1_218' title='bbox 351 2156 390 2186; x_wconf 85' lang='lat' dir='ltr'><strong>v.</strong></span> <span class='ocrx_word' id='word_1_219' title='bbox 421 2147 494 2188; x_wconf 83' lang='lat'><strong>39.</strong></span> <span class='ocrx_word' id='word_1_220' title='bbox 537 2143 785 2201; x_wconf 82' lang='lat' dir='ltr'>antiquus,</span> <span class='ocrx_word' id='word_1_221' title='bbox 827 2157 870 2186; x_wconf 87' lang='lat' dir='ltr'><strong>v.</strong></span> <span class='ocrx_word' id='word_1_222' title='bbox 902 2147 974 2186; x_wconf 84' lang='lat'><strong>42.</strong></span> <span class='ocrx_word' id='word_1_223' title='bbox 1009 2143 1220 2202; x_wconf 80' lang='lat' dir='ltr'>antiquo,</span> <span class='ocrx_word' id='word_1_224' title='bbox 1268 2158 1371 2187; x_wconf 79' lang='lat' dir='ltr'>mox</span> <span class='ocrx_word' id='word_1_225' title='bbox 1415 2159 1454 2188; x_wconf 89' lang='lat' dir='ltr'><strong>v.</strong></span> <span class='ocrx_word' id='word_1_226' title='bbox 1488 2147 1558 2186; x_wconf 82' lang='lat'><strong>45.</strong></span> <span class='ocrx_word' id='word_1_227' title='bbox 1603 2143 1762 2198; x_wconf 81' lang='lat' dir='ltr'>iuvat,</span> <span class='ocrx_word' id='word_1_228' title='bbox 1809 2158 1850 2190; x_wconf 89' lang='lat' dir='ltr'><strong>v.</strong></span> <span class='ocrx_word' id='word_1_229' title='bbox 1882 2148 1956 2189; x_wconf 83' lang='lat'><strong>48.</strong></span> 
     </span>
     <span class='ocr_line' id='line_1_24' title="bbox 250 2223 1956 2281; baseline 0.005 -17"><span class='ocrx_word' id='word_1_230' title='bbox 250 2223 452 2266; x_wconf 79' lang='lat' dir='ltr'>iuvante.</span> <span class='ocrx_word' id='word_1_231' title='bbox 526 2226 670 2278; x_wconf 85' lang='lat' dir='ltr'><strong>Atque</strong></span> <span class='ocrx_word' id='word_1_232' title='bbox 700 2230 751 2267; x_wconf 93' lang='lat' dir='ltr'>ut</span> <span class='ocrx_word' id='word_1_233' title='bbox 789 2226 898 2267; x_wconf 88' lang='lat' dir='ltr'>alios</span> <span class='ocrx_word' id='word_1_234' title='bbox 933 2226 1166 2281; x_wconf 78' lang='lat' dir='ltr'>scriptores</span> <span class='ocrx_word' id='word_1_235' title='bbox 1196 2226 1449 2280; x_wconf 84' lang='lat' dir='ltr'>afferamus,</span> <span class='ocrx_word' id='word_1_236' title='bbox 1493 2227 1591 2270; x_wconf 89' lang='lat' dir='ltr'>vide</span> <span class='ocrx_word' id='word_1_237' title='bbox 1623 2228 1869 2271; x_wconf 70' lang='lat' dir='ltr'><strong>DRAIOENB.</strong></span> <span class='ocrx_word' id='word_1_238' title='bbox 1901 2229 1956 2272; x_wconf 88' lang='lat' dir='ltr'>ad</span> 
     </span>
     <span class='ocr_line' id='line_1_25' title="bbox 252 2306 1954 2364; baseline 0.005 -17"><span class='ocrx_word' id='word_1_239' title='bbox 252 2306 349 2348; x_wconf 86' lang='lat' dir='ltr'>Liv.</span> <span class='ocrx_word' id='word_1_240' title='bbox 378 2307 412 2359; x_wconf 91' lang='grc' dir='ltr'><strong>Ι,</strong></span> <span class='ocrx_word' id='word_1_241' title='bbox 436 2310 480 2360; x_wconf 83' lang='grc'><strong>3,</strong></span> <span class='ocrx_word' id='word_1_242' title='bbox 511 2310 553 2350; x_wconf 87' lang='lat'>9.</span> <span class='ocrx_word' id='word_1_243' title='bbox 615 2307 849 2352; x_wconf 72' lang='lat' dir='ltr'>Heusme.</span> <span class='ocrx_word' id='word_1_244' title='bbox 891 2309 944 2351; x_wconf 87' lang='lat' dir='ltr'>ad</span> <span class='ocrx_word' id='word_1_245' title='bbox 989 2309 1128 2352; x_wconf 88' lang='lat' dir='ltr'>Cicer.</span> <span class='ocrx_word' id='word_1_246' title='bbox 1173 2309 1228 2352; x_wconf 91' lang='lat' dir='ltr'>de</span> <span class='ocrx_word' id='word_1_247' title='bbox 1269 2311 1356 2354; x_wconf 83' lang='lat' dir='ltr'><strong>Off.</strong></span> <span class='ocrx_word' id='word_1_248' title='bbox 1391 2311 1427 2363; x_wconf 88' lang='grc' dir='ltr'><strong>Ι,</strong></span> <span class='ocrx_word' id='word_1_249' title='bbox 1457 2314 1531 2364; x_wconf 91' lang='grc'><strong>20,</strong></span> <span class='ocrx_word' id='word_1_250' title='bbox 1564 2314 1636 2355; x_wconf 91' lang='grc'>10.</span> <span class='ocrx_word' id='word_1_251' title='bbox 1695 2311 1820 2355; x_wconf 85' lang='lat' dir='ltr'>Adde</span> <span class='ocrx_word' id='word_1_252' title='bbox 1850 2312 1954 2356; x_wconf 83' lang='lat' dir='ltr'><strong>ibid.</strong></span> 
     </span>
     <span class='ocr_line' id='line_1_26' title="bbox 248 2388 1953 2452; baseline 0.006 -23"><span class='ocrx_word' id='word_1_253' title='bbox 248 2388 285 2441; x_wconf 90' lang='grc' dir='ltr'>Ι,</span> <span class='ocrx_word' id='word_1_254' title='bbox 317 2391 358 2441; x_wconf 84' lang='lat'>4,</span> <span class='ocrx_word' id='word_1_255' title='bbox 388 2393 432 2433; x_wconf 89' lang='lat'>9.</span> <span class='ocrx_word' id='word_1_256' title='bbox 473 2393 546 2444; x_wconf 90' lang='grc'><strong>21,</strong></span> <span class='ocrx_word' id='word_1_257' title='bbox 579 2393 623 2433; x_wconf 85' lang='grc'>3.</span> <span class='ocrx_word' id='word_1_258' title='bbox 670 2391 750 2445; x_wconf 89' lang='lat'><strong>111,</strong></span> <span class='ocrx_word' id='word_1_259' title='bbox 781 2395 823 2446; x_wconf 88' lang='lat'>4,</span> <span class='ocrx_word' id='word_1_260' title='bbox 857 2397 928 2436; x_wconf 88' lang='lat'>15.</span> <span class='ocrx_word' id='word_1_261' title='bbox 973 2397 1047 2447; x_wconf 89' lang='grc'><strong>30,</strong></span> <span class='ocrx_word' id='word_1_262' title='bbox 1079 2398 1120 2437; x_wconf 89' lang='lat'><strong>9.</strong></span> <span class='ocrx_word' id='word_1_263' title='bbox 1194 2395 1314 2451; x_wconf 82' lang='lat' dir='ltr'>Inter</span> <span class='ocrx_word' id='word_1_264' title='bbox 1349 2392 1544 2438; x_wconf 79' lang='lat' dir='ltr'>Graecos</span> <span class='ocrx_word' id='word_1_265' title='bbox 1574 2396 1689 2452; x_wconf 90' lang='lat' dir='ltr'>apud</span> <span class='ocrx_word' id='word_1_266' title='bbox 1718 2396 1953 2440; x_wconf 89' lang='lat' dir='ltr'>Homerum</span> 
     </span>
     <span class='ocr_line' id='line_1_27' title="bbox 246 2471 1951 2536; baseline 0.008 -23"><span class='ocrx_word' id='word_1_267' title='bbox 246 2471 361 2515; x_wconf 86' lang='lat' dir='ltr'>idem</span> <span class='ocrx_word' id='word_1_268' title='bbox 391 2475 434 2517; x_wconf 90' lang='lat' dir='ltr'>in</span> <span class='ocrx_word' id='word_1_269' title='bbox 467 2487 722 2530; x_wconf 82' lang='lat' dir='ltr'>unaquaque</span> <span class='ocrx_word' id='word_1_270' title='bbox 754 2478 911 2532; x_wconf 82' lang='lat' dir='ltr'>pagina</span> <span class='ocrx_word' id='word_1_271' title='bbox 954 2480 1161 2535; x_wconf 78' lang='lat' dir='ltr'>reperiaS.</span> <span class='ocrx_word' id='word_1_272' title='bbox 1234 2480 1330 2522; x_wconf 88' lang='lat' dir='ltr'>Nec</span> <span class='ocrx_word' id='word_1_273' title='bbox 1361 2481 1454 2536; x_wconf 90' lang='lat' dir='ltr'>ipse</span> <span class='ocrx_word' id='word_1_274' title='bbox 1485 2481 1753 2523; x_wconf 64' lang='lat' dir='ltr'>Sopnocmzs</span> <span class='ocrx_word' id='word_1_275' title='bbox 1794 2482 1951 2526; x_wconf 85' lang='lat' dir='ltr'>talibus</span> 
     </span>
     <span class='ocr_line' id='line_1_28' title="bbox 248 2558 1951 2624; baseline 0.006 -25"><span class='ocrx_word' id='word_1_276' title='bbox 248 2558 576 2612; x_wconf 84' lang='lat' dir='ltr'>repetitionibus</span> <span class='ocrx_word' id='word_1_277' title='bbox 620 2562 850 2616; x_wconf 88' lang='lat' dir='ltr'>abstinuit,</span> <span class='ocrx_word' id='word_1_278' title='bbox 898 2564 1031 2606; x_wconf 89' lang='lat' dir='ltr'>veluti</span> <span class='ocrx_word' id='word_1_279' title='bbox 1068 2564 1232 2610; x_wconf 89' lang='lat' dir='ltr'>Electr.</span> <span class='ocrx_word' id='word_1_280' title='bbox 1269 2569 1361 2608; x_wconf 91' lang='grc'>580</span> <span class='ocrx_word' id='word_1_281' title='bbox 1391 2579 1484 2620; x_wconf 89' lang='lat' dir='ltr'><strong>sqq.</strong></span> <span class='ocrx_word' id='word_1_282' title='bbox 1560 2567 1703 2622; x_wconf 87' lang='lat' dir='ltr'><strong>Atque</strong></span> <span class='ocrx_word' id='word_1_283' title='bbox 1745 2568 1951 2624; x_wconf 87' lang='lat' dir='ltr'>imprimis</span> 
     </span>
     <span class='ocr_line' id='line_1_29' title="bbox 247 2641 1950 2703; baseline 0.006 -20"><span class='ocrx_word' id='word_1_284' title='bbox 247 2641 450 2696; x_wconf 83' lang='lat' dir='ltr'>frequens</span> <span class='ocrx_word' id='word_1_285' title='bbox 498 2657 568 2687; x_wconf 88' lang='lat' dir='ltr'>res</span> <span class='ocrx_word' id='word_1_286' title='bbox 612 2647 727 2701; x_wconf 84' lang='lat' dir='ltr'>apud</span> <span class='ocrx_word' id='word_1_287' title='bbox 772 2646 1026 2703; x_wconf 86' lang='lat' dir='ltr'>Euripidem</span> <span class='ocrx_word' id='word_1_288' title='bbox 1075 2653 1167 2702; x_wconf 87' lang='lat' dir='ltr'>est,</span> <span class='ocrx_word' id='word_1_289' title='bbox 1217 2649 1271 2691; x_wconf 92' lang='lat' dir='ltr'>de</span> <span class='ocrx_word' id='word_1_290' title='bbox 1318 2662 1402 2703; x_wconf 90' lang='lat' dir='ltr'><strong>qua</strong></span> <span class='ocrx_word' id='word_1_291' title='bbox 1449 2649 1560 2692; x_wconf 85' lang='lat' dir='ltr'>dixit</span> <span class='ocrx_word' id='word_1_292' title='bbox 1604 2651 1844 2693; x_wconf 63' lang='lat' dir='ltr'>vincum.</span> <span class='ocrx_word' id='word_1_293' title='bbox 1895 2651 1950 2693; x_wconf 83' lang='lat' dir='ltr'>ad</span> 
     </span>
     <span class='ocr_line' id='line_1_30' title="bbox 247 2726 1948 2791; baseline 0.005 -23"><span class='ocrx_word' id='word_1_294' title='bbox 247 2726 474 2771; x_wconf 86' lang='lat' dir='ltr'>Phoeniss.</span> <span class='ocrx_word' id='word_1_295' title='bbox 508 2743 549 2785; x_wconf 88' lang='lat' dir='ltr'>p.</span> <span class='ocrx_word' id='word_1_296' title='bbox 570 2727 684 2772; x_wconf 70' lang='grc'><strong>240.</strong></span> <span class='ocrx_word' id='word_1_297' title='bbox 746 2730 815 2773; x_wconf 87' lang='lat' dir='ltr'>Ad</span> <span class='ocrx_word' id='word_1_298' title='bbox 846 2732 1067 2775; x_wconf 88' lang='lat' dir='ltr'>Tibullum</span> <span class='ocrx_word' id='word_1_299' title='bbox 1098 2738 1147 2775; x_wconf 90' lang='lat' dir='ltr'>ut</span> <span class='ocrx_word' id='word_1_300' title='bbox 1176 2732 1376 2787; x_wconf 86' lang='lat' dir='ltr'>redeam,</span> <span class='ocrx_word' id='word_1_301' title='bbox 1415 2734 1587 2788; x_wconf 89' lang='lat' dir='ltr'>qnidam</span> <span class='ocrx_word' id='word_1_302' title='bbox 1620 2735 1748 2777; x_wconf 89' lang='lat' dir='ltr'>etiam</span> <span class='ocrx_word' id='word_1_303' title='bbox 1779 2734 1834 2777; x_wconf 90' lang='lat' dir='ltr'>de</span> <span class='ocrx_word' id='word_1_304' title='bbox 1866 2749 1948 2791; x_wconf 87' lang='lat' dir='ltr'>op-</span> 
     </span>
     <span class='ocr_line' id='line_1_31' title="bbox 246 2810 1946 2873; baseline 0.006 -22"><span class='ocrx_word' id='word_1_305' title='bbox 246 2810 460 2864; x_wconf 89' lang='lat' dir='ltr'>positione</span> <span class='ocrx_word' id='word_1_306' title='bbox 490 2813 760 2866; x_wconf 84' lang='lat' dir='ltr'>cogitarunt,</span> <span class='ocrx_word' id='word_1_307' title='bbox 791 2811 918 2854; x_wconf 81' lang='lat' dir='ltr'>labor</span> <span class='ocrx_word' id='word_1_308' title='bbox 952 2813 1166 2856; x_wconf 79' lang='lat' dir='ltr'>assiduus</span> <span class='ocrx_word' id='word_1_309' title='bbox 1197 2835 1252 2847; x_wconf 84' lang='lat'>--</span> <span class='ocrx_word' id='word_1_310' title='bbox 1285 2815 1469 2857; x_wconf 76' lang='lat' dir='ltr'>assiduo</span> <span class='ocrx_word' id='word_1_311' title='bbox 1499 2814 1628 2873; x_wconf 83' lang='lat' dir='ltr'>igne,</span> <span class='ocrx_word' id='word_1_312' title='bbox 1667 2817 1783 2871; x_wconf 89' lang='lat' dir='ltr'>quod</span> <span class='ocrx_word' id='word_1_313' title='bbox 1813 2816 1946 2862; x_wconf 88' lang='lat' dir='ltr'>nihili.</span> 
     </span>
     <span class='ocr_line' id='line_1_32' title="bbox 247 2882 1946 2954; baseline 0.005 -21"><span class='ocrx_word' id='word_1_314' title='bbox 247 2892 393 2946; x_wconf 91' lang='lat' dir='ltr'>Atque</span> <span class='ocrx_word' id='word_1_315' title='bbox 423 2892 529 2937; x_wconf 88' lang='lat' dir='ltr'>haec</span> <span class='ocrx_word' id='word_1_316' title='bbox 561 2894 779 2939; x_wconf 86' lang='lat' dir='ltr'>hactenus.</span> <span class='ocrx_word' id='word_1_317' title='bbox 841 2896 990 2938; x_wconf 88' lang='lat' dir='ltr'>Altera</span> <span class='ocrx_word' id='word_1_318' title='bbox 1030 2882 1174 2938; x_wconf 80' lang='lat' dir='ltr'>lectio</span> <span class='ocrx_word' id='word_1_319' title='bbox 1196 2897 1359 2954; x_wconf 78' lang='lat' dir='ltr'>exiguo</span> <span class='ocrx_word' id='word_1_320' title='bbox 1402 2898 1611 2954; x_wconf 90' lang='lat' dir='ltr'>probatur</span> <span class='ocrx_word' id='word_1_321' title='bbox 1649 2898 1703 2940; x_wconf 91' lang='lat' dir='ltr'>ab</span> <span class='ocrx_word' id='word_1_322' title='bbox 1739 2899 1946 2954; x_wconf 67' lang='lat' dir='ltr'>Hermo,</span> 
     </span>
     <span class='ocr_line' id='line_1_33' title="bbox 247 2972 1947 3038; baseline 0.008 -25"><span class='ocrx_word' id='word_1_323' title='bbox 247 2972 550 3029; x_wconf 70' lang='lat' dir='ltr'>E1cnsmmo,</span> <span class='ocrx_word' id='word_1_324' title='bbox 583 2978 976 3031; x_wconf 72' lang='lat' dir='ltr'>mennmcmo,</span> <span class='ocrx_word' id='word_1_325' title='bbox 1009 2979 1201 3032; x_wconf 81' lang='lat' dir='ltr'>Vossm3</span> <span class='ocrx_word' id='word_1_326' title='bbox 1236 2979 1312 3022; x_wconf 84' lang='lat' dir='ltr'>sed</span> <span class='ocrx_word' id='word_1_327' title='bbox 1344 2980 1592 3036; x_wconf 87' lang='lat' dir='ltr'>designaret</span> <span class='ocrx_word' id='word_1_328' title='bbox 1623 2983 1809 3037; x_wconf 80' lang='lat' dir='ltr'>exiguus</span> <span class='ocrx_word' id='word_1_329' title='bbox 1834 2984 1947 3038; x_wconf 84' lang='lat' dir='ltr'>ignis</span> 
     </span>
     <span class='ocr_line' id='line_1_34' title="bbox 245 3054 1944 3116; baseline 0.007 -19"><span class='ocrx_word' id='word_1_330' title='bbox 245 3054 454 3099; x_wconf 84' lang='lat' dir='ltr'>hominem</span> <span class='ocrx_word' id='word_1_331' title='bbox 497 3059 541 3100; x_wconf 92' lang='lat' dir='ltr'>in</span> <span class='ocrx_word' id='word_1_332' title='bbox 586 3072 741 3113; x_wconf 85' lang='lat' dir='ltr'>magna</span> <span class='ocrx_word' id='word_1_333' title='bbox 782 3060 928 3115; x_wconf 87' lang='lat' dir='ltr'>inopia</span> <span class='ocrx_word' id='word_1_334' title='bbox 969 3061 1204 3114; x_wconf 87' lang='lat' dir='ltr'>viventem,</span> <span class='ocrx_word' id='word_1_335' title='bbox 1251 3063 1421 3116; x_wconf 89' lang='lat' dir='ltr'>qualem</span> <span class='ocrx_word' id='word_1_336' title='bbox 1459 3064 1666 3107; x_wconf 85' lang='lat' dir='ltr'>describit</span> <span class='ocrx_word' id='word_1_337' title='bbox 1704 3065 1944 3109; x_wconf 77' lang='lat' dir='ltr'>Lssomms</span> 
     </span>
     <span class='ocr_line' id='line_1_35' title="bbox 240 3139 1942 3205; baseline 0.006 -24"><span class='ocrx_word' id='word_1_338' title='bbox 240 3140 454 3186; x_wconf 72' lang='lat' dir='ltr'><strong>TARENT.</strong></span> <span class='ocrx_word' id='word_1_339' title='bbox 498 3155 566 3199; x_wconf 83' lang='lat' dir='ltr'>ep.</span> <span class='ocrx_word' id='word_1_340' title='bbox 599 3143 695 3188; x_wconf 87' lang='lat' dir='ltr'><strong>LV.</strong></span> <span class='ocrx_word' id='word_1_341' title='bbox 739 3139 855 3200; x_wconf 65' lang='grc' dir='ltr'>κενεή</span> <span class='ocrx_word' id='word_1_342' title='bbox 889 3159 932 3185; x_wconf 82' lang='grc' dir='ltr'><em>οέ</em></span> <span class='ocrx_word' id='word_1_343' title='bbox 968 3148 1273 3201; x_wconf 67' lang='grc' dir='ltr'><strong><em>περιστέψαιτο</em></strong></span> <span class='ocrx_word' id='word_1_344' title='bbox 1306 3144 1459 3205; x_wconf 49' lang='lat' dir='ltr'>aedui,</span> <span class='ocrx_word' id='word_1_345' title='bbox 1501 3145 1554 3204; x_wconf 75' lang='grc' dir='ltr'>ἢν</span> <span class='ocrx_word' id='word_1_346' title='bbox 1584 3144 1755 3191; x_wconf 75' lang='grc' dir='ltr'><strong><em>θάλποι</em></strong></span> <span class='ocrx_word' id='word_1_347' title='bbox 1792 3147 1942 3200; x_wconf 77' lang='grc' dir='ltr'><em>μικκόν</em></span> 
     </span>
     <span class='ocr_line' id='line_1_36' title="bbox 240 3219 1942 3282; baseline 0.009 -20"><span class='ocrx_word' id='word_1_348' title='bbox 240 3221 328 3280; x_wconf 73' lang='grc' dir='ltr'>πῦρ</span> <span class='ocrx_word' id='word_1_349' title='bbox 359 3219 687 3277; x_wconf 69' lang='grc' dir='ltr'><strong>ἀνακαιόμενον,</strong></span> <span class='ocrx_word' id='word_1_350' title='bbox 720 3228 835 3282; x_wconf 88' lang='lat' dir='ltr'>quod</span> <span class='ocrx_word' id='word_1_351' title='bbox 867 3242 891 3270; x_wconf 88' lang='lat' dir='ltr'>a</span> <span class='ocrx_word' id='word_1_352' title='bbox 922 3229 1084 3272; x_wconf 87' lang='lat' dir='ltr'>Tibulli</span> <span class='ocrx_word' id='word_1_353' title='bbox 1115 3231 1359 3275; x_wconf 90' lang='lat' dir='ltr'>conditione</span> <span class='ocrx_word' id='word_1_354' title='bbox 1389 3234 1575 3275; x_wconf 83' lang='lat' dir='ltr'>alienum</span> <span class='ocrx_word' id='word_1_355' title='bbox 1607 3238 1686 3278; x_wconf 86' lang='lat' dir='ltr'>est.</span> <span class='ocrx_word' id='word_1_356' title='bbox 1716 3254 1772 3266; x_wconf 89' lang='lat'>—-</span> <span class='ocrx_word' id='word_1_357' title='bbox 1817 3235 1942 3278; x_wconf 87' lang='lat' dir='ltr'>Vidi-</span> 
     </span>
     <span class='ocr_line' id='line_1_37' title="bbox 239 3309 1938 3374; baseline 0.006 -25"><span class='ocrx_word' id='word_1_358' title='bbox 239 3320 334 3350; x_wconf 87' lang='lat' dir='ltr'>mus</span> <span class='ocrx_word' id='word_1_359' title='bbox 374 3309 626 3364; x_wconf 82' lang='lat' dir='ltr'>exordium3</span> <span class='ocrx_word' id='word_1_360' title='bbox 675 3325 788 3355; x_wconf 87' lang='lat' dir='ltr'>nunc</span> <span class='ocrx_word' id='word_1_361' title='bbox 819 3315 932 3357; x_wconf 88' lang='lat' dir='ltr'>enim</span> <span class='ocrx_word' id='word_1_362' title='bbox 964 3316 1019 3358; x_wconf 89' lang='lat' dir='ltr'>ad</span> <span class='ocrx_word' id='word_1_363' title='bbox 1057 3316 1386 3361; x_wconf 86' lang='lat' dir='ltr'>illustrationem</span> <span class='ocrx_word' id='word_1_364' title='bbox 1416 3316 1655 3361; x_wconf 85' lang='lat' dir='ltr'>sententiae</span> <span class='ocrx_word' id='word_1_365' title='bbox 1690 3317 1938 3374; x_wconf 83' lang='lat' dir='ltr'>propositae</span> 
     </span>
     <span class='ocr_line' id='line_1_38' title="bbox 241 3389 397 3444; baseline -0.006 -13"><span class='ocrx_word' id='word_1_366' title='bbox 241 3389 397 3444; x_wconf 84' lang='lat' dir='ltr'>pergit.</span> 
     </span>
    </p>
   </div>
   <div class='ocr_carea' id='block_1_3' title="bbox 2112 1120 2158 3750">
    <p class='ocr_par' dir='ltr' id='par_1_3' title="bbox 2112 1120 2158 3750">
     <span class='ocr_line' id='line_1_39' title="bbox 2112 1120 2158 3750; baseline 0 0"><span class='ocrx_word' id='word_1_367' title='bbox 2112 1120 2158 3750; x_wconf 95' lang='lat' dir='ltr'> </span> 
     </span>
    </p>
   </div>
  </div>
 </body>
</html>
