2158 3750
681 271 865 324 LIBR.
902 273 970 326 II.
1042 273 1246 327 ELEG.
1283 275 1375 329 ΠΙ.
1755 284 1859 331 233

613 642 663 701 E
718 643 765 703 L
822 641 873 701 E
933 641 989 702 G
1027 642 1074 739 Ι1Ι
1130 642 1186 704 Α
1314 645 1434 703 111.
1626 603 1825 690 ’ἐ

760 1018 1279 1091 ιΝΤΒοΒυρΤΙο.

160 1207 453 1284 nolendum
484 1238 552 1279 est
582 1235 766 1301 elegiam
796 1249 883 1280 non
914 1236 1105 1281 infimam
1133 1234 1249 1280 inter
1279 1235 1443 1277 Tibulli
1473 1236 1660 1280 carmina
1692 1236 1867 1278 lacunas

166 1315 353 1371 habere,
398 1297 772 1378 quamquuffiel
814 1321 878 1364 sic
917 1334 1003 1364 nou
1035 1321 1220 1364 obscura
1252 1325 1319 1362 est
1349 1320 1442 1362 eius
1470 1320 1595 1363 ratio.
1655 1319 1871 1372 NemesiS,

165 1402 277 1444 alter
306 1415 428 1445 amor
456 1402 643 1456 Tibulli,
683 1416 782 1446 cum
814 1402 986 1447 bomine
1016 1404 1176 1458 divite,
1212 1404 1287 1460 qui
1319 1417 1416 1447 cum
1448 1405 1550 1446 olim
1583 1417 1732 1446 servus
1763 1404 1870 1445 fuis—

166 1489 261 1538 set,
304 1485 459 1528 deiude
500 1486 741 1530 libertatem
784 1493 937 1530 nactus
967 1499 1146 1542 magnas
1178 1499 1284 1542 opes
1316 1499 1371 1529 ex
1405 1485 1563 1541 praeda
1595 1486 1750 1528 bellica
1786 1484 1869 1526 sibi

165 1574 419 1623 paraverat,
465 1581 596 1612 verno
642 1569 856 1624 quondam
893 1574 1118 1626 tempore,
1167 1569 1280 1611 circa
1322 1567 1581 1619 ambarvalia
1622 1566 1784 1619 credo,
1830 1566 1872 1607 in

164 1663 295 1704 agros
336 1650 618 1704 discesserat,
659 1655 710 1694 ut
749 1651 793 1694 in
837 1639 949 1695 villis
993 1653 1085 1694 eius
1128 1654 1338 1694 aestatem
1383 1650 1589 1704 degeret3
1638 1662 1723 1703 quo
1755 1648 1871 1691 facto

166 1734 367 1777 Tibullus
397 1734 605 1790 adspectu
640 1740 685 1778 et
725 1749 808 1778 usu
849 1737 1020 1792 puellae
1061 1736 1307 1778 carissimae
1349 1735 1540 1790 privatus
1572 1735 1761 1788 graviter
1791 1733 1873 1775 do-

166 1819 247 1862 luit
278 1825 323 1862 et
350 1818 431 1862 hoc
462 1833 634 1863 carmen
665 1821 850 1876 scripsit,
882 1820 1129 1863 dedicatum
1161 1819 1300 1862 amico
1334 1817 1554 1871 Cerintho,
1585 1818 1870 1873 compositum

167 1916 269 1945 vero
318 1902 428 1945 haud
474 1902 605 1946 dubie
655 1903 711 1946 ad
757 1903 976 1947 Nemesim
1025 1903 1393 1947 commovendam·
1475 1903 1637 1958 Accipe
1687 1902 1872 1956 singula.

169 1989 368 2033 Querens
410 1988 568 2030 abiisse
609 1988 822 2043 puellam,
868 1988 962 2042 ipse
995 1989 1124 2030 etiam
1158 1988 1200 2029 in
1243 2000 1374 2041 agros
1418 1988 1607 2029 virentes
1638 1999 1874 2041 properare

167 2072 289 2124 vult,
320 2070 393 2111 ubi
424 2069 509 2111 iam
540 2070 689 2112 Venus
720 2073 766 2112 et
796 2069 932 2112 Amor
961 2073 1219 2121 versantur,
1253 2074 1298 2111 et
1328 2069 1499 2112 labores
1530 2070 1715 2111 rusticos
1747 2082 1877 2124 para-

169 2160 240 2199 tus
273 2162 341 2199 est
371 2156 431 2198 ibi
465 2155 577 2198 ferre
602 2156 731 2198 etiam
766 2154 912 2207 duros,
944 2155 982 2196 si
1014 2154 1142 2197 modo
1176 2153 1390 2196 dominam
1422 2155 1486 2198 sic
1514 2153 1736 2209 adspicere
1773 2166 1878 2209 pos-

169 2242 240 2285 sit.
312 2240 424 2283 Nam
466 2241 567 2282 olim
610 2241 740 2282 etiam
784 2241 938 2295 Apollo
980 2240 1113 2282 boves
1146 2239 1320 2282 Admeti
1352 2240 1469 2294 pavit
1501 2252 1648 2281 amore
1681 2239 1878 2280 devictus

172 2329 217 2366 et
247 2323 302 2365 ad
333 2323 477 2365 infima
506 2322 683 2376 negotia
712 2323 949 2366 descendit.
1010 2323 1112 2378 Ipse
1139 2323 1246 2365 deus
1280 2335 1434 2364 vaccas
1466 2323 1646 2364 stabulis
1680 2323 1878 2376 expelle-

172 2407 248 2449 bat
275 2419 353 2448 nec
387 2404 669 2447 erubescebat
703 2405 880 2446 vitulum
913 2418 990 2454 per
1016 2417 1147 2459 agros
1176 2404 1319 2447 ferens
1349 2405 1573 2457 relictum3
1606 2403 1743 2445 fertur
1775 2417 1880 2446 coa-

175 2489 439 2544 gulationem
483 2486 605 2529 lactis
648 2485 847 2529 docuisse
889 2491 934 2529 et
976 2487 1160 2528 fiscellas
1205 2486 1413 2529 detexuit.
1477 2485 1572 2527 Nec
1607 2486 1747 2527 cultus
1781 2499 1881 2528 cot-
1941 2524 1950 2541 ‹

174 2573 291 2629 poris
321 2570 519 2614 manebat
552 2567 839 2626 pulcherrimo
875 2569 984 2621 deo,
1031 2574 1075 2611 et
1121 2581 1199 2623 pro
1231 2568 1404 2623 templis
1436 2566 1670 2622 splendidis
1703 2567 1745 2608 in
1779 2581 1881 2610 casa

175 2668 308 2713 parva
338 2653 561 2710 pastoritia
592 2651 826 2694 habitabat.
903 2651 993 2693 Isto
1038 2652 1149 2693 enim
1194 2656 1391 2706 ternpore
1436 2650 1548 2692 felici
1595 2649 1699 2693 nihil
1744 2652 1880 2694 maius

174 2750 321 2781 amore
365 2735 629 2787 habebatur,
675 2747 756 2777 nec
799 2734 916 2790 ipsos
961 2733 1066 2776 deos
1111 2732 1300 2788 pudebat
1332 2738 1483 2789 aperte
1516 2735 1672 2776 Veneri
1705 2736 1881 2778 servIre.

176 2822 233 2863 At
263 2831 388 2871 nunc,
421 2817 564 2873 pergit
593 2822 735 2872 poeta,
767 2816 953 2858 ferreum
984 2817 1203 2858 saeculum
1230 2821 1309 2868 est,
1342 2830 1421 2858 nec
1454 2831 1575 2860 amor
1606 2817 1683 2860 sed
1718 2818 1878 2874 praeda

180 2882 403 2954 laudatur,
444 2901 546 2943 licet
575 2911 644 2942 res
675 2898 807 2941 multa
840 2899 950 2940 mala
983 2896 1151 2941 habeat.
1215 2898 1320 2940 Inde
1355 2899 1468 2940 enim
1503 2900 1615 2941 bella
1659 2905 1755 2942 orta
1786 2906 1886 2943 sunt

178 2992 294 3029 terra
327 2984 530 3039 marique.
590 2981 751 3026 Redux
782 2988 925 3025 autem
956 2982 1071 3024 domi
1105 2983 1227 3025 miles
1261 2983 1490 3038 praedator
1523 2983 1747 3025 latifundia
1781 2995 1883 3026 coe-

178 3068 256 3111 mit
286 3067 437 3110 ovibus
469 3065 718 3122 pascendis,
749 3065 821 3108 ubi
852 3067 1005 3109 melius
1043 3065 1233 3110 homines
1263 3067 1481 3119 viverent,
1515 3073 1557 3109 et
1590 3068 1631 3109 in
1662 3068 1769 3110 urbe
1803 3066 1882 3109 do-

178 3165 272 3194 mos
315 3163 492 3205 magnas
536 3154 763 3202 exstruens
810 3150 1123 3192 transvectione
1171 3163 1372 3192 saxorum
1423 3150 1670 3192 immanium
1718 3149 1884 3193 vicinos

182 3242 315 3279 terret
349 3249 403 3278 ne
435 3238 662 3286 corruant,
692 3246 808 3275 mare
839 3238 984 3276 autem
1015 3235 1200 3277 molibus
1231 3240 1401 3291 septum
1438 3235 1577 3290 pisces
1605 3245 1778 3279 servare
1809 3247 1888 3277 co-

183 3319 299 3370 gitur
330 3317 469 3373 gulae.
535 3318 677 3371 Atque
722 3315 850 3358 etiam
889 3315 1087 3370 puellae,
1132 3314 1268 3369 eheu,
1315 3321 1468 3372 captae
1513 3322 1611 3358 sunt
1643 3317 1812 3358 luxuria
1842 3322 1886 3357 ct

185 3417 289 3458 opes
326 3403 467 3445 Venus
497 3402 629 3456 cupit.
692 3399 785 3442 Nec
832 3398 1028 3443 Nemesis
1067 3412 1163 3444 mea
1204 3400 1495 3454 frugalitatem
1541 3404 1654 3443 amat
1699 3403 1741 3441 et
1787 3398 1892 3439 sinn-
