2158 3750
342 271 443 320 144
742 269 1211 324 COMMENTAR.
1249 270 1326 322 IN
1362 270 1651 322 TIBULLI

340 415 550 473 cipueque
584 413 756 459 oculos,
799 412 878 471 qui
907 427 1128 460 meruere,
1165 410 1311 470 ferit,
1360 413 1433 456 ubi
1467 413 1552 457 vid.
1584 413 1817 458 KU1N081.0
1877 416 2036 460 Obiter

338 506 440 539 nota
470 498 598 540 etiam
629 498 765 538 minas
792 497 909 550 istas,
950 510 1048 540 cum
1097 497 1244 540 dicunt
1274 510 1320 539 se
1352 498 1533 552 eripere,
1564 498 1757 540 effodere
1787 501 1900 543 velle
1930 514 2036 544 ocu-

338 584 402 624 los
433 582 597 624 noxios,
637 586 685 622 ut
715 580 931 624 Tssnmwr.
962 579 1159 624 Eunuch.
1192 580 1268 633 lv,
1305 583 1348 632 6,
1377 583 1437 632 2.,
1469 581 1639 622 Graece
1670 577 1906 637 ἐξορύττειν
1937 579 2039 629 τούς

324 658 623 712 σ’φθαλμούς,
674 662 728 705 cf.
779 663 1000 706 Donvmr..
1044 662 1098 705 ad
1145 662 1366 706 Chariton.
1415 675 1516 717 pag.
1559 667 1663 705 543.
1711 664 1780 707 ed.
1829 665 1949 721 Lips.
1979 689 2039 698 —

336 745 390 788 V.
421 748 476 786 71
511 759 574 799 sq.
617 746 666 788 si
708 744 842 798 quid
884 757 1163 799 peccasse
1206 748 1399 799 puter,
1441 743 1478 785 si
1509 744 1688 797 credar,
1729 746 1812 787 etsi
1842 759 1927 787 non
1961 759 2038 788 ve-

336 839 430 869 rum
463 828 542 880 sit,
592 829 660 871 vel
695 829 739 871 in
769 830 845 871 tali
886 829 1132 885 suspicione
1172 828 1447 882 gravissimas
1490 841 1651 883 poenas
1694 829 1843 871 feram.
1905 829 2040 873 Vides

336 912 535 954 consulto
568 917 739 968 poetam
783 915 912 967 longe
943 914 1184 957 severiores
1215 912 1296 955 sibi
1329 912 1550 967 imponere
1587 912 1722 966 leges.
1782 910 1864 953 Est
1895 916 2040 954 autem

330 1007 543 1048 peccare.-
573 995 656 1038 frui
680 996 789 1039 alius
813 998 985 1053 puellae
1017 998 1235 1052 amplexu,
1268 1000 1314 1038 ut
1341 996 1475 1049 vides,
1508 995 1562 1038 cf.
1585 995 1621 1048 I,
1647 999 1688 1049 9,
1710 998 1783 1038 23.
1814 995 1891 1049 IV,
1910 998 1980 1048 14,
1998 999 2039 1039 1.

339 1079 488 1122 Probo
518 1085 662 1123 autem
686 1089 835 1137 puter,
865 1081 1074 1123 Italorum
1105 1081 1411 1132 coniecturam,
1444 1093 1526 1122 uec
1554 1092 1704 1123 verum
1734 1077 1876 1121 habeo
1901 1085 2038 1135 putet

334 1167 590 1218 propterea,
634 1164 733 1216 quia
774 1163 837 1205 sic
882 1177 946 1203 me
979 1163 1052 1206 vix
1083 1166 1202 1205 recte
1234 1162 1374 1204 omitti
1404 1164 1559 1218 potuit.
1622 1162 1878 1213 Notavimus
1906 1162 2040 1204 omis-

334 1245 499 1286 sionem
533 1245 831 1299 pronominum
862 1258 950 1290 me,
984 1252 1050 1291 te,
1081 1259 1151 1291 se,
1195 1258 1298 1290 nos,
1337 1259 1418 1286 vos
1447 1244 1723 1305 supra23·'ss.³.d
1753 1245 1901 1302 ill-tali
1933 1258 2041 1288 con-

335 1327 584 1380 structione,
617 1328 754 1381 qualis
783 1325 889 1371 haec
920 1333 1126 1382 esset,-se
1157 1333 1324 1372 tantum
1356 1329 1496 1371 omitti
1526 1330 1766 1386 poteo-&ut
1791 1338 1925 1384 supra
1953 1331 2037 1371 212

333 1423 412 1449 seu
442 1408 584 1451 visere
615 1409 754 1456 dicet,
802 1423 886 1453 non
930 1425 1010 1451 me·
1042 1433 1102 1442 —
1146 1409 1321 1454 ducar
1365 1410 1617 1466 capillis.
1679 1410 1838 1464 Ungue
1879 1411 2040 1465 petitos

333 1491 512 1546 capillos
543 1498 588 1534 et
620 1492 801 1535 laniatos
832 1505 858 1534 a
890 1492 1064 1535 furiosis
1097 1492 1252 1548 puellis
1283 1496 1467 1545 constat,
1498 1491 1586 1534 vid.
1619 1492 1755 1539 Ovu).
1789 1493 1958 1534 Amorr.
1982 1491 2038 1545 II,

332 1576 376 1626 7,
407 1578 450 1617 7.
490 1575 585 1617 Art.
617 1575 712 1618 Am.
745 1574 802 1629 ΙΙ,
833 1577 961 1629 451.,
993 1576 1071 1618 sed
1102 1575 1301 1617 Tibullus
1334 1576 1463 1617 etiam
1496 1575 1588 1630 rapi
1622 1588 1700 1631 per
1728 1575 1820 1618 vias
1850 1575 2041 1618 sustine-

332 1654 422 1708 bit,
462 1661 512 1698 ut
541 1657 601 1698 ait
631 1655 921 1712 hyperbolice.
987 1657 1195 1700 Ceterum
1227 1658 1386 1700 ducere
1418 1658 1585 1713 capillis
1617 1659 1790 1701 Graece
1825 1663 1892 1703 est
1919 1654 2036 1718 ἄγςιν

331 1734 562 1788 πλοκάμων
593 1740 762 1782 Asson.
795 1741 918 1795 Sept.
950 1742 1076 1792 328„
1118 1738 1251 1780 ἕλκειν
1291 1739 1379 1780 τῶν
1408 1739 1570 1796 τριχῶν
1601 1739 1794 1784 Acmen.
1827 1740 1944 1782 TA'r.
1977 1739 2033 1792 V,

331 1825 421 1876 23„
450 1818 584 1879 ἐρύειν
612 1825 757 1880 κουρίξ
788 1825 911 1867 Hom.
937 1825 1096 1878 odyss.
1123 1824 1268 1879 XXII,
1295 1828 1393 1868 187.
1426 1838 1536 1880 quae
1561 1826 1826 1882 comparavit
1852 1825 2039 1868 Huscrr-

331 1920 452 1951 Kms.
486 1932 542 1940 —
591 1911 886 1966 proripiat
927 1911 1079 1963 vias,
1124 1908 1165 1953 h.
1198 1924 1236 1952 e.
1270 1922 1352 1966 per
1381 1910 1502 1963 vim,
1531 1911 1670 1952 rarius
1700 1910 1838 1970 genus
1868 1908 2039 1951 dicendi

329 1990 521 2044 Latinis,
567 2005 823 2046 quamquam
865 1991 929 2032 ire
961 1991 1061 2033 vias
1094 1991 1269 2044 dicunt,
1320 1995 1368 2034 ut
1399 1993 1576 2035 VALssn.
1608 1992 1776 2034 Fusco.
1808 1991 1887 2044 111,
1919 1993 2038 2044 371„

331 2078 377 2115 et
409 2088 584 2114 currere
615 2072 715 2119 iter,
748 2072 880 2117 viam,
911 2087 1044 2117 mare,
1089 2086 1130 2115 v.
1163 2086 1200 2114 c.
1237 2073 1426 2116 Vmen..
1460 2074 1568 2115 Aen.
1597 2073 1674 2125 111,
1705 2075 1808 2115 391.
1842 2078 1886 2115 et
1917 2072 2039 2115 simi-

330 2156 402 2198 lia.
463 2156 554 2198 Sed
587 2156 742 2212 passivi
781 2168 906 2198 usum
938 2155 1344 2198 thnamacmus
1377 2169 1402 2198 e
1435 2155 1618 2198 Graecis
1650 2155 1859 2209 illustrat,
1903 2157 2037 2199 veluti

330 2240 471 2282 SOPH.
506 2241 650 2293 Antig.
682 2243 795 2282 877:
841 2237 1001 2292 ἄγομαι
1030 2235 1156 2279 τάνδ’
1191 2235 1312 2290 ὁδόν,
1358 2244 1402 2281 et
1439 2239 1602 2281 Electr.
1638 2241 1782 2281 1163:
1823 2240 2037 2287 πεμφθεὶς

330 2317 562 2369 κελεύθους
594 2318 861 2370 δεινοτάτας.
893 2345 953 2354 --
997 2322 1050 2364 V.
1081 2325 1138 2363 73
1173 2334 1237 2375 sq.
1300 2320 1420 2363 Non
1452 2333 1558 2375 ego
1591 2323 1646 2363 te
1677 2321 1917 2376 pulsare
1947 2334 2038 2364 ve-

332 2408 439 2451 lim.
504 2408 598 2450 Etsi
635 2406 734 2451 mihi
774 2410 816 2450 in
849 2406 1164 2463 suspicionibus
1198 2405 1317 2461 parci
1349 2419 1374 2447 a
1405 2409 1451 2448 te
1482 2405 1612 2458 nolo,
1649 2409 1794 2449 tamen
1832 2416 1887 2446 ne
1917 2404 2036 2458 time,

329 2503 386 2534 ne
415 2492 612 2534 similiter
642 2492 719 2535 tibi
749 2505 898 2535 manus
930 2492 1108 2534 iuiicere
1146 2490 1288 2533 velim.
1364 2490 1570 2532 Ceterum
1613 2489 1669 2532 de
1709 2502 1830 2533 more
1871 2490 2038 2546 puellas

328 2576 529 2632 pulsandi
575 2576 978 2618 Wunmnnmcnms
1024 2574 1194 2617 confert
1234 2572 1270 2626 1,
1315 2575 1387 2624 10,
1428 2576 1503 2616 55.
1544 2575 1616 2615 59.
1650 2575 1724 2616 65.
1787 2571 1968 2615 Honn’.
2000 2572 2036 2624 Ι,

331 2661 404 2710 13,
435 2662 478 2701 9.
513 2660 584 2699 lo.
627 2663 670 2700 et
702 2658 840 2700 Ovm.
873 2659 1042 2700 Amorr.
1074 2657 1110 2708 1,
1142 2659 1186 2698 7.
1217 2677 1278 2686 —
1325 2655 1573 2710 optarim
1615 2668 1719 2697 non
1760 2653 2036 2700 habuisse

329 2754 550 2796 manus,
594 2746 643 2783 ut
685 2742 878 2784 Ovmms
910 2742 953 2783 in
983 2741 1111 2783 simili
1141 2751 1271 2781 causa
1302 2738 1472 2786 Amorr.
1503 2738 1540 2791 I,
1574 2742 1617 2792 7,
1647 2741 1734 2782 23:
1782 2746 1887 2780 ante
1918 2754 2035 2783 meos

328 2823 524 2867 humeris
566 2823 721 2865 vellem
762 2822 970 2869 cecidisse
1010 2821 1218 2863 lacertos.
1247 2844 1306 2851 —
1352 2821 1583 2862 Postremo
1620 2821 1675 2864 ad
1714 2826 1854 2872 totum
1891 2823 2034 2875 locum

328 2909 509 2952 observa
541 2909 583 2952 in
613 2910 731 2952 nullo
762 2907 1109 2951 antecedentium
1149 2905 1384 2949 carminum
1427 2905 1532 2948 haec
1564 2907 1703 2961 lecta,
1747 2921 1859 2964 quae
1890 2911 2034 2955 omnla

327 2992 570 3033 molliorem
615 2996 659 3032 et
703 2991 917 3032 mitiorem
961 3001 1151 3031 amorem
1195 2989 1381 3044 spirant,
1429 3002 1556 3043 quam
1597 2994 1648 3033 ut
1689 2992 1793 3034 talia
1833 2992 2032 3036 accidere

327 3079 418 3116 tum
450 3075 645 3129 potuisse
675 3074 916 3117 videantur.
946 3097 1006 3105 —
1052 3075 1106 3116 V.
1141 3077 1216 3116 76.
1262 3077 1317 3114 te
1357 3071 1494 3115 mihi
1534 3079 1749 3126 servet,
1795 3079 1956 3117 castam
1985 3080 2031 3118 te

325 3161 518 3210 praestet
547 3157 676 3198 etiam
709 3157 784 3198 ubi
814 3169 900 3199 non
930 3157 989 3198 sis
1017 3157 1059 3198 in
1090 3160 1324 3212 conspectu
1356 3169 1467 3199 meo.
1507 3164 1556 3188 -'-
1612 3158 1665 3202 V.
1697 3162 1757 3200 77
1781 3171 1875 3212 sqq.
1918 3160 2032 3202 Suc-

327 3239 445 3281 cedit
477 3241 652 3281 ultimus
683 3240 830 3292 locus,
879 3240 952 3293 qui
987 3243 1052 3282 est
1093 3239 1148 3281 de
1188 3239 1345 3280 misera
1387 3238 1560 3280 fortuna
1592 3239 1850 3293 perfidarum
1881 3241 1923 3282 in
1957 3254 2029 3284 se-

325 3327 513 3364 nectute.
585 3321 765 3364 Confert
811 3322 1214 3363 Wmvmmmcmus
1264 3333 1403 3362 suave*
1445 3321 1710 3375 epigramma
1755 3324 1797 3365 in
1843 3324 2030 3379 puellam

326 3403 556 3460 superbam
588 3406 705 3459 olim,
735 3406 778 3447 in
810 3405 1085 3448 Anwflonoc..
1120 3407 1209 3449 Gn.
1242 3404 1295 3447 T.
1329 3404 1404 3457 lV,
1437 3419 1480 3460 p.
1507 3407 1620 3457 134„
1651 3406 1869 3450 laudatum
1900 3408 2030 3451 etiam

2144 2561 2158 2585 q

2144 2599 2158 2612 ,π
