2086 3756
254 247 334 278 m
933 223 1028 274 DE
1071 219 1270 276 PoEsi
1420 187 1470 240 ⁸

253 371 522 422 affectione
559 369 810 437 pectoris,
851 383 1021 434 neque
1071 363 1137 415 ad
1185 364 1370 432 poesin
1417 381 1471 414 se
1520 362 1772 413 sentiebat
1812 362 1952 412 exci-

255 464 378 527 tari,
430 463 524 514 ubi
559 481 685 515 vero
724 461 942 513 adversa
975 469 1214 525 tempora
1250 468 1421 522 erant,
1473 467 1523 507 et
1558 458 1760 507 clausae
1795 457 1952 518 fores,

252 557 476 622 dissidia,
510 555 740 623 perfidia,
781 555 1028 622 superbia
1063 554 1355 620 puellarum
1383 554 1659 604 obstabant
1687 549 1956 602 desideriis

253 652 373 717 suis,
407 663 530 701 tunc
562 650 792 700 carmina
827 666 974 700 amor
1011 647 1243 711 docebat,
1281 648 1326 698 si
1364 659 1540 714 posset
1573 648 1801 717 querela,
1834 664 1957 712 per·

253 747 533 809 suasiones
572 745 917 796 obtestatione
967 744 1286 796 commoveri
1322 744 1488 794 amica
1523 753 1575 794 et
1617 741 1854 795 revocari
1892 739 1959 790 ad

252 845 444 892 bonam
485 842 688 906 frugem
724 868 798 879 ——-
843 841 908 892 ad
948 841 1212 893 dominam
1263 840 1440 890 faciles
1489 837 1658 889 aditus
1705 853 1803 902 per
1847 851 1961 884 car-

253 938 394 987 mina
431 953 628 1005 quaero
663 964 737 975 ·-
777 953 871 986 nec
915 953 1025 987 non
1064 935 1175 1002 ipse
1218 933 1530 984 sedatiorem
1575 940 1766 982 statum
1803 926 1964 978 animi

255 1048 568 1097 recuperare
616 1031 783 1083 effuso
833 1032 890 1081 in
934 1033 1095 1084 verba
1134 1030 1334 1082 dolore.
1415 1028 1659 1080 Vidimus
1689 1036 1870 1076 ‘autem
1907 1033 1964 1073 ut

255 1126 542 1191 plurimum
564 1125 823 1178 infelicem
855 1145 975 1176 eum
1002 1128 1160 1178 fuisse
1186 1129 1243 1177 in
1275 1126 1541 1176 amoribus
1566 1123 1691 1173 suis·
1764 1118 1967 1182 Quodsi

259 1222 377 1288 quis
412 1232 519 1272 tam
558 1222 807 1289 proclivis
846 1221 911 1271 ad
941 1221 1203 1272 desideria
1240 1221 1428 1284 mollia,
1465 1217 1530 1268 ad
1567 1216 1813 1268 sublimes
1848 1232 1968 1266 sen-

259 1335 375 1382 su3‚
412 1317 478 1370 ad
513 1319 908 1385 imaginationes
947 1318 1203 1370 felicitatis
1243 1316 1585 1385 pulchrioriS,
1620 1323 1680 1364 ut
1714 1299 1986 1374 Tibullus}

262 1423 393 1482 quot
426 1415 634 1481 putabis
671 1424 909 1481 tempora
941 1412 1139 1465 doloris
1174 1412 1431 1475 incidere,
1470 1426 1629 1478 quam
1662 1405 1971 1458 familiarem

262 1508 384 1559 huic
424 1506 838 1575 querimoniam!
914 1505 1090 1570 Quare
1126 1509 1280 1559 etiam
1322 1505 1546 1557 rusticae
1593 1504 1729 1555 vitae
1777 1500 1970 1552 descri-

262 1605 531 1671 ptionibus
591 1615 643 1655 et
706 1604 935 1656 laetioris
997 1604 1287 1670 argumenti
1341 1601 1658 1654 carminibus
1716 1598 1973 1649 immiscet

264 1703 403 1766 fere,
455 1713 514 1752 ut
548 1701 802 1766 vidimu5‚
857 1702 1083 1769 suspiria
1127 1711 1178 1751 et
1214 1700 1480 1768 querelas,
1528 1714 1669 1748 nunc
1706 1697 1973 1747 bonorum

265 1795 575 1846 amissorum
619 1795 951 1861 recordatus,
1008 1814 1148 1846 nunc
1197 1794 1474 1860 agrestium
1526 1808 1714 1844 suosve
1764 1788 1972 1842 dolores

265 1891 544 1940 amatorios
581 1888 917 1940 adumbrans.
997 1891 1184 1942 Factus
1217 1900 1326 1941 erat
1352 1890 1593 1940 Tibullus
1622 1887 1667 1938 si
1698 1887 1815 1955 quis
1840 1887 1971 1938 alius

267 1986 333 2038 ad
368 1987 566 2038 flebiles
602 1985 788 2039 mohs
825 1986 1046 2052 elegiae:
1081 1987 1264 2037 intimo
1296 1987 1470 2036 animo
1501 1982 1734 2036 insidens
1763 1983 1975 2040 tristitia

266 2093 318 2134 et
354 2083 612 2134 felicitatis
657 2101 930 2152 nunquam
978 2085 1133 2150 plane
1173 2084 1384 2134 effectae
1425 2082 1741 2132 desiderium
1775 2079 1976 2132 indele-

265 2178 369 2229 bile
409 2196 566 2246 quem
599 2195 708 2228 non
747 2179 1029 2230 commovit
1061 2179 1189 2228 haec
1227 2177 1458 2228 carmina
1493 2173 1777 2242 legentem!

407 2273 610 2323 Verum
663 2272 803 2323 enim
851 2289 978 2325 vero
1016 2274 1058 2323 I.
1093 2272 1163 2322 H.
1197 2272 1420 2322 Vossius
1462 2269 1530 2320 ad
1563 2272 1753 2323 multas
1790 2268 1977 2334 elegias

268 2368 566 2419 annotavit:
615 2384 726 2418 non
764 2385 831 2418 ex
876 2367 1050 2417 animo
1089 2365 1282 2416 dixisse
1320 2367 1620 2429 Tibullum,
1671 2382 1782 2427 non
1821 2363 1978 2415 nimis

267 2462 500 2528 urgenda
542 2464 729 2527 verba,
779 2463 944 2515 iocari
991 2472 1199 2530 poetam
1247 2462 1418 2528 specie
1455 2470 1662 2526 sumpta
1697 2459 1978 2525 gravitatis,

266 2560 429 2612 veluti
467 2559 632 2609 iocari
676 2570 854 2609 monet
890 2559 1107 2608 Albium
1152 2557 1210 2607 in
1262 2567 1411 2606 sexta
1453 2556 1578 2606 libri
1622 2555 1807 2622 primi,
1866 2571 1977 2605 non

266 2654 422 2703 nimis
457 2655 594 2704 serio
620 2655 774 2722 queri
802 2654 859 2703 in
894 2652 1136 2716 secunda,
1173 2663 1224 2702 et
1257 2654 1314 2702 in
1353 2662 1538 2719 quarta
1574 2648 1806 2716 secundi,
1841 2667 1976 2718 quae

267 2767 447 2801 omnes
474 2760 581 2800 tam
608 2751 804 2800 alienae
845 2760 965 2800 sunt
1002 2768 1033 2799 a
1069 2750 1190 2799 lusu
1225 2759 1284 2799 ut
1319 2749 1453 2798 nihil
1487 2749 1666 2814 magis.
1735 2746 1976 2800 Eundem

268 2863 501 2897 errorem
533 2846 740 2898 iteravit
774 2845 1080 2908 RichteruS‚
1130 2845 1223 2912 qui
1271 2854 1391 2910 post
1425 2844 1676 2894 Vossium
1711 2844 1976 2895 transtulit

267 2942 553 2991 Tibullum.
627 2938 732 2989 Sed
767 2941 900 2990 nihil
933 2950 1009 2990 est
1041 2939 1339 3006 perversius
1375 2940 1472 2988 hac
1511 2941 1783 3006 opinione,
1839 2957 1973 3009 quae

263 3036 371 3086 vim
419 3033 780 3084 admirabilem
824 3035 1017 3085 horum
1066 3033 1356 3084 carminum
1404 3034 1560 3100 plane
1601 3033 1823 3099 frangit,
1873 3051 1974 3102 pro

264 3133 452 3181 affectu
489 3132 678 3195 lusum,
715 3147 816 3197 pro
853 3128 1036 3181 dolore
1074 3129 1250 3180 iocum
1287 3139 1346 3179 ut
1377 3130 1525 3180 lubet
1566 3130 1884 3181 substituens
1918 3130 1974 3180 in

262 3225 344 3274 his
393 3225 686 3288 amoribus,
738 3223 930 3292 quibus
970 3223 1102 3273 nihil
1137 3223 1417 3288 sinceriuS,
1467 3223 1686 3274 interius
1729 3224 1830 3274 fuit
1874 3242 1973 3274 un-

265 3337 438 3388 quam.
527 3320 662 3372 Illud
709 3332 879 3372 tamen
925 3321 1142 3387 largiar,
1188 3322 1231 3372 si
1276 3321 1392 3390 quis
1430 3322 1659 3373 carmina
1697 3321 1761 3373 ad
1796 3322 1972 3374 Mara-
