2158 3750
702 225 884 276 LIBR.
921 224 960 274 Ι.
1033 221 1233 274 ELEG.
1271 222 1360 273 ΙΙΙ.
1813 233 1876 275 77

179 371 303 416 Adde
343 371 554 416 Awrnor„
599 371 769 416 Lxrm.
814 371 871 415 Τ.
901 371 958 414 11.
1001 370 1100 414 libr.
1132 369 1207 413 lV.
1253 382 1322 425 ep.
1359 370 1428 411 13.
1472 380 1515 411 v.
1554 369 1626 411 2⁷.
1679 367 1879 410 laudante

178 455 385 500 Hermo.
445 453 636 500 Pulchre
665 458 883 499 finxerunt
914 454 1096 498 blandos
1126 455 1237 497 tales
1267 453 1322 496 ad
1346 451 1581 496 tollendum
1612 452 1761 494 mortis
1786 465 1880 495 me-

175 548 267 584 tum
297 542 480 585 idoneos
509 537 839 596 ψυχοπομπούς.
870 563 931 573 -
965 539 1158 594 Elysii
1193 552 1297 582 vero
1335 539 1512 594 campi
1544 551 1657 581 nunc
1688 539 1730 580 in
1762 538 1880 582 Orco

171 631 289 681 sunt,
318 627 393 682 qui
423 626 538 684 apud
567 613 833 683 posteriores
864 637 921 668 ex
950 623 1103 678 Elysio
1134 629 1180 666 et
1205 623 1392 666 Tartaro
1421 626 1604 676 constat,
1634 619 1719 666 vid.
1749 621 1879 666 Voss.

177 709 231 752 ad
262 710 418 764 Virgil.
451 710 617 763 Georg.
644 708 681 760 Ι,
705 721 765 764 >pa
780 700 855 749 61.
879 726 938 741 —·
970 706 1022 750 V.
1048 709 1108 748 59
1135 718 1229 761 sqq.
1291 707 1500 760 Sequitur
1529 706 1614 749 iam
1644 705 1879 762 descriptio

174 794 328 837 borum
362 795 556 836 locorum
584 789 911 835 accommodata
949 788 1075 832 huius
1106 790 1275 844 elegiae
1305 790 1485 844 rationi,
1521 791 1882 845 quemadmodum

171 877 290 919 idem
319 876 362 918 in
392 887 552 918 aureae
582 874 738 917 aetatis
766 872 1058 930 descriptione
1088 872 1270 915 vidimus
1299 873 1474 916 factum.
1540 875 1682 930 Atque
1716 879 1764 918 ut
1788 876 1882 932 pri-

172 973 290 1004 mum
311 959 367 1002 de
387 957 545 1013 Elysio
572 969 785 1010 moneam,
814 957 915 1001 talis
937 955 1007 1000 hic
1030 955 1280 1012 depingitur
1303 956 1505 1010 beatitas,
1539 958 1679 1012 qualis
1705 956 1881 999 amanti

171 1047 317 1090 iuveni
347 1045 565 1098 convenit,
595 1044 671 1099 qui
701 1048 879 1101 ereptus
907 1045 1184 1100 praemature
1210 1042 1442 1096 amoribus,
1472 1042 1748 1086 iucundiores
1773 1044 1881 1087 alios

171 1131 414 1176 huiusmodi
455 1134 557 1187 post
596 1134 782 1173 mortem
824 1133 973 1186 sperat
1014 1127 1059 1171 in
1099 1127 1412 1171 amoenissimis
1457 1127 1564 1170 locis
1605 1128 1737 1171 lusus.
1812 1129 1880 1171 De

169 1216 357 1258 Tartaro
386 1214 496 1257 infra
528 1213 779 1257 videbimus.
804 1237 863 1247 -—
894 1211 1003 1255 Hic
1034 1209 1281 1254 choreae
1312 1213 1635 1264 cantusque
1664 1210 1878 1266 vigent.

169 1300 348 1342 VALER.
373 1298 543 1341 FLAcc.
569 1298 605 1351 I,
629 1300 743 1342 844:
784 1295 870 1339 Ubi
899 1295 972 1338 sol
1000 1303 1233 1354 totumque
1260 1309 1342 1351 per
1367 1308 1535 1335 annum
1558 1293 1697 1336 durat
1724 1295 1879 1350 aprica

171 1381 263 1424 dies
293 1380 523 1440 thiasique
555 1379 766 1438 chorique
796 1378 995 1422 virorum
1025 1376 1329 1435 carminaque.
1369 1376 1480 1421 Add.
1506 1377 1646 1421 VIRG.
1669 1378 1779 1419 Aen.
1801 1377 1880 1430 VI,

169 1467 274 1508 644.
306 1465 544 1507 Pnormvr.
570 1463 647 1517 lv,
677 1467 722 1515 7,
750 1465 806 1504 61
835 1474 929 1516 sqq.
992 1460 1060 1504 Ad
1091 1460 1242 1518 vigent
1274 1460 1680 1504 thnssnmcfflus
1713 1460 1882 1503 confert

169 1547 322 1604 Eurip.
362 1547 495 1590 Herc.
530 1546 613 1590 fur.
645 1550 760 1590 7592
804 1541 956 1603 χόροι,
1002 1541 1130 1602 χόροι
1164 1545 1238 1586 καὶ
1280 1545 1441 1586 θαλίαι
1480 1544 1681 1593 μέλουσιν
1725 1539 1875 1601 Θήβας

169 1625 281 1686 {quiza
309 1624 406 1671 κατ’
436 1624 563 1671 ἄστυ.
595 1652 657 1661 -
697 1629 860 1671 tenui
902 1641 1017 1670 nunc
1056 1627 1250 1670 additum
1291 1627 1345 1670 ad
1386 1627 1643 1670 suavitatem
1674 1640 1878 1670 sonorum

167 1712 505 1768 significandam.
566 1713 772 1756 Ceterum
814 1714 949 1768 vulgo
981 1717 1239 1770 perpetuum
1281 1711 1414 1766 quod*
1441 1711 1601 1754 dicitur
1621 1709 1878 1766 epitheton,

168 1796 223 1840 cf.
255 1797 392 1840 Ovm.
426 1797 597 1838 Amorr.
629 1796 664 1850 Ι,
700 1799 771 1850 13,
797 1799 842 1838 8.
866 1796 923 1840 al.
985 1794 1076 1838 Sed
1108 1795 1249 1851 primo
1279 1793 1489 1850 adspectu
1519 1792 1705 1835 fortasse
1735 1793 1878 1835 varie-

167 1882 301 1921 tatem
330 1879 538 1921 maiorem
566 1891 710 1920 rerum
740 1877 810 1920 hic
842 1879 1062 1934 requiras,
1103 1882 1147 1920 et
1174 1878 1394 1933 vituperes
1426 1880 1600 1933 poetam
1630 1875 1745 1932 quod
1777 1881 1879 1933 post

165 1961 360 2004 Manium
390 1960 572 2004 choreas
603 1965 841 2015 cantusque
873 1960 1005 2002 etiam
1035 1960 1177 2003 avium
1212 1959 1370 2014 ubique
1406 1958 1654 2014 vagantium
1688 1958 1877 2000 carmina

164 2042 416 2086 laudaverit.
479 2043 537 2085 At
579 2043 693 2086 enim
738 2042 937 2085 consulto
979 2042 1170 2084 cumulat
1200 2042 1353 2084 molles
1394 2039 1471 2084 has
1510 2041 1757 2096 voluptates
1789 2040 1877 2082 loci

163 2127 476 2181 amoenissimi,
523 2127 581 2170 de
618 2139 707 2182 quo
749 2138 850 2169 mox
898 2125 1054 2168 iterum
1097 2124 1252 2168 dicam.
1284 2147 1345 2156 —-
1404 2124 1459 2169 V.
1492 2125 1548 2166 61
1581 2135 1676 2178 sqq.
1739 2122 1879 2165 Fert

23 2222 28 2275 ’ξ
86 2236 91 2239 -
163 2210 373 2253 casiam
402 2223 512 2253 non
550 2211 706 2253 culta
734 2223 919 2265 seges.
980 2210 1212 2253 Translata
1242 2222 1330 2251 vox
1361 2222 1512 2265 seges,
1553 2219 1666 2262 quae
1698 2206 1874 2262 proprie

162 2291 360 2347 frugibus
383 2292 648 2347 accipiendis
676 2292 935 2336 destinatam
966 2295 1010 2334 et
1041 2295 1186 2347 aptam
1216 2291 1286 2333 vel
1316 2290 1524 2332 consitam
1549 2292 1709 2330 terram
1736 2288 1874 2341 signi-

162 2377 290 2430 ficat,
320 2375 378 2421 cf.
407 2375 465 2418 ad
494 2375 573 2429 lv,
604 2379 646 2428 1,
680 2377 808 2428 172»,
838 2373 895 2417 ad
924 2374 1035 2416 tales
1066 2386 1222 2428 agros,
1254 2373 1298 2414 in
1329 2371 1485 2426 quibus
1518 2369 1699 2412 frutices
1730 2370 1872 2412 casiae

152 2463 320 2515 ,sponte
343 2462 592 2510 nascuntur,
614 2455 984 2512 quemadmodum
1007 2455 1063 2499 de
1085 2456 1190 2512 ipsis
1211 2456 1354 2498 casiae
1384 2453 1612 2497 fruticibus
1642 2458 1876 2509 usurpatur

162 2555 187 2585 a
219 2542 398 2585 CLAUD.
429 2541 484 2584 de
515 2541 652 2596 Nupt.
684 2539 801 2583 Hon.
845 2543 891 2582 et
928 2539 1041 2582 Mar.
1079 2540 1166 2580 94:
1214 2536 1306 2577 Hic
1337 2534 1486 2578 casiae
1517 2541 1702 2576 matura
1732 2549 1870 2593 seges,

161 2621 402 2666 Panchaia
446 2629 632 2680 turgent
674 2619 898 2665 cinnama.
958 2618 1073 2663 Add.
1105 2619 1206 2661 Tib.
1240 2619 1317 2672 IV,
1347 2622 1391 2671 2,
1424 2621 1495 2660 18.
1558 2618 1684 2663 Quae
1726 2617 1873 2677 WUNJ

161 2718 443 2748 nssnmcmus
473 2705 669 2748 contulit.
700 2725 758 2735 —
798 2701 925 2744 casia
955 2706 1022 2744 est
1052 2701 1253 2754 arabica,
1296 2701 1533 2755 virgultum
1563 2700 1727 2744 cortice
1760 2700 1872 2742 bene

162 2790 306 2833 olente
342 2789 537 2844 insigne,
570 2788 743 2831 Laurus
775 2787 925 2831 Cassia
955 2793 1005 2830 ut
1039 2786 1209 2830 videtur
1242 2784 1345 2841 (der
1373 2783 1504 2826 wilde
1535 2783 1639 2825 oder
1669 2785 1873 2825 Mutter-

161 2871 376 2927 zimmet).
436 2870 550 2914 Vide
581 2870 830 2914 Hssnmm.
891 2871 1021 2927 Apud
1051 2871 1194 2914 Pmn.
1226 2869 1404 2924 Fragm.
1437 2866 1601 2911 Thren.
1625 2868 1661 2911 I.
1696 2867 1874 2920 λίβανον

159 2954 203 2996 in
233 2952 385 3008 Elysio
414 2950 563 2996 habes.
593 2975 655 2985 —
699 2953 840 2996 Porro
871 2957 1023 2996 terra
1068 2952 1345 3007 benigna,
1389 2951 1566 3005 fertilis,
1611 2954 1662 2992 ut
1703 2954 1869 2993 notum.

162 3035 230 3082 ef.
262 3038 343 3092 111,
373 3041 417 3092 3,
449 3041 491 3082 6.
538 3037 676 3080 Ovn).
709 3039 880 3082 Amorr.
913 3037 952 3092 1,
984 3040 1056 3091 10,
1088 3041 1160 3081 56.
1222 3037 1358 3080 Plura
1389 3035 1465 3079 dat
1493 3036 1715 3081 Vumuus.
1777 3035 1870 3077 De-

159 3121 289 3176 nique
320 3133 485 3164 rosas
526 3119 571 3162 in
602 3117 756 3173 Elysio
788 3119 904 3163 idem
935 3121 1180 3164 Pmmnus
1213 3120 1240 3162 1.
1271 3119 1344 3162 cit·
1376 3118 1524 3163 laudat
1555 3123 1599 3162 et
1626 3118 1869 3162 Pnopanw.

158 3203 236 3258 lv,
265 3207 310 3258 7,
337 3207 410 3247 60.
472 3202 741 3246 Admoneam
783 3215 889 3246 vero
927 3202 1055 3246 simul
1089 3202 1252 3247 Veneri
1281 3202 1325 3245 in
1368 3201 1536 3245 deliciis
1567 3213 1688 3243 rosas
1719 3199 1868 3251 fuisse,

157 3280 435 3343 Ἀφροδίσιον
484 3280 675 3341 ἄθυρμα
724 3283 830 3327 dicit
878 3285 1057 3328 Ainea.
1102 3287 1204 3338 53.,
1265 3283 1379 3328 adde
1429 3297 1507 3328 nos
1556 3283 1613 3327 ad
1665 3284 1869 3327 Pmmn.

159 3367 290 3423 Pyth.
329 3370 383 3415 V.
416 3385 458 3426 p.
494 3373 625 3425 258„
657 3369 1020 3425 quemadmodum
1050 3374 1201 3414 contra
1231 3369 1450 3415 Pindarus
1482 3370 1528 3413 in
1559 3366 1736 3411 Threno
1768 3364 1874 3408 illud
