2158 3750
701 258 882 310 LIBR.
918 260 959 308 Ι.
1031 255 1231 308 ELEG.
1269 257 1359 308 111.
1794 262 1852 308 71

162 400 368 456 imprimis
412 400 759 445 Bosa-menan!
803 399 844 443 in
889 397 1264 442 Commentatione
1310 395 1365 440 de
1412 395 1556 440 Sacris
1599 396 1852 452 vespertinis

159 482 285 526 Isidis
311 495 442 540 supra
472 482 660 526 laudata.
691 502 752 516 -
803 482 1070 543 resoluta
1112 493 1323 534 comas,
1367 493 1423 523 ex
1455 492 1597 533 more,
1645 480 1852 535 quemad-

159 565 332 610 modum
364 567 493 610 etiam
523 566 568 609 in
597 565 743 608 tabula
777 563 1081 616 Heracleensi‚
1122 563 1335 606 illustrata
1366 575 1394 605 a
1427 562 1735 606 Bonvnesno
1761 563 1789 606 Ι.
1824 563 1850 605 l.

161 650 421 706 conspicitur
460 649 573 691 iuter
613 651 782 690 ceteros
824 643 982 687 femina
1026 644 1204 698 egregie
1243 650 1415 688 comata
1454 646 1605 688 solutis
1647 644 1849 696 crinibus,

159 738 335 776 notante
363 731 494 776 etiam
523 729 730 773 Hermo.
792 725 1056 770 observabis
1088 730 1232 770 autem
1263 727 1391 770 simul
1424 726 1655 773 discrimen
1684 740 1854 779 rerun1;

159 827 272 857 nuuc
299 818 388 858 stat
415 813 606 856 resoluta
633 823 781 855 comas
808 807 990 865 hymnos
1030 822 1129 854 cum
1171 810 1298 853 turba
1339 815 1485 854 cetera
1525 822 1707 864 eonem,
1753 817 1855 854 zulte

158 895 338 939 sedebat
365 894 575 951 adoperta
603 896 747 950 ceput.
806 891 920 936 Nam
949 892 1108 936 verbex
1156 891 1358 935 resoluta
1389 905 1538 936 comas
1568 893 1632 937 sic
1656 894 1855 951 opposita

158 983 258 1021 sunt
286 978 350 1021 rei
380 977 423 1020 iu
453 975 809 1020 antecedentibus
840 975 1018 1030 latenti,
1059 979 1108 1019 ut
1137 973 1249 1019 infra
1278 975 1315 1030 I,
1349 980 1424 1031 10,
1452 979 1526 1020 23.
1558 977 1713 1021 verba:
1761 978 1856 1020 voti

157 1076 342 1118 compos.
401 1062 589 1105 Stetisse
619 1065 767 1105 autem
797 1058 980 1116 hymnos
1009 1065 1292 1104 canentes-et
1321 1073 1391 1105 res
1429 1061 1523 1118 ipsa
1556 1061 1683 1105 docet
1713 1069 1756 1105 et
1789 1070 1855 1106 ta-

156 1146 257 1188 bula
287 1145 676 1190 Heracleensis·—
707 1145 994 1202 Insignis,
1024 1145 1341 1202 pulchritudine
1371 1145 1562 1189 eminens
1591 1147 1704 1189 inter
1735 1154 1856 1190 cete—

155 1241 255 1282 ros,
298 1228 355 1272 cf.
391 1228 574 1272 Hoau.
604 1227 685 1283 111,
713 1230 789 1283 2⁰,
820 1231 864 1272 6.
910 1227 1112 1272 laudante
1154 1229 1549 1273 Wmvnnnmcmo.
1578 1249 1636 1261 —
1687 1229 1854 1272 turba

153 1311 365 1356 Pharia
408 1318 477 1356 est
519 1312 686 1368 Isiaco,
733 1313 948 1357 cultorum
989 1313 1146 1366 Isidis,
1191 1311 1412 1370 epitheton
1443 1312 1768 1356 usitatissimum
1801 1312 1856 1355 de

155 1394 274 1439 Iside
303 1394 352 1446 et
368 1395 526 1451 <isiacis
554 1394 711 1450 rebus,
755 1399 806 1438 ut
834 1396 1010 1439 omniuo
1042 1408 1110 1453 pr.
1139 1395 1382 1451 Aegyptius
1413 1394 1572 1438 dicitur
1601 1395 1715 1451 apud
1746 1408 1855 1451 poe-

156 1482 237 1522 tas.
295 1477 389 1522 Res
426 1482 546 1521 uota·
605 1477 812 1521 Ceterum
847 1476 1031 1520 observa
1062 1475 1171 1521 haec
1199 1477 1330 1522 verba
1345 1492 1359 1521 t
1405 1477 1596 1538 insignis
1635 1475 1771 1519 turha
1809 1476 1856 1518 in

152 1559 355 1608 Pharia,
384 1560 601 1605 secundae
635 1561 875 1604 sententiae
904 1559 1077 1615 addita,
1109 1572 1188 1617 per
1217 1573 1266 1604 se
1296 1573 1382 1604 uon
1412 1558 1680 1618 necessarias,
1718 1572 1857 1615 quan·

153 1649 246 1688 tum
270 1643 493 1689 conferant
519 1643 575 1688 ad
606 1643 801 1700 vigorem
831 1643 1037 1687 orationis
1066 1643 1267 1687 alendum
1298 1648 1344 1687 et
1373 1644 1516 1688 denuo
1545 1642 1852 1688 suscitandum.

154 1727 225 1772 ct.
251 1727 293 1783 Ι,
321 1730 367 1783 6,
395 1730 471 1772 58.
497 1750 557 1761 —
604 1726 843 1790 debeat,
882 1739 939 1770 ex
972 1730 1088 1770 voto.
1151 1726 1374 1770 Credibile
1405 1732 1472 1770 est
1505 1727 1690 1783 puellam
1720 1727 1852 1781 vulgo

156 1810 402 1858 ammisse
429 1810 498 1853 bis
524 1809 583 1853 ad
611 1810 835 1867 templum.
867 1833 920 1842 —
975 1810 1030 1853 V.
1061 1813 1134 1853 33.
1165 1813 1238 1854 34.
1306 1811 1364 1854 At
1396 1810 1498 1854 mibi
1529 1811 1753 1865 contingat
1783 1823 1855 1854 re·-

155 1894 250 1937 dire
280 1894 471 1938 domum.
531 1894 623 1938 Sed
653 1907 750 1938 cum
780 1899 882 1939 ante
913 1893 967 1939 de
998 1896 1116 1938 cultu
1158 1895 1284 1938 Isidis
1314 1896 1476 1938 dictum
1506 1895 1589 1947 sit,
1636 1894 1856 1937 concinni-

155 1979 257 2022 tatis
288 1993 418 2022 causa
445 1980 638 2024 suaviter
667 1980 729 2024 ita
759 1979 1002 2024 conformat
1032 1980 1318 2034 sententiam,
1364 1985 1414 2023 ut
1451 1979 1508 2024 de
1552 1980 1670 2024 cultu
1711 1981 1854 2022 Pena-

155 2064 262 2108 tium
291 2068 337 2107 et
366 2063 544 2107 Larium
577 2062 707 2108 dicat.
767 2063 818 2107 In
849 2064 979 2119 quam
1010 2076 1100 2106 rem
1136 2063 1287 2106 confer
1315 2063 1373 2118 Π,
1402 2066 1446 2117 3,
1477 2066 1550 2106 33.
1580 2065 1652 2106 47.
1697 2066 1741 2105 et
1771 2062 1856 2104 alia

155 2149 211 2192 ad
260 2150 465 2194 Pmmn.
507 2148 637 2193 Nem.
672 2149 751 2203 XI,
786 2153 857 2195 15.
902 2163 929 2192 a
963 2148 1087 2192 nobis
1119 2149 1293 2192 monita.
1371 2149 1560 2192 Volebat
1602 2152 1746 2191 autern
1785 2161 1856 2190 rus

155 2233 297 2277 redire
336 2233 395 2276 ad
433 2233 561 2276 sedes
602 2232 751 2275 avitas.
782 2253 843 2267 —
889 2231 1220 2285 celebrare,
1264 2232 1434 2285 colere,
1480 2232 1615 2275 Ovm.
1649 2230 1769 2274 Fast.
1799 2231 1856 2283 ll,

154 2320 270 2360 6392
311 2317 413 2359 Nox
444 2314 522 2358 ubi
550 2315 809 2368 transierit,
839 2314 972 2357 solito
1002 2314 1248 2357 celebretur
1278 2315 1441 2357 honore
1469 2317 1664 2372 Separat
1694 2313 1856 2356 indicio

158 2400 238 2459 qui
268 2399 377 2442 deus
408 2414 524 2442 arva
552 2414 649 2443 suo.
711 2399 1002 2443 Observatum
1045 2405 1113 2442 est
1154 2399 1338 2442 reduces
1378 2412 1434 2442 ex
1475 2399 1630 2441 itinere
1672 2398 1855 2454 primum

159 2491 336 2541 penates
379 2485 611 2528 salutatum
652 2484 807 2538 ivisse,
852 2489 903 2527 nt
944 2484 1160 2527 Tanau-r.
1210 2482 1384 2527 Phorm.
1415 2483 1474 2537 ΙῘ,
1507 2487 1548 2537 1,
1579 2486 1664 2535 81;
1713 2488 1857 2526 tamen

157 2569 356 2612 Tibullus
386 2569 624 2624 generatim
655 2568 711 2612 de
741 2570 862 2612 cultu
893 2570 1098 2624 religioso
1131 2568 1346 2623 loquitur,
1387 2581 1515 2623 quem
1548 2567 1662 2609 domi
1691 2566 1855 2620 degens

157 2665 214 2695 ex
254 2665 375 2695 more
418 2651 646 2708 penatibus
688 2650 856 2694 reddet.
932 2652 1139 2695 Ceterum
1169 2652 1272 2695 dicti
1306 2656 1485 2708 penates
1518 2652 1690 2694 omnino
1721 2651 1779 2693 dii
1813 2652 1854 2693 in

156 2734 422 2790 peuu'culti‚
450 2733 564 2778 uude
593 2733 748 2777 domus
777 2732 948 2776 fortuna
974 2739 1019 2777 et
1046 2734 1311 2791 prosperitas
1337 2735 1567 2791 pendebat,
1604 2735 1687 2778 vid.
1720 2734 1855 2777 Miiu-

158 2828 265 2857 πει.
295 2816 339 2858 in
375 2814 511 2859 Libro
541 2815 597 2859 de
627 2815 822 2859 Etruscis
851 2815 977 2860 Tom.
1012 2817 1067 2860 11.
1103 2833 1146 2873 p.
1179 2822 1278 2871 87„
1310 2819 1384 2874 qui
1414 2818 1516 2861 ibid.
1549 2834 1590 2874 p.
1623 2821 1707 2861 90.·
1726 2819 1856 2862 etiam

158 2897 214 2940 de
239 2896 423 2940 Laribus
453 2898 565 2941 bene
594 2897 718 2952 dixit,
748 2897 804 2941 cf.
835 2910 967 2954 supra
997 2898 1052 2941 ad
1078 2900 1114 2953 I,
1145 2902 1183 2954 l,
1207 2903 1280 2944 20.
1307 2922 1363 2932 -
1398 2905 1686 2944 menstrua
1718 2905 1858 2954 tura,

160 2994 281 3024 more
311 2982 611 3036 religiosorum
642 2979 886 3035 hominum,
918 2983 990 3038 qui
1023 2984 1179 3027 mensis
1217 2986 1424 3039 cuiusque
1456 2983 1660 3027 Calendis
1691 2985 1856 3027 sacrifi-

160 3067 339 3119 cabant,
386 3065 469 3108 vid.
518 3065 698 3109 Hom'r.
733 3065 813 3119 ΙΙΙ,
843 3069 919 3120 23,
959 3068 1050 3111 init.
1094 3068 1198 3124 ibiq.
1247 3070 1495 3126 interprett.
1539 3074 1583 3111 et
1630 3069 1759 3111 Voss
1803 3068 1855 3108 ad

161 3149 311 3204 Virgil.
342 3148 496 3204 Eclog.
528 3149 563 3203 1·‚
608 3164 650 3206 p.
681 3152 756 3192 30.
789 3171 848 3185 -
897 3152 1166 3208 reddere,
1213 3158 1262 3196 ut
1306 3150 1570 3201 ἀποδοῦναι,
1622 3153 1675 3195 de
1709 3153 1855 3194 debito

163 3231 320 3274 bonore
364 3231 466 3274 satis
508 3237 672 3275 notum.
734 3232 937 3277 Ceterum
969 3235 1180 3280 clauditur
1222 3238 1344 3280 locus
1384 3237 1642 3280 antecedens
1681 3236 1759 3278 hoc
1794 3236 1859 3277 di-

162 3314 311 3358 stivho.
342 3339 400 3348 —

281 3398 330 3439 V.
364 3402 542 3442 35-52.
609 3399 846 3442 incusat
884 3406 1129 3448 aetatem
1176 3409 1542 3460 praesentem
1588 3403 1746 3444 orbis
1794 3401 1855 3442 nl·
