2158 3750
677 273 857 324 LIBR.
898 273 938 324 Ι.
1006 269 1204 322 ELEG.
1246 270 1337 320 ΙΙΙ.
1792 277 1852 319 61

163 427 365 472 fefellerit
400 440 520 485 spem
554 428 706 471 iustam
739 441 821 470 nec
851 427 963 472 adsit
991 428 1034 470 in
1059 425 1139 471 hoc
1171 425 1390 482 periculo;
1432 424 1523 467 eius
1556 423 1665 466 enim
1696 424 1857 466 auxilio

162 514 326 568 potenti
358 514 544 556 confisus
575 512 911 555 incolumitatem
942 514 1190 565 speraverat
1221 510 1264 551 in
1293 508 1448 550 itinere
1489 512 1563 550 aut
1594 507 1857 550 curationem

162 602 403 652 promptam
451 596 486 638 si
527 596 630 650 quid
673 593 914 646 accideret,
952 606 1048 637 cum
1080 607 1130 636 ea
1163 597 1390 648 tantopere
1421 592 1636 634 coleretur
1661 604 1687 633 a
1722 591 1859 646 Delia,

155 685 286 734 atque
327 681 455 723 etiam
486 684 586 722 vota
616 678 757 734 puella
788 676 974 720 fecisset.
1034 677 1223 719 Accusat
1254 675 1438 729 denique
1462 675 1636 718 omnino
1661 681 1859 717 aetatem

155 761 238 802 sub
269 763 375 804 Iove
407 763 734 818 praesentem,‘
752 770 864 813 quae
914 755 1096 799 habendi
1139 757 1362 813 cupiditati
1392 756 1538 799 dedita
1568 757 1772 800 caedibus
1808 770 1860 801 ac

155 846 279 888 bellis
318 844 507 899 gaudeat
546 855 741 899 semper,
786 841 900 884 unde
942 841 1060 884 mille
1120 841 1272 883 mortis
1313 841 1434 891 viae3
1478 841 1542 882 sic
1583 852 1684 882 vero
1727 843 1858 884 etiam

156 933 285 984 poeta
314 928 359 970 in
398 926 480 971 hoc
521 927 678 969 malum
709 938 834 969 suum
865 924 1028 969 incidit.
1111 926 1254 978 Atque
1284 923 1342 965 ita
1374 922 1598 973 Tibullus,
1638 927 1687 964 ut
1723 922 1859 976 vides,

152 1013 374 1068 praeclaro
406 1011 568 1054 affectu
596 1009 794 1054 exhaurit
824 1011 984 1064 omnia,
1033 1021 1096 1062 se,
1125 1007 1299 1061 Isidem,
1331 1009 1518 1048 aetatem
1549 1004 1734 1060 denique
1763 1007 1862 1049 uni-

155 1106 322 1137 versam
350 1107 558 1138 accusans
605 1094 849 1150 infortunii,
893 1107 980 1150 quo
1029 1094 1210 1138 laborat.
1269 1089 1360 1135 Sed
1392 1101 1491 1133 cum
1519 1089 1694 1144 querela
1725 1091 1860 1133 mixta

153 1176 276 1218 simul
306 1177 498 1232 precatio
529 1182 597 1221 est
624 1177 857 1221 identidem
905 1177 1091 1234 repetita
1122 1188 1202 1233 pro
1246 1175 1410 1218 salute:
1453 1177 1551 1216 orat
1580 1172 1769 1216 Mortem
1812 1179 1861 1215 ut

153 1257 366 1302 abstineat
394 1272 568 1313 manus,
607 1264 706 1303 orat
733 1260 892 1303 Isidem
932 1264 982 1302 ut
1012 1262 1259 1312 succurrat,
1291 1261 1388 1299 orat
1419 1255 1606 1311 denique
1632 1255 1779 1298 Iovem
1811 1262 1860 1298 ut

157 1343 330 1394 parcat,
361 1340 398 1384 si
427 1341 523 1384 fieri
552 1342 704 1398 possit.
768 1342 833 1384 Ac
867 1342 965 1396 quis
986 1330 1080 1383 'non
1113 1341 1243 1382 etiam
1273 1340 1316 1381 in
1349 1337 1430 1382 hoc
1459 1339 1658 1394 agnoscit
1685 1351 1862 1382 suavem

157 1421 326 1476 elegiae
356 1423 570 1478 indolem,
616 1434 727 1479 quae
753 1436 839 1466 non
870 1423 1012 1466 solum
1049 1423 1302 1464 varietatem
1335 1421 1569 1465 affectuum
1599 1427 1740 1476 amat,
1783 1422 1861 1465 sed

156 1507 286 1549 etiam
312 1506 477 1550 reditus
505 1505 561 1550 ad
591 1484 772 1550 eandem
802 1503 1077 1557 sententiam,
1107 1502 1281 1546 easdem
1314 1504 1528 1557 querelas,
1560 1503 1712 1546 eadem
1745 1509 1858 1548 vota.

153 1590 351 1633 Vidimus
377 1589 571 1647 primam
593 1597 799 1647 partem,
846 1601 958 1644 quae
987 1592 1080 1630 tota
1113 1587 1283 1630 flebilis.
1345 1586 1446 1629 Non
1483 1591 1656 1643 poterat
1685 1596 1859 1630 manere

158 1672 227 1716 hic
255 1678 426 1728 motus3
474 1675 571 1730 quis
602 1674 716 1717 enim
748 1675 791 1717 iu
820 1673 897 1717 tali
927 1673 1165 1717 infortunio
1197 1684 1284 1714 non
1314 1671 1468 1714 solatia
1495 1670 1692 1712 dolorum
1727 1683 1863 1725 quae-

156 1763 252 1813 rat,
294 1771 387 1802 non·
421 1772 545 1815 spem
585 1758 775 1802 melioris
815 1759 1016 1802 fortunae
1046 1756 1263 1814 arripiat?
1326 1755 1393 1797 Ita
1423 1766 1526 1797 vero
1556 1754 1741 1796 affectus
1771 1753 1863 1796 ele-

157 1844 256 1897 giae
295 1842 485 1898 quietem
525 1841 682 1885 iustam
722 1841 925 1884 inveniet.
987 1840 1064 1884 Sic
1095 1838 1348 1882 deducimur
1379 1835 1435 1879 ad
1465 1833 1686 1877 secundae
1714 1833 1865 1890 partis

155 1930 469 1980 argumentum.
530 1924 708 1967 Transit
735 1925 849 1967 enim
879 1936 992 1966 nunc
1033 1922 1243 1977 cogitatio
1274 1919 1332 1962 ad
1372 1917 1539 1962 inferna
1582 1919 1702 1974 loca,
1751 1931 1862 1973 quae

156 2020 228 2051 res
257 2007 454 2063 proxime
484 2007 715 2050 coniuncta
746 2011 814 2050 est
855 2004 1225 2049 antecedentibus.
1300 2002 1351 2045 Si
1394 2006 1539 2045 tamen
1579 2001 1861 2055 moriendum,

157 2093 240 2146 ait,
270 2093 348 2136 fiat
376 2091 493 2148 quod
523 2092 566 2134 in
597 2091 697 2135 fatis
727 2096 823 2145 est3
853 2092 1002 2136 Venus
1038 2091 1132 2147 ipsa
1163 2089 1205 2131 in
1237 2087 1412 2130 beatum
1443 2085 1639 2140 Elysium
1672 2098 1742 2127 me
1779 2085 1862 2127 du-

157 2177 242 2226 cet,
271 2171 347 2214 ubi
369 2171 506 2214 Amor
530 2169 702 2213 assidue
730 2170 896 2225 proelia
924 2170 1091 2223 miscet,
1125 2169 1281 2212 rivales
1309 2171 1468 2219 autem,
1499 2166 1572 2220 qui
1603 2165 1864 2208 labefactare

159 2254 313 2296 Deliae
341 2252 468 2295 fidem
494 2251 753 2295 studuerunt
781 2257 828 2295 et
858 2252 1049 2307 maligna
1080 2250 1363 2294 fascinatione
1395 2249 1737 2302 lentasssmilitias
1763 2246 1864 2290 mihi

158 2340 386 2391 pararunt,
423 2335 634 2378 Tartarus
666 2335 859 2391 excipito
890 2336 1130 2392 poenisque
1161 2334 1303 2389 dignis
1335 2333 1542 2376 cruciato,
1602 2331 1679 2375 Sic
1707 2345 1863 2374 conso-

166 2421 277 2462 latus
305 2420 491 2462 animum
531 2430 611 2473 spe
652 2415 872 2460 felicitatis
914 2416 1155 2460 destinatae
1186 2416 1229 2459 in
1258 2415 1412 2469 Elysio
1445 2419 1490 2457 et
1518 2425 1685 2470 poenae
1717 2413 1865 2455 rivali-

161 2505 242 2546 bus
272 2504 316 2547 in
345 2501 531 2546 Tartaro
561 2500 827 2554 subeundae,
855 2505 902 2544 et
932 2514 1028 2544 cum
1060 2506 1186 2544 antea
1219 2498 1469 2543 lamentatio
1500 2497 1703 2540 continua
1733 2502 1864 2551 esset,

158 2601 270 2631 nunc
312 2585 487 2631 hilarior
525 2587 733 2641 cogitatio
773 2587 907 2631 futuri
948 2585 1172 2629 successit.
1233 2583 1397 2639 Accipe
1428 2583 1608 2637 reliqua.
1667 2581 1718 2624 In
1749 2580 1864 2623 Tar-

158 2678 277 2725 tato,
307 2672 451 2728 pergit
478 2671 522 2713 in
551 2670 636 2713 fin‘e
663 2670 1036 2723 antecedentium,
1068 2670 1199 2712 etiam
1231 2668 1431 2710 mulieres
1464 2665 1718 2721 puniuntur,
1750 2676 1861 2718 quae

158 2757 339 2800 Veneris
369 2768 524 2799 numen
556 2755 799 2809 laeserunt,
850 2761 896 2798 at
937 2759 986 2798 tu
1028 2757 1150 2797 casta
1194 2763 1393 2804 manem,
1438 2749 1589 2802 Delia,
1630 2761 1863 2802 servesque

157 2838 300 2882 fidem.
359 2836 421 2880 Et
449 2850 562 2880 nunc
590 2836 690 2881 vide
724 2837 928 2879 exitum:
977 2834 1060 2879 hoc
1092 2836 1204 2879 enim
1235 2833 1366 2878 modo
1396 2845 1569 2876 reversa
1599 2832 1864 2886 cogitatione

160 2922 216 2966 ad
255 2934 432 2978 superas
476 2922 704 2976 regiones,
748 2921 921 2966 iamiam
963 2921 1186 2978 praeclara
1227 2917 1478 2975 phantasiae
1518 2917 1561 2959 vi
1594 2915 1862 2958 obliviscitur

160 3011 290 3062 poeta
319 3011 527 3058 mortem,
565 3004 746 3048 resumit
775 3015 898 3059 spem
927 3002 1079 3046 salutis
1111 3005 1155 3045 et
1186 3000 1241 3044 de
1272 3000 1414 3044 reditu
1450 2998 1654 3042 incolumi
1685 2997 1863 3052 cogitat,

161 3101 259 3132 cum
289 3100 471 3144 vespere
501 3090 681 3141 repente
710 3085 890 3128 intrabit
919 3085 962 3127 in
993 3084 1144 3128 Deliae
1176 3084 1350 3128 domum
1385 3091 1429 3127 et
1459 3083 1605 3140 puella
1636 3083 1748 3125 laete
1781 3081 1864 3123 ob·-

160 3174 272 3217 viam
314 3175 460 3215 curret
501 3169 671 3214 reddito
713 3170 889 3212 amanti.
951 3167 1069 3214 Quid
1114 3168 1378 3224 praeclarius
1421 3166 1502 3210 hoc
1533 3165 1654 3209 fine?
1715 3163 1866 3207 Habes

162 3256 512 3311 compositionem
558 3253 720 3311 pulchri
763 3252 985 3307 carminis,
1034 3253 1289 3298 suavissimo
1331 3228 1566 3310 progressu
1607 3264 1634 3294 a
1670 3248 1865 3294 tristibus

163 3337 217 3380 ad
248 3338 426 3383 laetiora
454 3344 499 3383 et
530 3338 762 3383 laetissima
795 3338 1027 3395 pergentis.
1780 3322 1782 3325 ’
