2158 3750
597 258 907 319 TIBULLI
963 259 1103 319 LIB.
1138 258 1234 319 ΙΙΙ.
1266 273 1312 321 2.
1726 261 1804 322 63

169 413 363 471 Durus
411 426 465 472 et
506 412 598 473 ille
640 414 777 487 fuit,
835 415 934 497 qui
975 428 1193 475 tantum
1236 412 1384 474 ferre
1425 410 1708 487 dolorem,

251 520 449 580 Vivere
495 536 548 581 et
590 535 780 604 erepta
826 522 1068 603 coniuge
1115 523 1214 604 qui
1260 521 1459 605 potuit.

130 629 307 687 5Non
345 651 450 709 ego
485 627 684 688 firmus
722 628 783 688 in
820 628 948 702 hoc,
987 653 1104 689 non
1137 630 1276 691 haec
1308 630 1577 713 patientia
1610 643 1807 691 nostro

252 737 524 817 Ingenio:
577 736 792 818 frangit
835 737 1003 797 fortia
1049 738 1224 798 corda
1270 739 1466 800 dolor:

174 845 291 904 Nec
334 844 476 903 mihi
521 867 650 904 vera
694 842 852 927 loqui
897 845 1091 928 pudor
1133 861 1216 905 est
1258 847 1514 930 vitaeque
1558 848 1722 909 fateri

253 953 366 1011 Tot
406 950 554 1012 mala
604 975 908 1035 perpessae
951 952 1141 1013 taedia
1184 968 1316 1014 nata
1360 978 1533 1015 meae.

166 1059 322 1140 Ergo
368 1083 498 1119 cum
538 1074 764 1120 tenuem
807 1060 971 1122 fuero
1015 1075 1265 1122 mutatus
1306 1062 1368 1122 in
1411 1064 1676 1124 umbram

100 1181 159 1226 10
256 1166 629 1251 Candidaque
673 1191 803 1230 ossa
848 1191 1023 1252 super
1063 1171 1231 1252 nigra
1275 1171 1466 1233 favilla
1511 1187 1686 1254 teget,

164 1275 312 1335 Ante
355 1298 544 1335 meum
589 1276 776 1337 veniat
818 1276 1021 1358 longos
1066 1278 1355 1362 incompta
1402 1279 1638 1363 capillos

251 1383 324 1442 Et
365 1382 495 1443 fleat
538 1397 666 1444 ante
710 1408 901 1445 meum
944 1400 1158 1446 maesta
1200 1387 1418 1447 Neaera
1463 1411 1683 1469 rogum.

162 1489 278 1549 Sed
320 1490 507 1551 veniat
550 1514 713 1551 carae
753 1492 951 1552 matris
990 1493 1256 1553 comitata
1295 1492 1526 1554 dolore:

252 1599 507 1658 Maereat
550 1598 690 1659 haec
733 1621 976 1680 gener0‚
1034 1615 1284 1660 maereat
1321 1600 1417 1660 illa
1461 1601 1599 1661 viro.

102 1719 157 1764 15
173 1707 466 1767 Praefatae
510 1721 638 1767 ante
683 1731 840 1768 meos
885 1703 1089 1768 Manes
1139 1709 1500 1791 animamque
1548 1725 1809 1792 precatae

250 1815 636 1898 Perfusaeque
680 1815 806 1900 pias
852 1830 980 1876 ante
1027 1814 1249 1899 liquore
1292 1840 1528 1890 manus,

169 1925 311 1984 Pars
356 1948 502 2007 quae
549 1923 671 1985 sola
713 1924 824 1985 mei
869 1925 1164 2008 superabit
1208 1926 1497 2008 corporiS‚
1554 1950 1683 1986 ossa

248 2033 533 2094 Incinctae
578 2034 744 2115 nigra
788 2035 1036 2096 candida
1078 2050 1229 2096 veste
1273 2034 1491 2116 legent,

169 2141 240 2200 Et
282 2141 531 2223 primum
578 2166 798 2203 annoso
840 2158 1116 2226 spargent
1159 2142 1392 2205 collecta
1431 2144 1650 2229 Lyae0‚

59 2300 62 2302 .
100 2263 161 2306 20
259 2251 397 2310 Mox
442 2251 608 2311 etiam
652 2252 816 2311 niveo
857 2251 1100 2312 fundere
1142 2251 1286 2313 lacte
1329 2267 1563 2335 parent,

167 2358 308 2417 Post
349 2357 489 2417 haec
533 2358 817 2418 carbaseis
865 2358 1163 2419 humorem
1208 2359 1402 2419 tollere
1450 2358 1628 2419 ventis

252 2465 440 2548 Atque
483 2464 543 2525 in
587 2489 907 2527 marmorea
953 2490 1165 2549 ponere
1209 2467 1361 2529 sicca
1406 2467 1594 2526 domo.

218 2768 360 2812 V.15.
403 2769 523 2812 Libri
565 2769 659 2813 fere
694 2777 853 2828 rogate
893 2769 962 2813 vel
1004 2776 1207 2828 rogatae.
1280 2768 1478 2812 Puccms
1518 2770 1812 2825 precatae,

102 2849 172 2892 vel
201 2855 471 2907 precatae
501 2852 843 2908 Enomcmvsxs,
872 2852 988 2908 quod
1012 2852 1242 2896 Mutunus
1273 2851 1452 2908 recepit.
1511 2850 1649 2906 quue
1676 2850 1810 2903 vulgo

101 2932 342 2990 probatum.
403 2935 478 2978 Sic
515 2935 743 2992 participia
778 2943 1014 2993 precantes
1056 2940 1102 2979 et
1135 2941 1348 2994 rogantes
1386 2933 1566 2978 confusa
1603 2933 1649 2975 in
1689 2931 1811 2974 libris

101 3017 266 3060 notavit
295 3017 545 3063 Btmmlm.
568 3018 623 3061 ad
657 3017 829 3063 Anthol.
859 3018 957 3062 Lat.
977 3019 1030 3063 V.
1064 3033 1106 3075 p.
1125 3021 1226 3062 150.
1249 3041 1304 3049 —
1367 3018 1421 3062 V.
1440 3020 1514 3062 18.
1533 3019 1605 3060 19.
1637 3013 1808 3072 legant,

99 3107 346 3159 spargant,
395 3101 527 3155 vulgo
568 3114 595 3144 a
631 3101 838 3144 Munss'ro
880 3100 1004 3155 inde,
1053 3101 1170 3156 quod
1211 3101 1455 3145 verisimile.
1530 3097 1806 3143 Praecedunt

101 3181 359 3225 conium-,tivi
401 3187 447 3225 et
479 3188 729 3238 sequuntur.
762 3207 819 3215 —
891 3184 946 3229 V.
967 3187 1041 3227 21.
1084 3184 1275 3228 ventis
1317 3183 1432 3228 libri.
1502 3183 1635 3226 Imm
1676 3179 1808 3224 vittis

102 3263 170 3306 vel
198 3261 335 3318 velie,
374 3278 557 3319 quotum
587 3263 669 3309 hoc
700 3266 856 3323 placet.
918 3267 1107 3311 Vossius
1135 3266 1275 3311 minus
1306 3266 1418 3311 bene
1447 3263 1555 3309 linis
1588 3265 1655 3310 vel
1687 3261 1810 3307 villis

102 3346 314 3390 emendat.
