2158 3750
593 271 774 324 LIBR.
811 274 849 323 Ι.
924 273 1123 326 ELEG.
1162 275 1255 327 IX.
1326 275 1394 325 X.
1750 281 1845 327 191

146 414 187 456 h.
217 426 255 458 e.
299 426 469 471 parma,
513 419 752 474 clypeolus.
826 419 1041 464 scribitur
1087 433 1190 463 vero
1236 417 1305 461 hic
1349 419 1390 461 in
1439 415 1559 460 libris
1606 421 1850 460 constanter

139 495 320 553 palma,
350 499 491 542 forma
520 502 712 554 rariore,
742 501 872 546 etiam
902 515 971 559 ap.
1005 503 1317 546 Pnupsm-mn
1348 501 1580 558 aliquoties
1609 501 1654 545 in
1684 501 1846 545 codici-

142 577 220 622 bus
250 579 393 624 obvia.
454 580 555 626 Hoc
584 583 683 626 loco
722 583 912 627 Vossms
957 584 1158 626 consulto
1193 597 1288 627 eam
1319 583 1564 639 suspicatur
1591 584 1844 640 praelatam,

138 660 271 703 veluti
310 661 424 718 apud
467 676 546 708 nos
585 662 788 707 differant
825 662 910 706 das
938 662 1097 705 Sclzild
1137 669 1182 707 et
1223 664 1301 707 der
1331 664 1500 709 Schild.
1531 687 1589 696 —·
1633 665 1840 710 fallaci

136 756 351 799 umore,
392 746 436 789 in
466 759 555 801 qno
585 746 810 803 perfidiam
843 746 966 802 pueri
997 752 1205 803 expertus
1234 761 1330 791 sum
1361 753 1536 793 tantam.
1565 773 1623 783 --
1679 755 1842 806 grata

136 828 217 872 sis
244 834 458 883 mente,
497 831 558 873 sis
587 828 689 874 milii
718 841 884 874 memor
913 827 1088 874 honoris
1118 828 1251 875 habiti
1284 835 1604 891 propitiamque
1635 841 1679 880 te
1709 848 1840 892 prae-

134 915 223 954 stes
250 911 294 955 in
324 918 558 967 posterum.

586 1521 1153 1586 ELEGIA
1282 1527 1351 1583 X.

718 1935 1236 1993 INTRODUCTIO.

112 2108 348 2199 Elegiam
387 2144 654 2202 propositam
684 2150 787 2190 ante
827 2146 1010 2202 primam
1049 2143 1176 2189 huius
1206 2145 1304 2188 libri
1334 2143 1539 2202 scriptam
1569 2155 1667 2188 esse
1698 2142 1824 2186 dubi-

53 2231 57 2233 “
110 2229 195 2272 tari
233 2229 396 2284 nequit.
469 2230 613 2272 Poeta
654 2229 712 2272 ad
753 2230 917 2274 bellum
955 2230 1168 2284 trahitnr3
1218 2230 1482 2273 militaverat
1530 2233 1675 2272 autem
1720 2233 1821 2271 ante

108 2312 224 2355 illius
253 2311 423 2367 elegiae
451 2316 652 2369 tempus,
694 2318 745 2356 ut
775 2314 864 2358 illic
893 2314 1093 2359 vidimus.
1161 2314 1342 2369 Ignorat
1374 2313 1503 2356 etiam
1532 2313 1702 2356 Deliam
1735 2311 1819 2365 hic,

108 2392 164 2436 de
193 2407 280 2450 qna
308 2395 472 2439 nullum
502 2395 684 2445 verbum
711 2397 900 2452 legitur,
929 2399 1062 2442 immo
1091 2403 1142 2441 ut
1172 2411 1198 2441 e
1228 2411 1268 2441 v.
1297 2399 1370 2439 43.
1402 2400 1552 2452 patet,
1583 2396 1676 2439 vult
1701 2408 1818 2438 uxo-

107 2489 199 2520 rem
229 2476 392 2522 ducere
422 2484 523 2535 post
552 2479 740 2524 reditum
771 2493 799 2525 e
829 2481 973 2536 bello,
1019 2486 1064 2526 et
1096 2482 1255 2525 liberos
1289 2480 1512 2535 suscipere
1542 2479 1586 2521 in
1618 2478 1710 2526 otio
1743 2492 1819 2522 ru·-

105 2559 244 2613 stico,
286 2564 332 2602 et
371 2561 484 2604 inter
522 2574 626 2609 suos
666 2575 982 2610 consenescere
1012 2563 1213 2620 placide3
1258 2562 1314 2606 de
1343 2563 1429 2605 alio
1461 2574 1626 2617 genere
1655 2564 1816 2604 amoris

101 2640 207 2685 nihil
247 2641 385 2697 legas.
448 2644 576 2690 Quae
616 2656 730 2687 cum.
757 2644 819 2688 ita
859 2646 968 2699 sint,
1017 2647 1315 2702 maximopere
1346 2644 1570 2688 laudamus
1601 2644 1814 2688 PAssovn

102 2735 306 2778 acumen,
349 2724 422 2780 qui
465 2725 645 2780 egregie
685 2728 910 2783 perspexit
950 2732 1042 2770 tum
1083 2728 1295 2784 scriptum
1339 2726 1421 2771 hoc
1463 2739 1662 2780 carmen,
1710 2738 1809 2768 cum

100 2804 288 2859 primum
325 2806 382 2849 ad
423 2808 639 2864 stipendia
679 2811 897 2866 equestria
929 2811 1136 2855 merenda
1168 2810 1298 2856 domo
1329 2815 1589 2854 avocaretur
1619 2810 1662 2852 in
1695 2809 1809 2853 mili-

101 2887 207 2930 tiam
247 2886 448 2931 Tibullus
490 2889 758 2936 adolescens.
818 2892 934 2937 Nam
972 2893 1300 2939 adolescentem
1341 2895 1383 2937 in
1430 2907 1484 2938 eo
1525 2893 1645 2948 loqui
1687 2896 1812 2949 patet

102 2971 241 3014 Lares
267 2975 313 3014 et
341 2971 485 3016 focum
514 2974 700 3029 avitum,
728 2975 805 3020 ubi
835 2976 1046 3022 educatus
1077 2982 1198 3033 erat,
1230 2991 1344 3022 nunc
1375 2976 1561 3034 primum
1591 2986 1689 3019 cum
1718 2979 1810 3018 ter·—

100 3054 162 3097 ris
190 3055 436 3111 longinquis
464 3061 742 3103 mutaturum.
815 3060 928 3104 Vide
956 3062 1171 3106 PAssovn
1203 3061 1621 3106 Commentationem
1651 3057 1810 3102 acade-

99 3137 255 3190 micam
284 3140 356 3180 De
386 3139 541 3183 ordine
582 3147 853 3199 temporum,
902 3157 991 3203 quo
1014 3145 1154 3202 primi
1183 3144 1288 3188 libri
1316 3143 1484 3203 elegias
1514 3140 1697 3199 scripsit
1731 3140 1810 3184 Ti-

100 3216 276 3268 bullus,
320 3221 573 3268 Vratislav.
615 3237 723 3267 ann·
755 3227 888 3271 1831.
934 3240 1036 3283 pag.
1071 3230 1126 3271 13
1157 3242 1252 3285 sqq.
1312 3228 1546 3272 Posuimus
1587 3225 1723 3281 igitur
1765 3223 1807 3266 in

100 3301 208 3346 vita
235 3301 402 3349 Tibulli
431 3310 604 3364 tempus
634 3308 804 3365 elegiae
832 3310 936 3355 cire.
966 3323 1065 3356 ann.
1098 3314 1200 3357 ⁷12.
1233 3326 1272 3356 a.
1305 3324 1348 3356 u.
1382 3325 1420 3355 c.
1491 3309 1576 3353 Est
1606 3308 1807 3358 omnium,

101 3396 208 3436 quas
238 3382 442 3438 habemns
471 3403 498 3432 n
528 3389 732 3446 Tibullo,
759 3392 915 3450 prima.
978 3396 1124 3453 Vulgo
1157 3396 1212 3441 de
1244 3394 1504 3453 Aquitanico
1534 3392 1653 3435 bello
1684 3390 1807 3442 cogi-
