2158 3750
293 240 395 286 372
686 231 1156 286 COMR‘IENTAR.
1194 231 1269 281 IN
1305 233 1592 284 TIBULLI

291 380 471 423 solvitur
512 379 824 430 argumentum.
901 373 1172 429 Usurparunt
1218 372 1324 416 hanc
1366 375 1701 430 perpetuitatem
1742 377 1986 420 continuam

292 462 560 507 tractationis
591 459 721 503 etiam
752 459 827 500 alii
859 458 1066 513 elegiaci,
1097 472 1123 501 a
1155 459 1316 501 Tibulli
1349 471 1451 501 vero
1483 459 1649 502 ratione
1678 459 1820 503 aliena
1849 467 1928 504 est.

913 830 1360 886 EXPLICATIO.

404 1050 455 1090 V.
496 1049 640 1088 1-32.
703 1044 884 1086 Curas
925 1045 1134 1087 amoris
1177 1050 1238 1087 ut
1279 1045 1470 1088 diluat
1515 1050 1712 1102 poeta,
1762 1046 1990 1089 excitat

283 1147 340 1176 se
373 1139 428 1175 et
459 1131 673 1173 amicos
698 1129 761 1171 ad
797 1128 1128 1181 hibendum3
1166 1134 1372 1184 potare
1402 1131 1825 1172 recusantibus
1857 1143 1987 1186 poe-

284 1227 381 1256 nas
427 1211 638 1272 Bacchi
688 1211 1005 1253 denuntiat.
1079 1210 1232 1254 Ecce
1283 1223 1418 1254 vero
1480 1214 1744 1267 resurgit
1793 1213 1986 1256 dolor!

283 1297 392 1339 Sed
439 1295 528 1338 hic
574 1295 766 1337 statim
810 1292 1150 1348 reprimitur
1195 1298 1253 1335 et
1298 1299 1613 1337 revocatur
1659 1294 1877 1337 animus
1922 1296 1986 1338 ad

283 1394 538 1423 mensam.
602 1378 996 1421 Nihilominus
1040 1377 1281 1421 nondum
1327 1377 1594 1420 succedit
1634 1390 1724 1420 res
1755 1382 1811 1422 et
1840 1379 1986 1421 rela-

281 1465 438 1506 bitur
478 1476 674 1505 rursus
716 1466 882 1517 poeta
916 1460 982 1503 ad
1015 1460 1339 1503 tristitiam.
1371 1482 1431 1491 —
1473 1461 1701 1516 Dispescui
1732 1473 1904 1504 carmen
1943 1461 1986 1502 in

280 1547 387 1589 duas
433 1552 578 1602 partes
621 1545 922 1600 explicationis
965 1542 1269 1586 commodioris
1312 1555 1467 1596 causa3
1517 1543 1774 1599 compositio
1815 1544 1986 1599 poetica

282 1628 390 1672 hanc
421 1629 673 1670 divisionem
705 1640 789 1668 uon
825 1627 1039 1680 agnoscit.

401 1711 455 1754 V.
490 1713 512 1750 1
548 1723 641 1762 sqq.
704 1708 964 1750 Candide
994 1709 1190 1751 Liber.
1253 1708 1436 1752 Confert
1464 1709 1822 1754 Bnoucxnusms
1854 1712 1981 1761 Ovid.

278 1795 398 1837 Fast.
442 1792 520 1845 Ill,
560 1795 663 1834 772.
710 1799 754 1834 et
796 1793 969 1834 Samso.
1016 1793 1125 1834 Oed.
1158 1797 1274 1835 508:
1329 1792 1535 1852 Altaque
1582 1795 1834 1836 caeruleum
1879 1796 1984 1838 dum

279 1879 426 1920 Nerea
458 1875 622 1917 nesciet
662 1876 855 1922 Arctos,
901 1876 1102 1918 Candida
1136 1877 1333 1934 formosi
1378 1876 1681 1920 venerabimur
1712 1893 1791 1921 ora
1821 1880 1981 1936 Lyaei.

276 1961 360 2003 Est
401 1961 534 2014 igitur
579 1957 800 2000 candidus
832 1971 899 2014 pr.
932 1958 1137 2014 pulcher;
1184 1966 1325 2002 tamen
1358 1961 1483 2002 simul
1515 1962 1675 2004 laetum
1707 1975 1803 2006 esse
1833 1975 1980 2004 recor-

277 2044 447 2086 daberis
490 2042 719 2085 candorem
763 2040 1120 2097 pulchritudinis3
1169 2055 1267 2084 nam
1311 2043 1426 2084 laeta
1471 2043 1789 2098 pulchritudine
1832 2045 1980 2100 splen-
2062 2050 2071 2053 “

278 2127 450 2170 dentem
493 2125 706 2181 appellat,
755 2128 805 2166 ut
847 2124 1040 2167 laetitiae
1086 2124 1274 2166 faustum
1325 2124 1518 2168 datorem
1563 2126 1776 2181 designet.
1848 2129 1978 2172 Hunc

276 2212 390 2253 enim
425 2213 565 2252 vocat.
589 2230 648 2238 —
680 2207 763 2250 sic
794 2207 897 2260 sit,
929 2207 984 2250 cf.
1017 2207 1072 2249 de
1102 2207 1286 2250 formula
1315 2208 1369 2251 ad
1399 2209 1435 2262 Ι,
1467 2213 1510 2263 4,
1543 2214 1585 2253 1.
1647 2212 1705 2254 At
1736 2214 1980 2266 mystica

275 2294 417 2338 vitis
462 2306 548 2346 quo
590 2303 719 2333 sensu
761 2290 929 2333 dicatur
970 2292 1200 2334 obscurum
1245 2297 1325 2335 est.
1387 2293 1559 2336 Vellem
1589 2292 1761 2348 thyrsus
1790 2295 1978 2351 intelligi

273 2380 436 2431 posset,
467 2374 544 2415 sed
577 2386 662 2414 non
686 2378 854 2415 constat
886 2373 940 2416 de
971 2372 1052 2416 hoc
1083 2387 1165 2417 usu
1195 2374 1306 2417 vitis,
1357 2374 1611 2419 Tunnssnus
1641 2377 1749 2421 Λᾶν.
1779 2379 1832 2422 L.
1854 2379 1978 2433 XIX,

275 2472 312 2501 c.
349 2460 423 2498 30.
466 2457 681 2510 implexos
722 2456 875 2498 vitium
917 2457 1128 2511 pampinis
1159 2455 1329 2510 thyrsos
1370 2458 1527 2514 respici
1559 2464 1683 2515 putat
1711 2460 1768 2503 ab
1797 2460 1982 2506 initiatis-

272 2546 446 2595 gestos‚
488 2540 848 2583 Bnoucxmrsws
879 2547 1010 2596 caput
1039 2542 1128 2585 vite
1158 2546 1319 2586 tectum
1350 2544 1394 2586 in
1427 2544 1563 2599 orgiis
1593 2551 1806 2590 memorat
1837 2548 1975 2597 Ovn).

271 2624 379 2666 Met.
412 2624 489 2675 vl,
519 2626 622 2664 592.
690 2622 812 2664 Unde
857 2623 1074 2666 Hssynms
1113 2625 1287 2667 scribit:
1336 2625 1553 2681 mystica,
1597 2628 1698 2682 quia
1737 2629 1831 2671 eius
1870 2643 1974 2672 usus

271 2707 316 2748 in
358 2706 572 2759 mysteriis
612 2710 740 2759 atque
784 2706 917 2759 orgiis
959 2704 1132 2749 Bacchi.
1206 2706 1467 2749 ulammaus
1500 2721 1621 2750 meus
1651 2715 1798 2752 monet
1828 2723 1898 2754 me
1928 2711 1971 2754 in

268 2789 467 2834 vasculis
499 2788 685 2841 Italicis,
734 2802 845 2842 quae
878 2789 1102 2840 dicuntur,
1147 2789 1319 2844 saepius
1362 2802 1490 2832 manu
1528 2791 1659 2833 vitem
1700 2805 1779 2847 pro
1821 2792 1970 2848 thyrso

272 2862 491 2914 tenentem
523 2871 714 2926 conspici
747 2870 982 2923 Bacchum,
1014 2885 1142 2925 quem
1173 2885 1300 2914 usum
1329 2885 1500 2915 sacrum
1531 2874 1568 2915 si
1599 2876 1793 2930 respexit
1824 2883 1970 2933 poeta,

268 2954 468 2997 convenit
510 2957 792 3009 pentameter·
863 2953 1012 2995 Habes
1054 2954 1282 3008 imaginem
1333 2954 1405 2996 dei
1451 2954 1612 2998 hedera
1652 2963 1784 3012 caput
1824 2959 1970 3014 vincti,

268 3049 398 3078 manu
421 3037 551 3078 vitem
577 3035 784 3090 gerentis,
815 3056 873 3064 —-
912 3035 1000 3077 Pro
1023 3034 1159 3092 feras
1189 3035 1322 3079 Imm
1346 3038 1587 3080 maluerunt
1611 3051 1805 3097 geras,
1834 3046 1971 3084 recte.

265 3117 342 3159 Sic
377 3118 516 3160 Vme.
547 3118 654 3160 Aen.
688 3117 764 3169 VI,
795 3119 906 3158 772:
953 3115 1165 3159 umbrata
1194 3127 1359 3176 gerunt
1403 3119 1526 3162 civili
1556 3128 1757 3178 tempora
1787 3137 1968 3180 quercu.

264 3201 330 3242 Ac
361 3212 447 3241 non
478 3201 646 3243 videtur
667 3199 798 3256 ferre
830 3198 912 3243 hoc
939 3201 1069 3245 modo
1101 3203 1263 3245 dictum
1295 3203 1350 3246 de
1381 3209 1504 3260 parte
1535 3204 1742 3260 corporis.
1764 3227 1824 3237 -—
1855 3205 1964 3248 Mox

265 3287 488 3323 construe:
536 3284 592 3323 et
626 3281 803 3324 aufer.
867 3282 982 3326 Tum
1012 3299 1154 3326 meum
1184 3286 1484 3341 interpositum
1513 3291 1641 3339 nota,
1680 3285 1735 3337 cf.
1767 3286 1822 3329 ad
1853 3287 1888 3340 Ι,
1921 3291 1965 3339 9,

262 3366 335 3407 25.
367 3385 425 3394 -—
473 3363 597 3419 ipse
641 3363 868 3418 pariter
911 3364 1274 3420 medicande‚
1323 3367 1394 3422 qui
1438 3369 1531 3424 ipse
1575 3367 1708 3411 etiam
1747 3368 1964 3412 amoribus
