2158 3750
671 250 979 311 TIBULLI
1040 250 1179 309 LIB.
1217 249 1285 308 ΙΙ.
1318 258 1361 306 5.
1790 246 1869 305 55

239 408 385 485 (Hae
428 407 550 466 sore
596 392 860 467 dixerunt
903 404 1035 465 belli
1081 404 1229 466 mala
1273 404 1436 484 signa
1483 415 1767 471 cometen,

321 515 539 576 Multus
583 529 647 575 ut
684 515 747 574 in
792 529 971 574 terras
1013 513 1416 597 deplueretque
1458 511 1626 593 lapis:

237 626 422 708 Atque
462 621 630 684 tubas
663 637 846 705 atque
875 645 1031 682 arma
1072 621 1263 681 ferunt
1306 619 1659 703 strepitantia
1695 616 1850 679 caelo

322 731 536 792 Audita
580 745 633 791 et
672 728 832 790 lucos
875 729 1263 812 praecinuisse
1309 729 1536 809 sugam:

171 842 439 923 75Ipsum
482 839 648 899 etiam
693 837 885 899 Solem
932 837 1215 897 defectum
1259 836 1474 895 lumine
1518 834 1659 894 vidit

328 948 571 1027 Iungere
615 944 890 1029 pallentes
934 943 1168 1005 nubilus
1211 967 1395 1004 annus
1442 965 1617 1024 equos

232 1054 305 1113 Et
348 1052 651 1114 simulacra
696 1053 867 1114 deum
910 1052 1172 1114 lacrimas
1209 1051 1428 1111 fudisse
1463 1064 1716 1133 tepentes

323 1161 835 1246 Fataque-vocales
873 1161 1303 1246 praemonuisse
1346 1160 1549 1241 boves)

240 1271 395 1331 Haec
438 1269 667 1332 fuerant
711 1269 877 1331 olim:
914 1269 1016 1331 sed
1055 1284 1115 1330 tu
1158 1270 1271 1330 iam
1316 1268 1495 1341 mitis⁷
1551 1265 1792 1349 Apollo,

174 1392 234 1437 80
331 1379 606 1460 Prodigia
648 1378 945 1439 indomitis
983 1401 1177 1459 merge
1222 1377 1330 1437 sub
1377 1375 1751 1459 aequoribus,

233 1486 304 1569 Et
348 1510 621 1547 succensa
664 1487 842 1548 sacris
887 1486 1123 1570 crepitet
1169 1486 1315 1546 bene
1361 1483 1553 1544 laurea
1599 1481 1876 1555 flammis,

323 1594 533 1655 Omine
576 1618 691 1678 quo
734 1593 869 1654 felix
907 1609 959 1654 et
1002 1617 1164 1654 sacer
1207 1616 1392 1653 annus
1439 1592 1557 1651 erit.

236 1704 458 1764 Laurus
502 1703 604 1764 ubi
641 1703 797 1763 bona
840 1703 1007 1784 signa
1046 1701 1234 1775 dedit,
1291 1700 1532 1782 gaudete
1580 1698 1800 1760 coloni:

327 1811 630 1871 Distendet
673 1810 846 1895 spicis
885 1810 1093 1871 horrea
1137 1809 1307 1893 plena
1353 1810 1554 1882 Ceres,

178 1933 238 1978 85
256 1918 486 1979 Oblitus
532 1934 586 1979 et
627 1934 816 1980 musto
859 1919 1023 1978 feriet
1064 1917 1210 2000 pede
1251 1917 1497 1976 rusticus
1542 1938 1710 1987 uvaS‚

322 2027 493 2087 Dolia
535 2027 674 2087 dum
717 2027 913 2109 magni
958 2025 1337 2109 deficiantque
1373 2025 1547 2085 lacus.

248 2135 323 2195 At
363 2135 634 2197 madidus
672 2135 904 2198 Baccho
947 2159 1050 2196 sua
1091 2135 1233 2195 festa
1275 2132 1475 2194 Palilia
1516 2146 1712 2215 pastor

332 2246 636 2307 Concinet:
693 2269 726 2306 a
766 2244 1004 2306 stabulis
1050 2259 1186 2304 tunc
1230 2242 1432 2326 procul
1478 2256 1591 2303 este
1637 2240 1773 2323 lupi,

299 2487 352 2530 V.
375 2490 449 2530 73.
498 2486 883 2543 strepitantia
929 2485 1025 2528 libri
1067 2484 1231 2540 optimi.
1311 2483 1442 2529 Quod
1487 2483 1815 2525 Bnouxflusms
1859 2494 1884 2524 e

180 2569 392 2611 nonnullis
426 2569 620 2625 reposuit
649 2573 781 2623 atque
811 2569 940 2610 etiam
975 2580 1104 2611 Enrr.
1142 2579 1298 2609 munic.
1331 2579 1431 2609 ΜΑῐ.
1464 2579 1570 2609 αηη.
1609 2567 1721 2607 1472
1756 2562 1884 2607 habet

181 2650 476 2708 crepitantia,
519 2656 587 2693 est
617 2652 748 2705 vulgo
780 2651 1000 2706 proprium
1034 2649 1088 2691 de
1120 2649 1264 2692 armis.
1325 2649 1391 2690 Ac
1421 2652 1614 2690 notatum
1649 2652 1716 2690 est
1749 2660 1882 2703 saepe

180 2734 415 2790 permutari
446 2734 487 2775 in
516 2733 634 2775 libris
661 2731 736 2775 has
762 2746 913 2785 voceS‚
946 2715 1009 2775 cf.
1033 2732 1275 2774 DRAKENB.
1299 2730 1352 2772 ad
1377 2730 1472 2772 Liv.
1492 2730 1546 2783 V,
1564 2732 1636 2773 47.
1672 2728 1883 2782 XXXIX,

182 2819 254 2860 15.
314 2815 480 2858 Tamen
510 2813 612 2857 nillil
651 2814 813 2857 audeas
844 2818 992 2858 contra
1027 2814 1327 2856 auctoritatem
1365 2811 1585 2854 librorum.

301 2914 357 2957 V.
376 2916 451 2958 79.
490 2913 637 2967 Vulgo
671 2911 856 2970 suerint
899 2910 953 2954 de
996 2912 1244 2954 coniectura
1281 2910 1588 2952 Bnoummsn.

302 3011 356 3054 V.
374 3014 448 3054 83.
479 3010 635 3053 Lectio
665 3009 774 3052 ubi.
823 3010 1014 3053 Vossms
1039 3009 1149 3051 male
1174 3007 1268 3060 uti,
1298 3019 1426 3061 quem
1443 3006 1646 3060 sequitur
1668 3005 1885 3047 Bacmus.

183 3094 330 3148 Vulgo
370 3093 439 3147 io,
487 3106 598 3148 quae
639 3105 741 3134 vere
782 3092 953 3148 poetica
995 3095 1062 3133 est
1103 3091 1294 3134 Hssmsu
1335 3090 1607 3143 coniectura,
1659 3087 1789 3131 modo
1832 3101 1887 3131 ne

184 3182 272 3220 tam
302 3176 518 3219 dissimilis
553 3179 670 3217 esset
705 3174 880 3217 lectioni
915 3173 1134 3216 librorum.

303 3273 356 3315 V.
374 3275 447 3315 86.
486 3269 778 3328 deficientque
804 3270 1059 3313 Rncmssts
1095 3274 1141 3312 ut
1174 3283 1300 3313 ssm'r.
1331 3282 1484 3312 ramo.
1511 3280 1635 3322 nun,
1674 3265 1788 3322 quod
1820 3279 1891 3309 re-

186 3363 391 3413 ceperunt
426 3356 639 3406 Vossius,
675 3353 965 3406 Huscuxms,
999 3353 1225 3406 BAcmus,
1258 3354 1556 3395 Gonnnnrus.
1619 3350 1721 3393 Noli
1753 3352 1891 3405 sequi.
