2158 3750
627 252 812 304 LlBR.
849 253 940 303 IV.
1017 253 1231 304 CARM.
1266 255 1307 304 1.
1733 259 1834 309 419

125 395 327 453 flammis
365 403 413 438 et
453 403 676 442 cremata,
720 379 918 437 cominus
957 409 1123 451 vapore
1155 401 1401 437 torrentur.
1429 419 1488 427 -
1536 396 1591 439 V.
1624 400 1710 440 165
1743 414 1838 454 sqq.

138 481 292 523 inter
319 503 383 514 —-
412 480 709 535 interque,
758 480 942 536 repetita
974 480 1322 535 praepositione,
1367 480 1441 522 ubi
1472 481 1606 523 semel
1643 480 1836 523 sufficie-

137 563 238 617 bat,
280 569 386 607 noto
422 576 519 607 usn.
578 562 692 608 Vide
722 563 855 605 multa
896 563 1027 606 allata
1067 576 1138 618 ap·
1180 563 1380 605 Scmun.
1415 562 1470 604 ad
1500 562 1654 606 Horat.
1694 562 1836 619 Epist.

138 648 174 697 1,
210 650 255 700 2,
299 651 370 692 12.
394 643 462 690 'et
508 647 777 691 Hnmnonr.
817 646 875 690 ad
918 647 1013 690 Sat.
1055 646 1090 699 1,
1132 651 1177 700 7,
1220 649 1293 688 12.
1375 646 1569 690 Similem
1622 646 1836 701 quandam

142 729 312 771 articuli
352 730 656 785 repetitionem
701 727 833 773 habet
871 729 1012 773 Pmn.
1046 727 1172 771 Nem.
1204 728 1325 782 VIII,
1359 730 1431 774 fin.
1469 754 1526 763 -—-
1576 731 1839 786 rigentes

138 814 282 855 verior
311 813 442 856 lectio
470 813 667 866 videtur,
699 825 786 854 non
815 809 1055 871 rig-entem,
1100 810 1231 853 modo
1262 816 1510 865 teneamus,
1540 813 1584 855 in
1614 814 1838 869 sequenti-

141 896 246 940 bus:
277 897 601 952 Nostraque
631 901 686 940 ot
713 919 773 928 —
801 907 934 951 para
962 896 1176 948 altera,
1210 896 1443 950 particulas
1467 912 1550 954 que
1573 905 1619 938 et
1640 911 1726 941 non
1749 899 1839 942 dis-

143 981 353 1024 iunctivas
388 993 498 1033 esse,
527 978 603 1023 sed
635 979 727 1022 sere
758 993 822 1036 pr.
853 993 938 1025 una
972 979 1150 1036 positas,
1181 983 1230 1022 nt
1259 981 1308 1020 τὲ
1338 1003 1396 1010 -
1429 983 1502 1021 καὶ
1535 982 1707 1025 Graece
1737 996 1839 1039 pas-

140 1065 221 1106 sim
261 1070 503 1119 ponuntur,
547 1062 604 1108 cf.
636 1063 894 1107 Humanum.
925 1062 981 1109 ad
1019 1061 1158 1118 Soph.
1198 1061 1362 1105 Electr.
1394 1067 1497 1106 873.
1550 1064 1754 1107 Lorne-K.
1785 1064 1841 1107 ad

138 1145 370 1200 Phrynich.
415 1162 458 1203 p.
489 1149 591 1191 410.
654 1146 767 1191 Nam
805 1148 957 1191 ambae
997 1154 1099 1192 sunt
1139 1148 1253 1191 inter
1295 1148 1503 1196 torridam
1548 1153 1594 1191 et
1634 1149 1842 1204 rigentes,

138 1242 421 1284 unaquaeque
451 1235 596 1274 autem
626 1231 740 1275 inter
770 1230 979 1276 torridam
1008 1235 1054 1272 et
1084 1230 1295 1284 rigentem
1327 1231 1579 1274 alterutram
1611 1236 1690 1274 est.
1753 1231 1841 1274 Ce-

138 1320 278 1356 terum
309 1313 413 1355 lucie
444 1322 596 1356 nostro
635 1313 730 1356 solo
770 1313 1004 1356 adversam
1038 1313 1159 1356 vides
1189 1315 1422 1357 australem
1454 1327 1609 1357 zonam
1643 1328 1752 1358 esse.
1785 1338 1841 1365 -,

138 1397 351 1439 similis
379 1396 778 1441 viciniarcaeli
809 1396 1146 1452 Temperat,
1178 1395 1218 1441 h.
1253 1410 1292 1439 e.
1322 1396 1470 1439 Similis
1501 1399 1610 1441 caeli
1641 1400 1842 1454 aetisque

140 1479 252 1521 ratio
281 1479 338 1520 ab
369 1484 552 1532 utraque
584 1484 708 1534 parte
737 1479 876 1521 vicina
911 1483 1138 1534 temperat.
1210 1480 1355 1522 Habet
1385 1481 1498 1524 enim
1529 1487 1711 1536 utraque
1747 1487 1842 1525 tor-

140 1560 276 1602 ridam
309 1565 354 1602 et
384 1560 581 1614 frigidam
612 1575 636 1603 a
669 1561 829 1615 latere,
879 1566 924 1604 et
961 1561 1153 1618 spirante
1186 1561 1283 1604 hinc
1315 1563 1482 1617 calido,
1528 1565 1645 1606 illinc
1678 1564 1838 1619 frigido

139 1647 240 1687 aere
273 1644 460 1687 efficitur
489 1644 721 1700 temperies
752 1644 930 1700 optima,
957 1645 1075 1700 quia,
1106 1649 1155 1687 ut
1182 1650 1310 1700 poeta
1335 1645 1468 1699 addit,
1502 1644 1621 1688 alter
1650 1646 1842 1689 alterius

138 1729 257 1772 vires
297 1735 428 1771 necat
470 1733 565 1772 αὲϊ.
628 1729 695 1772 Ad
737 1743 778 1774 v.
821 1734 1111 1785 temperat
1149 1729 1298 1772 confer
1339 1743 1436 1773 cum
1481 1730 1673 1773 HssYmo
1715 1731 1843 1775 ovid.

139 1811 252 1856 Met.
295 1811 331 1865 I,
370 1815 456 1855 512
522 1802 871 1870 Temperiemque
913 1810 1036 1852 dedit
1080 1810 1225 1852 mixta
1282 1826 1381 1852 cum
1414 1811 1597 1869 frigore
1636 1813 1846 1869 flamma.

140 1896 281 1940 Porro
312 1901 520 1940 tenens
551 1900 618 1939 est
649 1897 940 1952 amplectens,
970 1895 1179 1939 ambiens.
1242 1896 1440 1950 Denique
1474 1900 1668 1949 necat,
1711 1897 1841 1938 veluti

140 1981 355 2023 MacRoB.
384 1981 477 2022 Sat.
510 1979 566 2032 ΙΙ,
596 1982 626 2022 7
638 1994 650 2022 :
697 1977 831 2020 edera
861 1992 1042 2034 serpens
1073 1977 1190 2020 vires
1220 1975 1430 2020 arboreas
1471 1986 1629 2024 necat,
1669 1979 1843 2023 simeo.

139 2063 321 2119 Hippol.
346 2064 462 2104 454:
494 2059 618 2118 Quid
645 2067 690 2100 te
719 2062 893 2101 coerces
921 2065 969 2100 et
991 2073 1125 2100 necas
1155 2065 1323 2100 rectam
1351 2056 1575 2100 indolem?
1623 2060 1844 2102 Observa-

141 2145 208 2188 bis
238 2145 395 2198 etiam,
426 2156 524 2188 cum
550 2142 692 2197 logica
723 2142 834 2184 ratio
865 2141 1154 2186 membrorum
1185 2140 1294 2185 haec
1324 2142 1406 2184 sits
1437 2146 1676 2198 temperat,
1707 2145 1846 2186 altero

140 2228 245 2270 aete
271 2226 451 2269 alterius
480 2225 594 2268 vires
623 2228 820 2276 necante,
850 2236 931 2280 pro
961 2223 1192 2280 participio
1222 2236 1344 2267 more
1377 2230 1604 2280 poetarum
1630 2225 1845 2280 frequenti

141 2310 309 2352 finitum
339 2309 516 2351 verbum
545 2308 759 2364 positum,
801 2307 916 2362 quod
947 2321 1084 2362 genus
1115 2308 1289 2351 dicendi
1320 2309 1563 2352 monuimus
1597 2310 1679 2352 iam
1711 2324 1843 2366 supra

142 2393 365 2437 nervosius
400 2405 498 2436 esse
532 2397 579 2436 et
607 2393 707 2448 plus
736 2393 899 2447 vigoris
930 2391 1104 2436 habere.
1167 2391 1311 2435 Etiam
1344 2391 1455 2434 hunc
1484 2393 1626 2435 locum
1657 2394 1848 2449 corrupit

144 2477 334 2520 Vossms
374 2489 441 2531 pr.
482 2482 528 2516 et
561 2482 693 2518 necat
722 2475 794 2530 qui
827 2482 880 2516 ut
923 2482 1047 2516 necet
1086 2476 1303 2530 receperit
1342 2487 1583 2531 perperam.
1656 2475 1846 2517 Secutus

143 2566 287 2604 tamen
331 2565 398 2604 est
438 2561 657 2604 Baculus.
690 2582 750 2593 —
798 2561 851 2603 V.
887 2562 972 2603 169
1004 2572 1098 2614 sqq.
1149 2571 1250 2615 per
1291 2564 1571 2615 tempora.
1635 2559 1846 2612 Vertitur,

142 2645 229 2698 ait,
273 2648 319 2687 et
349 2644 534 2687 volvitur
564 2655 714 2687 annus·
732 2641 954 2698 placidus,
999 2654 1079 2683 nec
1111 2641 1234 2683 nimis
1266 2641 1429 2684 calidus
1459 2653 1540 2683 nec
1566 2641 1691 2683 nimis
1724 2640 1848 2694 frigi-

141 2725 237 2779 duS,
267 2739 346 2782 per
376 2731 575 2782 tempora
605 2728 810 2780 quattuor
841 2723 1024 2776 diversa,
1056 2736 1154 2765 cum
1187 2723 1266 2765 sub
1300 2736 1409 2766 zona
1442 2723 1605 2766 torrida
1635 2729 1848 2780 perpetua

142 2814 290 2853 nutas
322 2810 420 2862 sits
447 2809 529 2852 sub
573 2808 730 2865 frigida
770 2812 915 2852 autem
948 2814 1158 2864 perpetua
1199 2806 1350 2851 hiems.
1383 2831 1437 2840 —
1488 2800 1649 2851 lenta
1693 2808 1848 2861 vitis,

144 2894 317 2938 flexilis.
391 2895 665 2938 excelsos
719 2893 1115 2938 conscendere
1171 2907 1359 2936 ramos
1427 2893 1663 2947 didicit,
1723 2894 1849 2936 ulmis

143 2979 306 3034 quippe
351 2979 548 3021 maritata
596 2982 726 3032 atque
776 2979 905 3022 etiam
952 2979 1149 3035 populis,
1196 2982 1243 3019 ut
1289 2977 1476 3020 maxime
1526 2977 1569 3019 in
1613 2976 1850 3030 Campania

146 3061 335 3114 factum,
375 3061 514 3106 Pam.
543 3060 665 3115 xlv,
699 3065 739 3105 l.
769 3085 830 3094 —-
873 3075 1068 3117 segeS,
1109 3075 1221 3105 nunc
1252 3067 1367 3104 terra
1398 3061 1620 3103 frumentis
1651 3062 1717 3103 vel
1749 3061 1848 3102 riti-

146 3143 229 3187 bus
260 3144 438 3187 consita.
502 3143 697 3200 Nempe,
726 3148 776 3186 ut
805 3143 972 3187 Lexica
1002 3144 1172 3187 abunde
1205 3144 1390 3196 docent,
1421 3157 1545 3200 seges
1578 3147 1644 3185 est
1675 3143 1848 3184 omnino

147 3232 264 3271 terra
302 3241 413 3283 quae
447 3228 629 3281 colitur,
677 3228 767 3270 sive
810 3227 1024 3272 destinata
1056 3230 1210 3272 sationi
1254 3232 1344 3272 sive
1384 3231 1573 3280 consita,
1623 3233 1666 3270 et
1710 3228 1847 3269 latiori

148 3325 278 3356 sensu
323 3315 452 3356 etiam
501 3326 662 3369 pascua
711 3314 1014 3369 complectitur
1056 3326 1195 3368 eaque
1237 3314 1357 3366 loca,
1413 3314 1486 3355 ubi
1531 3319 1684 3368 sponte
1732 3318 1849 3351 salae

151 3401 350 3439 crescunt
391 3394 576 3450 herbae,
622 3402 670 3438 ut
716 3396 852 3441 Vino.
884 3398 1050 3451 Georg.
1083 3396 1159 3450 lv,
1192 3398 1305 3438 128:
1353 3409 1431 3435 nec
1454 3394 1634 3452 fertilis
1664 3392 1743 3433 illa
1776 3392 1851 3434 ia-

1267 3478 1374 3529 27*
