2158 3750
726 245 904 296 LlssR.
943 247 984 295 Ι.
1059 243 1258 298 ELEG.
1298 245 1337 295 Ι.
1823 255 1885 299 19

300 402 353 442 V.
386 404 544 444 37-50.
604 399 785 443 Redit
831 398 1110 454 primaria
1156 397 1463 439 sententia.

297 485 551 527 Revertitur
592 488 723 538 poeta
765 482 820 524 ad
861 480 967 522 hanc
1010 493 1088 535 per
1130 493 1281 536 preces
1320 478 1375 522 ad
1421 478 1542 521 deos.
1617 479 1876 524 Observabit

179 575 323 610 autem
357 569 494 611 lector
523 578 678 608 novum
708 568 903 606 ornatum
936 564 1187 605 sententiae.
1251 563 1359 604 Cum
1388 563 1501 604 enim
1523 574 1654 618 supra
1680 562 1735 604 de
1760 571 1883 606 aestu

181 652 284 693 Sirii
318 659 361 693 et
394 652 544 692 umbra
572 625 739 690 arboris
767 646 950 697 dixerit,
996 659 1106 687 nunc
1137 644 1318 687 hiemem
1349 646 1515 699 cogitat
1544 650 1589 688 et
1620 646 1776 688 lectum
1809 659 1883 688 so-

185 734 307 774 litum
351 732 522 783 laudat,
567 730 668 771 dum
712 727 828 770 venti
874 727 1062 769 immites
1107 727 1193 768 sint
1235 727 1488 783 pluviasque
1536 728 1702 782 gelidas
1726 728 1879 772 afferat

179 819 362 866 Auster,
393 826 491 856 nam
520 811 701 855 transire
731 812 823 854 vult
855 809 952 852 hinc
983 809 1037 852 ad
1069 821 1258 852 amorem
1290 809 1454 852 Deliae.

294 898 349 939 V.
381 899 453 938 37.
515 894 744 939 Adsitis
789 894 920 937 divi.
998 892 1267 947 Significavit
1309 904 1438 946 supra
1484 892 1540 934 ob
1590 894 1794 948 pietatem
1840 896 1882 937 in

178 978 391 1031 agricolas
433 976 541 1018 deos
582 981 628 1018 et
669 976 935 1031 pastoritiam
975 975 1128 1017 Palem
1161 985 1374 1027 ‘agrorum
1412 986 1460 1016 se
1493 977 1749 1030 pecorisque
1780 990 1883 1032 pro-

176 1063 347 1101 ventum
374 1057 544 1100 felicem
571 1071 774 1114 sperare3
807 1057 914 1100 nihil
935 1058 1069 1113 igitur
1091 1056 1234 1114 aptius
1258 1062 1326 1099 est
1348 1070 1475 1111 quam
1505 1058 1619 1112 quod
1646 1065 1743 1114 post
1766 1059 1885 1114 llaec,

174 1143 467 1198 complectens
512 1141 829 1196 quodammodo
874 1142 1202 1194 antecedentia,
1256 1141 1386 1182 etiam
1431 1141 1670 1194 generatim
1716 1142 1887 1185 invocat

174 1223 282 1265 deos
341 1223 424 1277 (Ja
465 1222 562 1264 seid
604 1223 782 1282 galidig
816 1223 890 1265 ihr
933 1222 1133 1278 Go’tter).
1217 1214 1444 1265 Falluntur
1492 1224 1566 1277 qui
1607 1223 1739 1266 verba
1784 1238 1886 1280 per:

171 1306 323 1349 adeste
350 1308 484 1349 sacris
518 1307 764 1363 explicant,
805 1307 921 1362 quod
953 1306 1022 1349 bic
1051 1305 1239 1349 maxime
1279 1307 1484 1350 ieiunum.
1556 1307 1651 1350 Nec
1692 1310 1884 1363 postulat

172 1389 254 1434 hoc
277 1403 415 1433 nexus
439 1403 581 1433 rerum
603 1393 885 1445 sequentium.
948 1391 1110 1435 Verum
1139 1402 1310 1432 sensum
1342 1390 1462 1431 verbi
1486 1391 1634 1432 JANUS
1663 1391 1889 1433 Gamma-

173 1488 260 1517 »σε
291 1475 450 1530 aliique
479 1474 688 1517 viderunt.
720 1483 727 1493 ³
759 1475 869 1517 Mox
900 1487 1048 1518 verum
1078 1479 1145 1516 est
1176 1487 1280 1517 nec,
1319 1472 1356 1513 si
1387 1473 1578 1514 criticam
1611 1473 1889 1528 consulimus,

173 1569 253 1599 nec
284 1557 497 1600 sententia
517 1557 722 1617 *postulat
754 1555 821 1599 hic
850 1556 1007 1598 fortius
1037 1569 1138 1601 neu,
1167 1553 1379 1608 siqnidem
1410 1551 1492 1595 hoc
1523 1553 1626 1595 dicit
1657 1552 1880 1596 Tibullus:

173 1639 340 1682 Favete
369 1639 500 1681 rebus
524 1638 636 1683 meis
670 1651 752 1681 nec
781 1638 1043 1681 contemnite
1072 1649 1143 1679 me
1171 1648 1396 1679 munerum
1426 1635 1619 1697 tenuium
1650 1646 1794 1676 causa.
1823 1657 1877 1668 -

173 1734 278 1764 nec
307 1735 438 1776 vos,
483 1727 533 1765 ut
574 1725 720 1764 amant
751 1721 795 1763 in
826 1719 1017 1762 secundo
1048 1718 1241 1762 membro
1273 1717 1434 1760 addere
1465 1729 1726 1772 pronomen,
1772 1717 1882 1781 conf.

175 1803 469 1847 Mr‘rscnssut..
511 1805 567 1847 ad
611 1805 765 1847 Horat.
799 1804 835 1857 Ι,
872 1807 915 1857 9,
956 1807 1026 1847 16.
1100 1802 1228 1860 Apud
1259 1802 1479 1844 Tibullum
1504 1800 1654 1842 confer
1683 1802 1776 1856 ipse
1804 1815 1886 1858 ego

173 1886 209 1938 l,
240 1889 284 1938 5,
314 1889 383 1928 15.
414 1901 503 1927 non
531 1901 612 1944 ego
640 1886 676 1940 1,
707 1890 751 1939 6,
785 1889 859 1928 38.
891 1890 936 1928 et
966 1886 1164 1940 exempla
1197 1883 1459 1940 pronominis
1488 1882 1564 1922 ille
1594 1882 1648 1924 ad
1684 1882 1716 1934 l,
1742 1886 1785 1935 2,
1813 1887 1886 1926 60.

172 1968 271 2010 Νοη
303 1970 443 2011 minus
473 1974 575 2012 nota
605 1981 675 2011 res
714 1969 758 2010 in
796 1968 1004 2020 GraeciS,
1052 1966 1176 2019 vide,
1221 1978 1276 2008 ne
1306 1965 1427 2021 plura
1460 1964 1661 2017 afferam,
1705 1965 1887 2006 δυη-

171 2063 312 2092 mun.
357 2051 410 2093 ad
454 2051 568 2094 Plat.
616 2051 756 2105 Gorg.
800 2063 901 2105 pag.
942 2051 1046 2091 267.
1090 2070 1149 2079 —
1201 2060 1227 2090 e
1273 2059 1464 2089 mensa
1511 2051 1654 2099 recte,
1702 2059 1786 2088 non
1835 2046 1886 2087 de

172 2149 348 2181 mensa,
395 2148 493 2178 cum
540 2140 747 2189 sequatur
786 2148 809 2174 e
843 2132 1084 2190 fictilibus.
1166 2131 1278 2175 Nam
1322 2130 1395 2172 ubi
1450 2129 1602 2173 eadem
1651 2133 1724 2171 aut
1766 2129 1885 2171 simi—

173 2219 224 2260 lis
254 2220 499 2262 sententiae
531 2219 668 2272 ratio,
713 2218 865 2261 eadem
896 2217 1163 2274 praepositio
1193 2221 1399 2272 praestat.
1463 2214 1752 2270 Cogitandum
1783 2227 1887 2258 vero

176 2315 290 2346 nunc
332 2304 388 2346 de
428 2315 554 2345 sacro
596 2314 676 2345 usu
721 2313 992 2354 mensarum3
1030 2313 1127 2343 nam
1170 2306 1220 2343 ut
1259 2314 1360 2343 arae
1397 2301 1637 2343 cremandis
1665 2300 1887 2342 sacrificiis

177 2387 484 2440 inserviebant,
513 2388 576 2430 sic
608 2398 783 2429 mensae
813 2391 859 2428 et
888 2385 1005 2442 apud
1033 2387 1230 2428 Graecos
1257 2381 1469 2442 τράπεζαι
1499 2385 1593 2426 aliis
1624 2385 1747 2426 donis
1778 2384 1887 2426 offe-

180 2471 349 2523 rendis3
392 2471 526 2513 etiam
566 2470 778 2526 prosiciae
815 2470 857 2512 in
888 2468 1047 2512 mensis
1088 2468 1287 2510 videntur
1328 2467 1566 2522 appositae.
1627 2468 1771 2520 Atque
1807 2465 1889 2509 hoc

177 2565 274 2605 loco
307 2555 363 2597 de
394 2555 571 2611 privatis
601 2555 736 2597 sacris
766 2553 925 2607 agitur.
985 2551 1214 2607 Cogitabis
1253 2551 1386 2605 igitur
1427 2563 1619 2593 mensam
1661 2563 1746 2592 non
1786 2563 1887 2605 pre-

174 2638 353 2689 tiosam,
385 2636 668 2690 exquisitiore
698 2647 735 2679 e·
755 2634 875 2689 ligno
903 2633 1087 2687 saetam,
1118 2634 1269 2688 quales
1298 2633 1476 2676 ditiores
1508 2633 1750 2686 habebant,
1773 2633 1888 2678 conf.

174 2720 442 2763 Hmsmonr.
470 2718 529 2760 ad
558 2718 713 2762 Horat.
745 2718 839 2761 Sat.
870 2717 906 2771 1,
937 2720 982 2770 3,
1013 2719 1100 2770 13„
1131 2716 1209 2759 sed
1239 2717 1505 2772 simplicem,
1537 2716 1668 2760 credo
1697 2729 1885 2759 marmo-

177 2815 309 2854 ream,
339 2802 395 2847 ct'.
427 2801 606 2854 Hunni.⁴
635 2803 675 2846 lc
695 2802 783 2855 cit,
813 2802 983 2857 qualem
1015 2813 1249 2858 pauperem
1280 2801 1471 2856 appellat
1502 2813 1641 2853 nunc,
1673 2800 1716 2842 in
1749 2812 1886 2854 eaque

177 2884 289 2927 dona
317 2885 542 2949 collocata.
562 2904 623 2919 ι·-
654 2883 708 2927 V.
734 2886 809 2927 38.
839 2882 1170 2936 fictilibus,
1204 2883 1366 2938 pateris
1400 2887 1444 2924 et
1475 2882 1667 2937 poculis3
1702 2886 1887 2935 utroque

179 2967 476 3021 enim-genere
495 2965 564 3010 luc
585 2977 712 3022 opus.
743 2966 926 3023 puris,
954 2965 992 3009 h.
1020 2980 1057 3010 e.
1090 2980 1185 3009 cum
1213 2980 1318 3022 pura
1343 2967 1442 3008 sint.
1506 2965 1708 3008 Ceterum
1739 2966 1889 3007 fictilia

178 3049 221 3091 in
251 3049 387 3091 sacris
418 3047 602 3104 publicis
624 3046 700 3090 diu
723 3048 893 3096 retent
920 3049 1091 3103 priscae
1121 3049 1410 3104 simplicitatis
1440 3048 1729 3101 veneratione,
1760 3048 1890 3090 etiam

182 3138 410 3190 postquam
443 3134 571 3175 luxus
609 3131 916 3189 rempublicam
947 3132 1176 3186 invaserat,
1209 3137 1409 3176 notarunt
1440 3133 1724 3188 interpretes,
1769 3132 1891 3174 STA-

181 3229 311 3269 τωο,
342 3216 725 3268 Baqucxnusws,
755 3213 1000 3267 Hermus,
1033 3214 1316 3258 Husonst.
1394 3215 1483 3258 Sed
1515 3214 1583 3258 hic
1616 3228 1708 3258 mos
1739 3216 1889 3270 paula-

182 3302 258 3344 tim
293 3302 335 3343 in
365 3300 694 3344 desuetudinem
725 3298 891 3341 abierat
922 3298 1172 3342 domesticis
1203 3299 1246 3341 in
1276 3300 1410 3342 sacris
1441 3299 1668 3351 ditiorum,
1707 3299 1778 3340 ubi
1812 3310 1891 3339 au-

187 3398 272 3438 rea,
302 3392 522 3439 argentea,
551 3384 633 3426 alia
660 3383 846 3438 pretiosa
876 3394 974 3424 vasa
1000 3382 1280 3437 splendebant
1310 3383 1504 3437 plurima.
1569 3380 1730 3422 Confer
1762 3378 1890 3420 modo

1333 3472 1359 3499 e)
1381 3467 1406 3493 »κ
