2158 3750
314 294 380 337 58
707 287 1175 341 COMMENTAR.
1212 289 1289 340 IN
1326 287 1616 340 TIBULLI

434 445 485 486 V.
518 442 679 486 89-ad
713 444 854 487 finem.
915 444 1136 488 Exitus.
1199 445 1462 490 Patimur
1503 455 1692 485 omnes
1734 443 1838 485 vim
1870 452 2011 485 amo-

314 527 415 577 ris,
459 538 538 567 me
568 530 755 568 autem
788 525 1027 569 fidelem
1056 540 1306 580 servum,
1339 539 1366 568 o
1399 527 1611 579 Venus,
1642 525 1762 568 noli
1791 523 2012 586 diutius

313 609 695 651 inclementer
725 614 999 658 tractare.

432 691 482 732 V.
516 693 588 733 89.
620 695 676 733 at
707 696 776 734 tu.
838 691 921 734 Est
954 692 1245 745 admonentis,
1281 691 1506 745 minantiS,
1537 695 1612 733 aut
1642 687 1903 743 indignantis
1931 699 2011 742 pro

311 774 478 816 ratione
509 774 728 829 locorum,
759 774 814 819 cf.
846 776 881 829 Ι,
910 780 954 829 5,
986 779 1058 819 69.
1102 776 1178 829 lv,
1210 779 1254 830 2,
1287 778 1330 817 3.
1364 779 1408 817 et
1438 774 1592 816 Bunm.
1625 771 1681 814 ad
1709 767 1881 813 Anthol.
1914 769 2012 812 Lat.

311 855 364 899 T.
398 856 454 899 ΙΙ.
499 871 540 912 p.
572 859 678 902 555.
755 857 958 900 Ceterum
994 859 1205 908 Vossms,
1250 869 1347 899 cum
1390 857 1582 898 ultimam
1614 857 1782 910 partem
1811 849 2014 894 carminis

312 951 390 994 pro
423 952 534 982 novo
567 939 780 994 carmine,
814 945 864 983 ut
892 941 1099 993 vidimus,
1132 939 1317 994 habeat,
1347 939 1582 982 Messalam
1612 934 1842 989 intelligit,
1870 946 1897 975 a
1927 943 2014 986 quo

311 1029 438 1079 poeta
472 1022 536 1067 his
566 1025 690 1068 minis
719 1027 888 1068 veniam
919 1025 1103 1068 abeundi
1134 1029 1269 1080 petat.
1331 1024 1461 1071 Quod
1492 1025 1576 1067 iam
1609 1035 1696 1066 non
1729 1033 1839 1077 opus
1870 1023 1938 1062 est
1966 1022 2016 1061 ut

313 1109 565 1153 refutemus,
626 1109 696 1152 Tu
735 1123 820 1152 non
863 1109 1078 1164 cogitabis
1118 1112 1286 1151 certum
1327 1107 1567 1160 hominem,
1610 1111 1742 1162 atque
1781 1105 1844 1147 ita
1885 1103 2015 1147 etiam

309 1193 444 1246 vulgo
475 1193 616 1234 locum
649 1197 911 1247 acceperunt
941 1204 1118 1244 omues3
1151 1195 1220 1233 est
1248 1190 1364 1234 enim
1393 1189 1500 1233 haec
1538 1203 1609 1232 res
1640 1190 1755 1242 talis,
1784 1200 1896 1243 quae
1929 1200 2014 1231 non

310 1277 384 1318 uni
415 1281 581 1318 tantum
614 1275 840 1318 tribuenda
871 1276 942 1319 sit.
1002 1275 1193 1318 Tenebis
1226 1279 1370 1318 tamen
1398 1275 1542 1329 simul,
1571 1275 1672 1318 inde
1702 1274 1876 1318 ductam
1906 1271 2016 1316 hanc

310 1359 492 1403 formam
523 1360 693 1412 exitus,
723 1357 838 1413 quod
872 1359 1024 1401 flentes
1054 1363 1154 1401 ante
1185 1359 1355 1402 ianuam
1385 1358 1558 1414 puellae
1588 1361 1803 1401 amatores
1832 1369 1859 1399 a
1888 1368 2018 1412 prae-

311 1443 581 1486 tereuntibus
621 1441 921 1485 irridebantur.
994 1441 1090 1484 Nec
1122 1446 1287 1484 temere
1317 1441 1502 1495 arripuit
1530 1446 1662 1497 poeta
1690 1438 1880 1495 aliquid,
1927 1448 2014 1492 quo

309 1523 439 1571 fineni
467 1528 711 1584 imponeret
751 1528 944 1583 elegiae,
986 1526 1063 1570 sed
1109 1526 1225 1581 quod
1255 1519 1664 1583 παρακλαυσιθύρῳ
1697 1521 1876 1567 carmini
1907 1532 2014 1564 con-

309 1611 499 1662 veniret,
542 1611 687 1666 posuit
717 1616 763 1654 et
792 1625 955 1668 ponere
987 1611 1149 1655 debuit.
1182 1635 1240 1642 —
1286 1612 1502 1663 laetus,
1542 1612 1696 1665 utpote
1726 1607 1836 1650 liber
1865 1605 1922 1649 ab
1953 1603 2016 1656 his

309 1693 543 1736 doloribus.
605 1692 753 1736 Nolim
795 1695 908 1736 enim
950 1695 1014 1737 sic
1057 1695 1302 1748 intelligere
1343 1698 1392 1736 ut
1433 1691 1580 1735 animo
1619 1690 1850 1750 gaudente
1880 1693 1947 1733 est
1978 1689 2014 1744 1,
2094 1752 2098 1755 v

307 1781 351 1831 6,
376 1781 450 1820 81.
483 1782 558 1820 aut
588 1775 787 1819 lacrimis
817 1774 1068 1818 laetabitur
1099 1776 1200 1818 istis
1233 1777 1369 1819 Ovm.
1405 1776 1514 1818 Met.
1543 1774 1623 1828 IX,
1658 1775 1757 1817 144
1789 1785 1888 1816 cum
1919 1771 2016 1815 odi-

308 1874 405 1904 mus
435 1862 636 1916 aliquem.
670 1884 730 1892 -
773 1864 982 1903 caveto
1024 1873 1146 1903 mox
1188 1859 1320 1912 tibi,
1362 1858 1580 1901 ostendito
1611 1869 1714 1899 mox
1744 1860 1862 1899 tuam
1892 1853 2017 1898 uobis

307 1947 620 1998 constantiam3
651 1946 732 1988 erit
764 1946 876 1988 enim
907 1958 1009 1988 mox
1042 1946 1170 1987 etiam
1208 1944 1313 1996 tibi,
1344 1958 1369 1986 a
1401 1957 1486 1998 quo
1517 1955 1651 1997 aegre
1686 1954 1853 1985 caveas.
1915 1939 2016 1983 Nou

308 2034 377 2072 est
404 2029 520 2084 quod
548 2030 642 2072 iure
673 2028 903 2085 displiceat
934 2029 976 2071 in
1006 2027 1084 2071 hac
1111 2029 1343 2081 locutione,
1373 2041 1501 2083 quam
1528 2025 1804 2083 reprehendit
1828 2024 2018 2068 Huscu-

309 2125 430 2156 mus.
468 2133 525 2145 —
559 2125 667 2154 non
699 2124 854 2154 unus.
915 2111 1063 2153 JANUS
1096 2111 1386 2152 GssBnAusz
1415 2110 1746 2166 interpretatur:
1777 2119 1864 2150 non
1893 2107 2015 2150 simi—

308 2197 389 2250 lis,
423 2195 463 2240 h.
496 2210 534 2240 e.
566 2200 615 2238 tu
645 2195 916 2250 gravioribus
946 2196 1070 2238 malis
1100 2194 1342 2250 urgeberis.
1404 2194 1538 2238 Male.
1565 2218 1574 2226 -
1599 2192 1754 2236 Potius
1782 2203 1890 2234 uon
1918 2188 2014 2232 uni

310 2279 421 2322 bene
461 2278 733 2321 emendatum
776 2283 868 2331 est,
915 2279 1165 2333 postulante
1196 2277 1424 2320 sententia.
1486 2276 1582 2319 Nec
1611 2275 1740 2320 video
1771 2287 1850 2318 cur
1879 2273 2016 2318 Har-

308 2374 416 2405 mus
447 2361 586 2414 dicat,
626 2360 691 2403 sic
719 2374 860 2418 usque
890 2361 1031 2402 minus
1061 2359 1432 2403 accommodatum
1464 2372 1588 2412 esse,
1629 2358 1744 2414 quod
1775 2357 2020 2413 significat:

308 2451 535 2503 perpetuo.
586 2445 766 2488 Confert
795 2446 1200 2488 Wunnssnmcmtrs
1231 2446 1372 2488 Somr.
1399 2444 1562 2488 Electr.
1595 2446 1710 2486 916:
1743 2437 1812 2496 ἄγ’
1839 2429 1872 2483 οἶ
1897 2440 2014 2498 φίλη,

308 2527 527 2587 θάρσυνε·
577 2539 672 2575 τοῖς
714 2524 887 2571 αὐτοῖσί
929 2545 1000 2570 τοι
1047 2525 1126 2581 οὔχ
1173 2522 1308 2574 αὖτὸς
1358 2523 1424 2570 αἐὶ
1467 2523 1686 2576 δαιμόνων
1729 2533 2017 2583 παραστατεῖ.

314 2614 439 2669 Apud
475 2613 698 2655 Tibullum
731 2613 999 2656 Huscussms
1031 2614 1217 2656 coniecit
1251 2628 1340 2655 non
1371 2627 1556 2659 vacuus,
1586 2610 1627 2655 h.
1659 2624 1699 2654 e.
1732 2623 1817 2654 non
1848 2623 2018 2662 vacans,

309 2710 395 2739 non
427 2710 615 2750 cessans,
646 2710 732 2751 quo
765 2697 967 2751 loquendi
999 2710 1160 2751 genere
1188 2697 1466 2752 Propertium
1496 2696 1634 2739 solum
1666 2695 1731 2737 uti
1760 2695 2018 2737 momum-

310 2793 397 2822 Nus
429 2784 562 2823 notat.
626 2779 721 2822 Nec
760 2780 973 2822 sententia
1014 2781 1180 2835 placet:
1229 2793 1329 2821 mox
1369 2777 1454 2820 tihi
1496 2794 1584 2820 non
1627 2792 1805 2820 cessans
1845 2777 2018 2820 saeviet

311 2876 451 2918 usque
485 2860 620 2906 deus,
666 2862 727 2904 ita
770 2863 881 2905 enim
923 2863 1067 2917 iungit
1108 2863 1392 2907 Huscnxms.
1453 2863 1655 2906 Tibullus
1697 2864 1734 2905 si
1777 2877 1873 2904 mox
1917 2875 2017 2906 cum

311 2944 479 2987 saeviet
522 2946 703 2999 iungere
742 2946 942 3000 volebat,
981 2953 1154 3004 poterat
1194 2954 1317 2992 recte
1357 2948 1502 2991 dicere
1544 2948 1634 2991 sict
1686 2949 1744 2989 At
1785 2950 1832 2988 tu
1873 2945 2016 2988 ridere

312 3029 420 3081 noli,
463 3029 630 3072 saeviet
671 3030 804 3072 Amor
844 3043 947 3073 mox
993 3032 1123 3074 etiam
1166 3032 1257 3075 tibi.
1318 3032 1499 3075 Minime
1543 3043 1647 3074 vero
1691 3034 2016 3084 exspectamus:

312 3111 476 3152 saeviet
507 3111 642 3154 Amor
673 3124 774 3154 mox
807 3112 884 3154 tibi
917 3119 1131 3170 perpetuo
1163 3127 1246 3157 nec
1277 3127 1466 3158 cessans.
1527 3112 1647 3155 Idem
1691 3110 1917 3154 dicendum
1963 3109 2018 3152 de

313 3193 498 3235 lectione
538 3194 707 3235 ieiuna:
757 3209 845 3235 non
887 3210 1047 3239 vanus.
1110 3195 1330 3242 ,Ceterum
1369 3194 1538 3238 saevire
1582 3208 1618 3236 c.
1661 3192 1747 3234 dat.
1793 3197 1840 3234 ut
1881 3193 2018 3235 Ovm.

313 3275 493 3319 Heroid.
526 3277 602 3329 lv,
640 3279 738 3320 148.
770 3301 824 3308 ——
858 3279 909 3321 V.
944 3282 995 3320 91
1035 3293 1127 3333 sqq.
1161 3280 1433 3331 miseros,
1465 3291 1543 3320 usu
1575 3277 1742 3328 crebro,
1774 3275 1829 3318 cf.
1866 3275 2019 3317 LAcu-

315 3372 462 3400 nmN.
507 3358 559 3400 ad
604 3360 735 3415 Prop.
779 3375 821 3415 p.
855 3364 924 3402 66.
965 3382 1015 3392 -
1067 3361 1313 3403 subdere
1357 3361 1522 3403 colla.
1596 3358 1783 3401 Locutio
1828 3356 1933 3397 dare
1976 3360 2020 3398 et

316 3443 502 3486 subdere
537 3443 695 3487 collum
723 3458 834 3489 nunc
861 3460 885 3487 a
917 3447 1043 3502 ingo,
1083 3459 1194 3490 num:
1226 3461 1250 3490 a
1283 3448 1444 3490 catenis
1476 3445 1660 3502 petitur,
1694 3443 1933 3496 diciturque
1966 3442 2019 3483 de

2140 3447 2144 3455 ,
2109 3279 2154 3434 qm&
