2158 3750
722 247 903 299 LIBR.
938 247 978 299 I.
1050 247 1250 298 ELEG.
1287 248 1351 298 ΙΙ.
1817 252 1884 302 47

188 393 366 435 Luem.
386 391 462 445 vl,
480 394 593 434 686:
623 391 865 450 confundit
893 406 1124 436 murmura
1148 391 1344 448 primum
1377 388 1559 434 dissona
1587 397 1632 431 et
1661 389 1886 431 humanae
1923 439 1928 444 ⁴

186 475 378 517 multum
401 475 623 517 discordia
647 474 846 533 linguae,
865 478 920 520 ‘et
949 475 1097 520 Schol.
1130 477 1275 523 CRUQ.
1306 475 1360 518 ad
1386 475 1541 518 Horat.
1566 474 1710 530 Epod.
1745 475 1796 527 V,
1813 479 1884 517 76.

188 558 431 600 Utebantur
471 558 631 600 talibus
671 558 800 600 etiam
855 558 912 600 ad
966 558 1198 601 solvendas
1253 558 1593 610 incantationes,
1630 557 1702 600 cf.
1747 557 1884 600 Pmn.

185 641 243 684 N.
287 642 405 685 Hist-
448 640 660 694 XXVIII,
702 644 750 683 2.
811 640 939 683 Crto
969 640 1026 683 de
1054 642 1126 684 Re
1157 641 1286 684 Rust.
1330 654 1368 684 c.
1401 644 1506 686 160.
1553 640 1743 694 (defles,
1772 641 1885 684 ‘dar-

186 731 350 783 daries,
391 729 647 782 astataries,
685 729 794 781 ista,
839 730 979 784 pista,
1019 729 1165 782 sista).
1228 729 1329 773 Quo
1361 729 1579 783 pertinent
1608 729 1736 771 etiam
1767 725 1885 778 Ἐφέ-

185 830 257 858 σια
298 812 537 872 γράμματα
577 807 792 856 Hizsrcm
835 826 870 857 s.
914 826 956 855 v.
989 834 1049 842 —
1092 823 1366 866 aspersas
1413 812 1581 858 lacte.
1639 813 1888 867 Pei-exigua

182 898 308 940 huius
339 898 448 940 ritus
476 897 697 941 memoria.
761 893 956 937 Contulit
992 893 1162 935 JOARN.
1194 891 1442 934 Lrvmmtss
1483 893 1596 935 Stat.
1637 891 1777 935 Theb.
1811 893 1888 947 lv,

180 983 296 1022 5452
322 977 564 1037 Argolicas
591 976 856 1037 magis-huc
879 975 1052 1034 appelle
1074 974 1300 1032 precando
1330 973 1653 1032 Thebanasque
1681 977 1854 1018 animas
1869 994 1884 1025 ;

179 1061 300 1105 alias
337 1069 540 1104 avertere
575 1075 761 1121 gressus
798 1059 919 1104 lacte
952 1067 1116 1119 quater
1146 1073 1358 1116 sparsas,
1397 1066 1650 1117 moestoque
1679 1061 1886 1102 excedere

180 1145 295 1193 luco,
320 1139 461 1191 nata.
481 1143 597 1202 iqbe.
661 1146 804 1200 Atque
835 1143 943 1187 haec
969 1143 1144 1198 quidem
1174 1142 1230 1185 de
1261 1141 1340 1185 his.
1370 1163 1423 1173 -—
1457 1142 1512 1185 V.
1543 1145 1618 1185 51.
1649 1145 1724 1185 52.
1769 1143 1885 1186 Con-

179 1230 247 1274 fer
276 1231 417 1274 ΟΠ».
456 1231 623 1273 Amorr.
653 1229 690 1284 I,
718 1233 763 1283 8,
804 1232 862 1271 9:
908 1239 1008 1270 cum
1053 1226 1198 1270 voluit
1241 1233 1338 1268 toto
1376 1223 1689 1284 glomerantur
1728 1226 1886 1268 nubila

180 1300 310 1358 coelo.
343 1326 441 1354 cum
468 1310 616 1353 voluit
639 1325 760 1367 puro
781 1309 942 1368 fulget
972 1309 1022 1351 in
1051 1307 1152 1350 orbe
1190 1307 1297 1350 dies.
1359 1308 1472 1351 Add.
1505 1309 1614 1353 Met.
1650 1309 1748 1362 Vll,
1779 1313 1885 1352 200.

179 1399 224 1436 et
247 1394 425 1438 Lucus.
457 1395 534 1447 Vl,
565 1397 653 1438 465
681 1407 776 1454 sqq.
806 1416 867 1425 -·
906 1394 1047 1436 orbe
1077 1393 1115 1435 h.
1150 1406 1188 1436 e.
1220 1393 1359 1446 coelo,
1390 1393 1502 1435 bene
1532 1398 1712 1436 notante
1745 1395 1885 1436 th-

180 1490 451 1530 nnnmmno,
481 1478 556 1532 qui
586 1455 762 1534 praeter
791 1477 955 1519 Ovum
984 1477 1127 1519 locum
1159 1477 1203 1517 iu
1234 1476 1405 1518 Amorr.
1437 1476 1568 1517 etiam
1599 1475 1782 1516 Honxr.
1806 1475 1885 1528 111,

177 1563 220 1612 3,
251 1565 294 1602 7.
334 1560 493 1602 laudat.
557 1559 761 1602 Ceterum
794 1571 996 1612 magnum
1029 1557 1274 1612 prodigium
1306 1561 1429 1598 erant
1460 1556 1581 1598 nives
1611 1562 1777 1598 aestate
1810 1571 1887 1599 ca-

177 1641 354 1696 dentes,
400 1641 458 1684 cf.
485 1635 686 1684 Pmn'sn.
721 1641 896 1695 Fragm.
931 1637 1224 1695 Hyporchem.
1256 1639 1335 1692 IV,
1362 1643 1405 1681 8.
1441 1645 1486 1681 et
1517 1639 1716 1681 laudatus
1747 1640 1884 1682 Wun-

175 1722 381 1767 derlichio
424 1724 607 1767 JAcons.
653 1723 828 1767 Anthol.
859 1725 937 1767 Gr.
984 1724 1037 1767 T.
1069 1723 1105 1766 1.
1149 1725 1202 1767 P.
1235 1723 1293 1765 11.
1334 1738 1376 1779 p.
1410 1726 1513 1766 168.
1583 1723 1711 1766 Facit
1740 1729 1883 1766 autem

177 1810 307 1852 etiam
338 1809 421 1853 hoc
450 1823 558 1864 saga
589 1810 776 1852 carmine
804 1822 909 1863 suo,
953 1814 1002 1852 ut
1033 1809 1104 1852 alii
1135 1810 1347 1851 iactarunt
1378 1809 1755 1864 praestigiatores,
1796 1807 1884 1850 vid.

175 1891 456 1935 Wmcnnnr.
488 1891 631 1947 Epist.
663 1892 758 1934 crit.
804 1891 859 1934 de
902 1891 1048 1935 Valer.
1090 1891 1238 1933 Flacci
1280 1892 1442 1944 Argon.
1485 1905 1527 1946 p.
1562 1893 1633 1934 19.
1682 1890 1884 1934 Dmnon.

175 1978 271 2021 ch.
303 1979 358 2031 V,
391 1982 464 2020 55.
512 1977 714 2019 laudante
745 1976 1124 2020 Wunmmmcmo
1157 1980 1202 2018 et
1238 1975 1495 2018 Huscmuo.
1557 1975 1719 2017 Iniuria
1750 1976 1885 2029 igitur

171 2066 305 2116 negat
333 2073 427 2104 rem
459 2061 650 2104 Vossms
683 2066 730 2103 et
762 2061 992 2104 lectionem
1026 2066 1178 2103 mutat.
1209 2083 1270 2092 -
1325 2060 1378 2103 V.
1419 2063 1491 2102 53.
1535 2062 1609 2102 54.
1670 2060 1883 2103 Praemo-

171 2143 314 2186 nenda
342 2142 412 2186 hic
439 2144 643 2186 nonnulla
671 2149 787 2196 sunt,
817 2149 866 2186 ut
896 2144 1254 2199 compositionem
1285 2155 1429 2191 rerum
1461 2142 1616 2185 melius
1648 2143 1884 2199 perspicias

173 2239 303 2282 quam
332 2227 388 2269 ab
418 2227 514 2269 aliis
542 2221 827 2288 factumjest..
871 2225 982 2268 Cum
1005 2225 1206 2268 Tibullus
1237 2238 1262 2267 a
1291 2239 1398 2279 saga
1425 2238 1599 2268 carmen
1625 2225 1882 2280 accepisset,

172 2309 291 2365 quod
322 2310 475 2353 Deliae
505 2303 818 2364 commentante
836 2310 944 2363 vult,
976 2309 1057 2352 hoc
1089 2311 1182 2364 egit
1211 2311 1255 2351 in
1287 2307 1641 2350 antecedentibus
1674 2312 1718 2348 et
1747 2319 1882 2360 agere

173 2391 347 2444 debuit,
390 2395 439 2434 ut
479 2395 682 2444 quantam
710 2383 799 2440 uim
826 2389 954 2434 huius
983 2403 1116 2445 sagae
1147 2389 1347 2431 carmina
1377 2390 1586 2432 haberent
1617 2388 1883 2431 ostenderet.

175 2475 446 2530 Quamquam
483 2474 636 2528 igitur·
657 2475 789 2520 etiam
815 2475 928 2518 -aliis
968 2473 1100 2517 rebus
1141 2474 1336 2529 plurimis
1374 2478 1550 2528 praeter
1578 2476 1751 2514 cantum
1785 2475 1883 2513 ute-

172 2557 329 2598 bantur
355 2554 437 2598 hae
468 2555 667 2610 semime,
698 2570 739 2600 v.
769 2570 808 2601 c.
841 2557 1028 2611 turbine,
1061 2557 1261 2599 Tibullus
1291 2562 1436 2599 tamen
1467 2555 1522 2598 de
1555 2559 1684 2598 cantu
1715 2559 1883 2597 tantum

171 2641 309 2693 dixit,
356 2653 443 2695 quo
475 2654 631 2696 supera
675 2646 720 2684 et
760 2642 846 2684 ima
888 2647 1063 2696 regeret
1092 2655 1223 2696 saga,
1269 2642 1522 2694 curavitque
1553 2645 1601 2682 ut
1631 2652 1710 2695 per
1741 2644 1880 2682 totum

171 2724 312 2765 locum
345 2723 399 2765 de
430 2721 513 2765 hoc
542 2722 627 2765 dici
658 2736 712 2765 ne
744 2723 1022 2777 obliviscaris,
1054 2723 1167 2765 unde
1198 2724 1307 2765 ista:
1354 2723 1561 2769 carmine,
1595 2731 1751 2768 cantu,
1784 2736 1886 2770 ηια-,

168 2806 268 2862 gico
297 2804 518 2852 stridore,
548 2804 697 2853 iubet,
739 2814 970 2849 convocat.
1033 2807 1164 2854 Quod
1195 2821 1307 2850 nunc
1338 2807 1457 2850 vides
1489 2820 1615 2861 quam
1647 2806 1882 2862 prudenter

172 2889 331 2932 factum
369 2890 440 2932 sit.
501 2890 592 2933 Sed
623 2904 720 2934 cum
765 2897 909 2934 tamen
952 2892 1082 2935 etiam
1127 2893 1212 2934 alia
1255 2893 1392 2935 multa
1435 2904 1532 2934 esse
1575 2896 1795 2934 constaret
1838 2891 1882 2932 in

172 2973 345 3017 officina
373 2987 600 3029 sagarum,
645 2976 892 3018 necessario
925 2977 968 3018 in
1009 2978 1094 3019 tine
1128 2977 1212 3019 loci
1243 2977 1420 3018 verbum
1453 2975 1508 3018 de
1539 2974 1602 3018 his
1637 2974 1881 3017 addendum

171 3059 277 3112 suit,
321 3065 370 3102 ut
401 3061 530 3103 etiam
562 3066 711 3103 cetero
743 3069 953 3117 apparatu
994 3067 1165 3118 pateret
1197 3062 1304 3105 lianc
1334 3076 1462 3104 anum
1494 3063 1655 3117 optime
1688 3074 1783 3104 esse
1816 3061 1882 3103 in-

169 3148 375 3186 structam
408 3149 453 3187 et
490 3146 663 3187 omnino
694 3145 748 3187 ab
782 3147 898 3188 omni
930 3152 1052 3202 parte
1089 3148 1131 3189 in
1168 3153 1261 3189 arte
1302 3160 1379 3188 sua
1413 3147 1664 3202 perfectam.
1737 3147 1880 3200 Atque

171 3224 278 3270 haec
308 3233 375 3270 est
403 3229 542 3271 ultimi
576 3228 746 3271 distichi
778 3242 935 3282 eausa,
977 3230 1034 3272 ad
1064 3230 1180 3284 quod
1211 3229 1473 3272 accedimus.
1536 3228 1706 3273 Quibus
1739 3239 1878 3284 expo-

172 3309 266 3352 sitis
294 3310 336 3352 in
368 3317 586 3366 posterum
617 3324 744 3354 nemo
785 3311 998 3354 dubitabit
1040 3313 1203 3368 optime
1246 3317 1387 3354 totum
1420 3313 1562 3354 locum
1594 3312 1878 3365 compositum

172 3406 283 3448 esse,
312 3400 357 3437 et
384 3394 553 3451 singula
587 3396 731 3439 omnia
762 3395 872 3438 scite
902 3397 1112 3448 ordinata,
1145 3395 1260 3451 quod
1283 3396 1413 3438 etiam
1438 3399 1616 3451 propter
1636 3394 1875 3435 Wunnnn-
