2158 3750
272 260 366 303 ils
653 249 1127 304 (JOMMENTAR.
1170 250 1245 301 IN
1283 249 1576 302 TlBULLI

270 397 805 440 cf.Bnoucxnns1un1.-
837 394 1018 449 Pergit:
1050 392 1196 437 Huic
1227 396 1390 448 paret
1414 397 1586 447 atque
1618 394 1817 449 epulas
1850 394 1973 450 ipsa

270 481 528 522 ministra
559 483 756 534 gerat,
801 476 847 524 h.
879 492 919 526 e.
951 477 1051 522 huic
1083 483 1207 536 paret
1240 478 1390 534 epulas
1417 482 1548 532 atque
1579 482 1730 532 gerat,
1771 478 1972 521 substan-

268 562 355 604 tivo
388 562 595 604 ambobus
627 561 768 604 verbis
799 561 1017 604 communi
1049 561 1091 603 in
1125 559 1317 604 secundo
1357 559 1550 603 membro
1582 560 1754 615 posito,
1800 560 1886 604 vid.
1917 559 1973 604 ad

270 647 304 698 1,
336 650 379 697 2,
407 649 477 689 42.
540 645 639 688 Hoc
662 646 760 688 loco
790 646 853 713 sic
884 645 1107 689 nervosior
1134 646 1183 688 fit
1213 644 1431 701 oppositio
1461 643 1692 688 verborum
1722 649 1890 700 paret
1914 667 1974 677 —-

271 734 454 784 gerat.
514 730 712 784 Denique
741 737 874 788 gerat
905 736 995 773 est:
1028 730 1196 781 afferat,
1229 729 1361 771 veluti
1391 728 1426 782 1,
1445 731 1517 781 10,
1542 730 1629 771 27:
1663 726 1866 769 canistra
1890 741 1975 786 ge-

272 826 368 853 ram
400 816 468 854 est
498 825 561 868 pr.
594 812 730 856 feram
762 835 817 843 —
869 812 923 857 V.
955 815 1014 855 35
1044 825 1139 867 sqq.
1198 810 1354 854 Finitis
1399 809 1754 853 antecedentibus
1792 807 1978 852 tertia

273 896 598 952 descriptio
630 896 919 950 succedit,
948 895 1044 939 ubi
1077 895 1319 939 dolores
1349 893 1652 938 subsecuti
1682 903 1979 950 exponun-

275 982 378 1020 tur.
425 1000 481 1009 -
541 979 775 1025 Queritur=
823 980 1126 1035 Eurusque
1171 980 1501 1034 Notusque,
1546 977 1803 1035 rapidissimi
1848 976 1980 1030 venti,

274 1061 461 1106 ludibrio
505 1061 663 1107 habent
704 1062 812 1107 {mec
859 1069 906 1106 et
950 1065 1112 1108 iactant
1154 1065 1198 1107 in
1238 1065 1486 1118 longinquis
1534 1061 1799 1118 regionibus.
1877 1060 1978 1104 Non

274 1145 409 1200 igitur
442 1134 545 1192 dicit
579 1151 749 1203 portata
779 1147 836 1188 ab
868 1146 976 1188 urbe
1007 1145 1074 1188 liis
1104 1146 1211 1200 ipsis
1251 1145 1393 1188 ventis
1424 1145 1467 1186 in
1498 1145 1726 1188 Orientem
1754 1147 1858 1187 vota
1887 1155 1982 1196 sua,
2013 1187 2019 1192 ,

274 1228 391 1283 quod
429 1229 523 1271 fieri
555 1241 638 1271 non
671 1233 871 1284 poterat,
915 1228 994 1271 sed
1024 1227 1169 1270 ablata
1209 1225 1494 1283 (qitacunque
1525 1226 1566 1268 vi
1598 1225 1796 1282 inimica)
1827 1226 1983 1282 inpe—

273 1312 448 1366 regrino
483 1312 578 1355 solo
621 1310 768 1355 haberi
801 1315 846 1354 et
877 1311 1033 1366 agitari
1068 1315 1114 1353 et
1145 1310 1298 1353 iactari
1330 1309 1451 1352 Euro
1483 1308 1702 1364 Notaque.
1771 1310 1985 1354 Ceterum

275 1396 376 1439 vide
406 1395 460 1438 ad
492 1395 527 1449 I,
557 1397 600 1448 4,
630 1398 704 1438 22.
736 1419 795 1427 —
839 1408 938 1453 per
966 1395 1296 1448 Armenios,
1329 1407 1409 1450 per
1439 1393 1697 1436 Armeniam.
1759 1390 1983 1436 Nominat-i

278 1479 447 1520 videtur
478 1477 583 1521 haec
614 1479 739 1533 regio
772 1482 819 1521 ut
851 1491 956 1534 prae
997 1478 1092 1520 aliis
1125 1477 1252 1520 Asiae
1297 1476 1426 1519 terris
1467 1475 1585 1519 edita
1620 1479 1665 1519 et
1703 1478 1895 1518 ventosa.
1924 1497 1984 1507 --

279 1562 576 1617 odoratos,
621 1567 799 1619 propter
830 1562 1008 1605 frutices
1037 1562 1150 1605 bene
1180 1563 1375 1614 olentes,
1417 1558 1626 1617 imprimis
1655 1570 1899 1612 amomum,
1922 1557 1984 1602 de

280 1660 366 1702 quo
398 1647 566 1690 Plinius
597 1646 699 1701 XII,
729 1650 804 1690 28.
837 1646 966 1690 dicit:
1009 1646 1218 1690 nascitur
1249 1653 1293 1688 et
1323 1645 1372 1688 in
1402 1642 1646 1688 Armeniae
1674 1651 1836 1700 parte,
1868 1657 1985 1702 quae

281 1737 473 1770 vocatur
503 1731 656 1771 Otene.
718 1729 900 1771 Dubitat
931 1729 1151 1772 Hermus
1195 1741 1249 1771 an
1297 1727 1382 1771 hoc
1423 1732 1512 1772 tam
1553 1732 1758 1771 accurate
1797 1727 1985 1770 tenuerit

280 1816 435 1865 poeta3
467 1813 661 1867 potuisse
691 1811 914 1869 epitheton
943 1827 971 1855 a
1000 1813 1126 1867 Syris
1158 1818 1204 1856 et
1234 1811 1452 1856 Arabibus
1483 1810 1537 1854 ad
1570 1811 1733 1854 vicinos
1759 1811 1988 1854 Armenios

285 1892 468 1937 traduci.
533 1895 727 1938 Vossms
759 1902 903 1939 tamen
935 1901 1058 1940 recte
1089 1895 1145 1939 de
1159 1896 1310 1952 ·ipsius
1342 1873 1572 1939 Armeniae
1605 1906 1778 1938 amomo
1810 1895 1988 1950 cogitat.

283 1975 403 2019 Idem
449 1976 655 2021 describit
696 1990 915 2020 amomum
957 1977 1012 2020 ad
1055 1978 1195 2022 Vme.
1236 1976 1394 2031 Eclog.
1423 1976 1503 2030 111,
1532 1979 1608 2019 89.
1671 1976 1866 2032 Denique
1908 1989 1989 2022 cur

280 2054 362 2099 hoc
394 2056 615 2112 epitheton
648 2058 902 2101 adiectum?
965 2058 1155 2102 Ornatus
1187 2070 1346 2112 causa3
1378 2057 1456 2101 sed
1487 2071 1544 2102 ne
1575 2059 1740 2102 otiosus
1769 2060 1827 2102 sit
1858 2071 1990 2103 orna-

281 2145 366 2194 tus,
397 2140 503 2184 llaec
533 2141 670 2185 adde:
708 2142 818 2186 Cum
849 2143 1037 2186 Romani
1068 2143 1299 2200 plurimum
1331 2147 1559 2186 uterentur
1588 2142 1796 2186 odoribus
1827 2143 1987 2189 Orien-

280 2222 337 2264 tis
367 2227 486 2266 trans
515 2237 634 2267 mare
662 2225 880 2280 advectis,
923 2227 1082 2270 clarior
1109 2229 1254 2283 imago
1283 2228 1347 2271 sic
1374 2227 1596 2270 oriebatur
1626 2227 1780 2270 lectori
1811 2226 1989 2286 longin-

279 2302 487 2361 quitatis.
548 2306 780 2361 Feruntur,
811 2309 885 2362 ait,
916 2308 958 2351 in
992 2309 1290 2352 remotissimis
1321 2309 1416 2352 istis
1444 2309 1696 2364 regionibns
1726 2314 1846 2353 trans
1869 2323 1988 2354 mare

280 2385 399 2438 sitis,
444 2387 559 2431 unde
602 2389 760 2433 odores
808 2391 865 2434 ad
910 2405 989 2435 nos
1042 2394 1231 2436 veniunt.
1312 2395 1457 2448 Atque
1508 2391 1614 2437 haec
1661 2391 1884 2457 hactenus.
1930 2417 1990 2425 —-

281 2469 334 2510 V.
367 2473 426 2512 37
458 2483 566 2526 sqq·
615 2473 824 2518 Succedit
873 2477 1048 2519 ultimus
1087 2478 1209 2521 locus
1253 2478 1359 2533 ipse.
1422 2482 1708 2531 verterat,
1761 2476 1991 2522 confestim

278 2551 420 2594 vertit.
482 2553 582 2596 Non
628 2561 747 2599 reete
795 2559 1266 2615 plusquamperfectum
1313 2560 1428 2615 cepit
1474 2559 1886 2605 Wunnnnmomus
1931 2559 1988 2604 ud

280 2637 502 2688 sequentia
535 2637 577 2679 id
610 2638 818 2685 referens.
849 2663 905 2673 -
951 2643 1005 2687 V.
1038 2644 1111 2686 40.
1156 2642 1492 2696 Admonuit,
1538 2644 1714 2698 proprie
1741 2648 1792 2686 et
1821 2643 1991 2698 signifi-

280 2721 454 2770 canter;
498 2720 562 2762 sic
604 2721 717 2764 enim
759 2722 941 2777 dicitur,
990 2723 1108 2778 quod
1152 2737 1250 2769 cum
1292 2725 1445 2768 aculeo
1482 2725 1630 2779 aliquo
1659 2725 1704 2768 in
1734 2726 1985 2770 memoriam

278 2797 402 2840 nobis
433 2799 558 2854 redit,
588 2803 649 2844 ait
679 2803 1051 2858 Bnoncxnusms,
1084 2805 1155 2859 qui
1188 2808 1381 2849 Gronov.
1416 2806 1607 2851 Diatrib.
1641 2807 1685 2850 in
1715 2809 1843 2853 Statii
1875 2809 1984 2854 silv.

279 2896 316 2924 c.
349 2885 422 2926 49.
466 2886 613 2929 laudat
654 2893 698 2931 et
729 2890 823 2945 ipse
853 2891 1052 2946 exempla
1085 2892 1279 2947 apponit.
1345 2891 1469 2934 Adde
1500 2892 1782 2936 Runmusmr
1813 2892 1987 2937 Dictata

279 2965 321 3006 in
365 2966 490 3010 Ovid.
537 2969 717 3012 Heroid.
763 2984 864 3026 pag.
896 2974 969 3014 24.
1018 2971 1135 3015 edita
1180 2987 1207 3015 a
1248 2972 1551 3018 Fridemanno.
1584 2998 1643 3006 -—
1697 2974 1987 3029 deseruit,

281 3060 364 3089 non
395 3049 603 3093 adiuvans
637 3038 808 3106 poetam
841 3052 883 3095 in
915 3066 983 3106 ee,
1015 3053 1131 3108 quod
1162 3055 1335 3109 agebat.
1398 3055 1605 3099 Ceterum
1637 3056 1834 3099 iniurium
1865 3056 1984 3101 fece-

280 3131 339 3173 ris
383 3133 538 3175 Musae
582 3134 770 3187 Tibulli,
819 3136 855 3177 si
899 3150 996 3181 cum
1042 3139 1185 3183 Ovidii
1226 3131 1388 3183 'lasciva
1431 3137 1553 3196 poesi
1599 3139 1702 3182 talin
1747 3152 1984 3195 compares.

280 3215 393 3256 Sunt
433 3216 606 3268 quidem
649 3218 731 3260 loci
775 3221 992 3270 nonnulli,
1043 3223 1114 3264 ubi
1160 3223 1310 3266 talium
1344 3235 1487 3267 rerum
1520 3221 1779 3265 mentionem
1812 3221 1985 3264 admisit

279 3294 508 3349 TibulluS,
554 3298 630 3341 sed
662 3299 768 3342 fecit
806 3314 890 3343 non
922 3302 1013 3345 sine
1047 3316 1204 3357 causa,
1254 3310 1302 3347 ut
1336 3305 1378 3347 in
1419 3305 1743 3357 exsecratione,
1790 3304 1844 3347 cf.
1875 3304 1984 3346 infra

281 3390 320 3420 v.
358 3381 429 3420 55.
465 3380 575 3433 etl,
607 3383 647 3433 9,
689 3385 747 3424 52
778 3397 870 3439 sqq.
919 3384 990 3427 ubi
1033 3387 1127 3430 vide
1170 3392 1329 3429 notata.
1393 3386 1451 3428 Et
1499 3399 1608 3430 nunc
1652 3387 1824 3442 quidem
1870 3387 1985 3442 quod
