2158 3750
665 255 847 306 Llssn.
887 255 952 305 11.
1026 218 1336 306 ELEGJV.
1729 260 1830 303 283

132 401 323 444 ieiunum
346 400 500 444 fuisset
521 403 566 443 et
585 401 761 444 minime
785 401 1020 457 poeticum,
1050 397 1150 443 hinc
1179 398 1404 443 substituit
1426 382 1747 454 appellativum.
1773 422 1830 429 —

137 483 267 526 Cum
312 497 420 538 qua
459 483 780 527 redierunt.
842 483 999 525 Puella
1038 480 1213 526 rediens
1239 480 1424 524 donatur
1453 479 1508 522 ab
1538 483 1731 522 amatore
1761 492 1836 521 ca-

132 578 236 618 seo,
278 579 366 608 non
396 565 471 608 vili
502 565 616 608 dono
645 570 894 621 pastorum,
934 567 982 606 et
1021 577 1151 618 agno.
1225 563 1607 635 Agnusfflovis,
1647 566 1698 605 ut
1729 561 1837 618 pulli

133 660 367 701 equorum,
397 648 531 691 catuli
559 647 793 703 tigridum,
821 646 987 701 scymni
1019 648 1217 699 leonum,
1252 627 1422 689 hinnuli
1442 623 1685 689 {errorum-
1746 646 1835 688 Or—

133 738 279 783 natum
311 732 504 786 quaerit,
534 736 585 775 ut
613 731 749 774 vides.
807 732 874 774 Ac
904 743 1002 774 cum
1031 730 1182 772 niveae
1211 731 1296 772 sint
1327 729 1644 771 laudatissimae
1675 727 1834 782 ovium,

133 814 190 856 cf.
224 815 360 858 Vnus.
392 813 546 869 Eclog.
574 814 633 868 11,
662 816 764 868 20„
795 814 1012 858 cumulate
1047 814 1252 856 niveae
1284 811 1559 856 candidus
1590 811 1712 855 dixit.

251 896 306 939 V.
336 900 516 942 39-66.
586 897 952 951 Persequens
999 901 1396 952 argumentum
1443 909 1613 951 supra
1658 897 1839 954 inte-r-

132 984 384 1034 ruptnm,
407 979 673 1034 „subiicit
711 978 1047 1022 vaticinium
1089 978 1360 1032 Sibyllae
1401 978 1587 1033 ipsum
1632 977 1697 1018 de
1747 976 1837 1018 ad-

135 1064 311 1102 ventu
343 1060 569 1105 Aeneae
598 1061 651 1103 in
679 1059 937 1113 Italiam,
978 1059 1206 1116 origine
1237 1061 1447 1103 Romae
1490 1063 1547 1103 et
1587 1059 1839 1115 imperio

136 1143 388 1186 Romano
417 1143 613 1187 futuro
643 1157 748 1199 per
777 1144 985 1186 orbem.

250 1226 306 1269 V.
334 1230 394 1268 39
427 1240 494 1283 sq.
552 1227 822 1285 Impiger.
882 1228 1026 1271 Recte
1065 1228 1130 1272 sic
1169 1228 1405 1282 alloquitur
1445 1241 1571 1282 eum,
1619 1230 1691 1283 qui
1735 1230 1833 1271 lon-

134 1310 286 1364 ginqui
315 1311 483 1354 itineris
518 1312 760 1355 molestiam
789 1316 966 1355 strenue
995 1313 1191 1368 suscipit.
1263 1311 1468 1354 Ceterum
1500 1312 1684 1354 observa
1714 1311 1838 1355 subi-

137 1399 227 1436 tam
258 1397 538 1437 mutationem
570 1396 804 1449 orationis‚
834 1401 964 1452 poeta
994 1397 1090 1439 sine
1119 1409 1231 1439 nova
1262 1396 1594 1452 praeparatione
1623 1394 1679 1437 ad
1709 1394 1843 1437 verba

137 1475 332 1529 Sibyllae
362 1475 601 1519 exhibenda
633 1482 858 1533 pergente.
891 1499 948 1509 -·
989 1477 1176 1524 frater
1207 1477 1456 1531 Amoris,
1487 1491 1543 1520 ex
1578 1481 1718 1519 matre
1748 1478 1842 1520 Ve-

135 1573 255 1604 nere.
286 1583 345 1591 —
373 1560 713 1615 volitantis,
742 1561 947 1631 volucris,
976 1541 1032 1635 a}
1069 1622 1074 1626 ,
1117 1561 1146 1605 i.
1207 1562 1436 1605 Vunrms:
1469 1561 1646 1613 „Recto
1678 1558 1840 1601 iudicio

137 1645 342 1687 Amorem
370 1645 562 1701 appellat
590 1643 828 1706 aligerum,
857 1634 911 1705 uli
928 1574 1115 1721 ‘QZ

137 1726 288 1768 tudo.“
355 1725 473 1771 Nihil
519 1725 584 1771 his
629 1702 872 1784 profle'hZi’
915 1698 1261 1794 nfflssssuaero,
1307 1738 1385 1769 cur
1432 1725 1606 1767 omnino
1651 1723 1843 1766 nominet

142 1811 333 1852 Aeneam
377 1809 446 1854 hic
487 1811 661 1855 Amoris
701 1808 903 1864 frati-eh,
948 1791 1092 1867 neque
1135 1810 1250 1854 enim
1291 1810 1460 1852 inanem
1491 1808 1661 1851 laudem
1694 1807 1840 1850 dicere

136 1894 287 1936 voluit.
347 1894 597 1951 Responsio
626 1869 790 1940 facilise
835 1896 948 1946 Dico
975 1896 1168 1944 suaviter
1197 1907 1277 1949 per
1307 1898 1447 1936 totum
1477 1903 1650 1934 carmen
1682 1889 1841 1932 amoris

139 1977 400 2019 mentionem
432 1978 526 2020 fieri
555 1977 962 2030 ubicommodum,
1008 1983 1053 2020 et
1081 1989 1195 2020 nunc
1227 1975 1403 2030 quidem
1434 1974 1516 2016 hoc
1547 1973 1698 2016 subest
1737 1985 1840 2027 pro-

1114 1643 1209 1688 rum
1240 1643 1421 1686 fratrum
1452 1642 1663 1698 quaedam
1690 1641 1843 1683 simili-

1037 1700 1057 1709 a

58 2103 61 2106 ,
139 2058 292 2112 positis
320 2058 486 2102 verbis=
517 2058 806 2105 Comitabitut
834 2063 880 2102 te
913 2059 1044 2101 etiam
1079 2058 1126 2101 in
1154 2057 1325 2100 ltaliam
1355 2057 1541 2099 volitans
1574 2056 1708 2098 frater
1739 2055 1849 2096 ade-

138 2141 280 2195 ritque
319 2143 438 2196 genti
477 2147 606 2196 tuae,
648 2142 728 2191 sub
767 2143 972 2199 auspiciis
1004 2142 1176 2187 Amoris
1207 2154 1320 2196 quae
1350 2141 1464 2183 laete
1503 2140 1548 2181 in
1579 2139 1674 2182 istis
1716 2138 1845 2180 terris

77 2233 82 2236 ·
139 2223 397 2269 efflorescet.
427 2247 487 2260 —
527 2225 689 2271 vehis
717 2227 973 2281 ratibus,
1005 2227 1127 2275 vides
1158 2226 1202 2268 in
1231 2227 1386 2269 itinere
1417 2237 1514 2267 esse
1547 2225 1765 2274 Aeneam,
1799 2227 1849 2263 ut

141 2318 273 2362 supra
310 2306 610 2361 explicuimus.
670 2309 912 2364 Appulerat
940 2308 995 2350 ad
1026 2309 1149 2350 littus
1187 2305 1495 2361 Erythraeum.
1529 2328 1587 2339 —
1634 2305 1846 2347 Troica

142 2400 339 2441 sacra,
367 2385 565 2445 penates,
591 2389 822 2433 simulacra
845 2389 1064 2445 penatium
1091 2388 1250 2443 lignea.
1311 2387 1424 2431 Vide
1454 2387 1637 2429 Hunni
1662 2385 1848 2428 Excurs.

144 2469 224 2512 lx.
267 2470 324 2512 ad
364 2471 487 2526 virg.
518 2471 626 2514 Aen.
655 2469 716 2515 11.
744 2492 802 2503 —
852 2470 908 2516 V.
939 2472 994 2514 41
1027 2483 1093 2526 sq.
1152 2470 1478 2513 Laurentes
1519 2480 1707 2522 agros,
1769 2468 1846 2510 Si«

145 2559 237 2598 tum
265 2555 475 2609 locorum,
505 2556 559 2599 de
590 2556 750 2610 quibus
772 2555 972 2599 Tibullus
1003 2556 1122 2610 dicit,
1150 2555 1370 2598 Hermus
1403 2553 1610 2609 explicuit
1640 2551 1695 2594 ad
1720 2551 1850 2605 Virg-

143 2640 255 2681 Aen.
286 2639 386 2682 VII.
436 2638 623 2683 Excurs.
652 2639 734 2682 111.
812 2641 1085 2696 Appulerunt
1131 2639 1312 2683 Troiani
1362 2639 1418 2682 ad
1466 2640 1586 2681 littus
1638 2638 1850 2681 orientale

144 2722 344 2776 Tiberis,
373 2722 447 2765 ubi
477 2723 587 2766 silva
615 2724 757 2771 lauris
780 2723 985 2778 frequens
1017 2729 1134 2777 erat,
1179 2737 1236 2767 ex
1274 2738 1359 2779 qua
1390 2729 1483 2766 tota
1516 2724 1639 2776 regio
1671 2723 1851 2765 istorum

144 2804 338 2847 locorum
382 2806 606 2852 Laurens,
653 2805 940 2847 Laurentina
987 2805 1118 2851 dicta.
1180 2806 1272 2849 Hic
1313 2807 1483 2849 Aeneas
1529 2811 1673 2850 castra
1716 2806 1852 2848 munit

147 2892 352 2941 quattuor
392 2885 550 2945 stadiis
581 2899 608 2930 a
649 2887 757 2932 mari
794 2887 1030 2931 secundum
1075 2888 1266 2932 DroNYs.
1300 2889 1335 2942 I,
1368 2892 1469 2942 53.‚
1515 2901 1626 2943 quae
1657 2888 1849 2932 Vmort..

149 2970 256 3011 Aen.
300 2966 359 3022 X,
398 2970 502 3011 635.
542 2967 799 3011 Laurentia
843 2977 998 3012 castra
1046 2969 1174 3025 dicit,
1227 2970 1427 3013 Tibullus
1473 2976 1521 3013 ut
1569 2971 1732 3014 Vnuzo
1783 2983 1854 3025 ap.

148 3054 272 3097 Serv.
303 3052 358 3095 ad
388 3053 511 3108 Virg.
545 3055 650 3096 Aen.
681 3052 763 3113 lx,
793 3056 838 3096 8.
899 3053 1160 3098 Laurens
1204 3059 1468 3097 castrum.
1533 3054 1672 3097 Sedes
1714 3055 1852 3110 prima

148 3138 464 3190 Troianorum,
513 3151 690 3194 parvum
725 3137 960 3195 oppidum,
1005 3138 1135 3181 etiam
1166 3138 1300 3181 Troia
1334 3138 1513 3180 dictum.
1578 3138 1677 3180 Non
1722 3139 1853 3192 longe

151 3221 247 3264 hinc
287 3227 333 3264 et
374 3235 401 3264 a
443 3221 592 3265 Tiberi
637 3235 786 3265 versus
826 3223 1037 3266 orientem
1078 3226 1172 3266 erat
1213 3223 1335 3277 regia
1376 3222 1523 3264 Latini
1555 3224 1854 3265 Laurentum,

152 3321 205 3348 eo
249 3307 345 3349 loco
391 3307 519 3349 altum
562 3308 634 3362 qui
679 3320 790 3350 nunc
825 3310 1022 3350 Paterno
1068 3313 1114 3351 et
1152 3309 1285 3350 Torre
1329 3307 1373 3347 (Ii
1416 3310 1616 3349 Paterno
1660 3310 1851 3348 vocatur.

154 3396 185 3432 Α
224 3391 442 3434 Laurento
481 3391 535 3435 ad
577 3393 786 3435 orientem
820 3393 964 3447 paullo
1005 3393 1132 3436 altius
1164 3393 1205 3435 in
1238 3390 1551 3435 mediterranea
1584 3389 1850 3446 proce-lenti,
