2158 3750
682 237 988 296 TIBULLI
1051 236 1191 294 Llss.
1230 236 1270 294 Ι.
1302 248 1343 293 9.
1786 235 1864 290 33

239 396 355 453 Nec
399 393 501 453 tibi
547 392 769 453 celandi
814 416 944 475 spes
987 393 1060 452 sit
1102 412 1335 475 peccare
1380 387 1632 472 paranti:

319 503 419 562 Est
463 502 632 575 deus,
691 500 941 561 occultos
988 500 1085 583 qui
1130 513 1276 560 vetat
1313 521 1432 562 esse
1478 495 1655 555 dolos,

169 611 368 692 251pse
411 609 552 668 deus
594 608 764 668 tacito
807 607 1064 690 permisit
1105 606 1232 666 lena
1277 605 1538 665 ministro

320 717 528 776 Ederet
570 729 634 775 ut
675 713 853 774 multo
898 712 1077 774 libera
1116 714 1288 773 verba
1332 736 1520 772 mero:

237 827 366 906 lpse
408 822 548 883 deus
593 845 795 882 somno
841 821 1087 880 domitos
1132 820 1381 881 emittere
1425 843 1618 879 vocem

303 931 493 1001 ‚Iussit
535 945 588 990 et
629 929 835 990 invitos
878 928 1027 989 facta
1070 927 1316 1009 tegenda
1358 926 1548 1009 loqui.'

235 1042 390 1099 Haec
435 1061 542 1119 ego
588 1037 880 1098 dicebam:
935 1060 1090 1097 nunc
1131 1059 1221 1096 me
1264 1035 1483 1095 flevisse
1526 1033 1875 1117 loquentem,

172 1161 233 1204 30
326 1147 495 1207 Nunc
537 1146 719 1230 pudet
760 1146 835 1207 ad
878 1160 1102 1206 teneros
1144 1143 1520 1228 procubuisse
1563 1142 1757 1226 pedes,

240 1257 405 1316 Tunc
447 1255 590 1316 mihi
634 1255 867 1316 iurabas
915 1254 1128 1315 nullius
1174 1253 1362 1314 divitis
1408 1253 1531 1315 auri

328 1364 623 1438 Pondere,
680 1388 799 1424 non
844 1364 1112 1445 gemmiS‚
1168 1361 1411 1422 vendere
1454 1359 1592 1420 velle
1635 1359 1837 1433 fidem,

238 1473 372 1531 Non
415 1471 520 1531 tibi
565 1472 613 1531 si
658 1471 904 1554 pretium
949 1470 1261 1552 Campania
1306 1484 1455 1528 terra
1500 1468 1761 1541 daretur,

328 1581 459 1639 Non
497 1579 601 1639 tibi
644 1579 691 1638 si
736 1577 951 1639 Bacchi
996 1601 1132 1637 cura
1176 1575 1454 1637 Falernus
1499 1598 1648 1656 ager.

175 1686 366 1746 35111is
410 1687 656 1770 eriperes
691 1686 879 1747 verbis
921 1684 1062 1746 mihi
1108 1684 1296 1745 sidera
1340 1682 1479 1744 caeli

332 1797 548 1856 Lucere
593 1810 647 1856 et
687 1819 862 1878 puras
906 1794 1161 1854 fulminis
1204 1817 1324 1853 esse
1369 1793 1503 1852 vias.

250 1902 408 1983 Quin
454 1904 620 1964 etiam
664 1902 867 1964 flebas:
931 1918 987 1963 at
1031 1926 1145 1962 non
1194 1925 1298 1982 ego
1343 1900 1538 1960 fallere
1585 1898 1786 1959 doctus

333 2012 652 2094 Tergebam
697 2011 993 2072 humentes
1040 2009 1304 2070 credulus
1349 2032 1530 2091 usque
1575 2030 1764 2088 genas.

250 2122 410 2202 Quid
451 2122 673 2194 faciam,
715 2121 827 2181 nisi
867 2134 921 2180 et
960 2119 1083 2202 ipse
1120 2119 1272 2179 fores
1314 2118 1372 2176 in
1408 2140 1602 2177 amore
1626 2115 1886 2199 puellae?

187 2246 249 2293 40
346 2233 461 2293 Sed
503 2253 708 2313 precor
750 2227 1004 2310 exemplo
1050 2227 1120 2286 sit
1161 2226 1295 2285 levis
1340 2225 1434 2284 illa
1474 2240 1588 2284 tuo.

314 2531 369 2575 V.
384 2533 458 2574 23.
489 2529 719 2573 celandi
753 2541 904 2585 spes,
941 2527 1147 2584 Excerpt.
1179 2527 1366 2571 Scuta.
1392 2533 1435 2570 et
1467 2527 1758 2570 Vmemzmms
1795 2522 1891 2567 alii-

193 2628 279 2671 que
308 2613 526 2667 nonnulli,
555 2611 671 2668 quod
698 2625 859 2655 verum.
922 2611 1069 2654 Ceteri
1094 2610 1294 2653 meliores
1326 2609 1491 2650 celanti
1512 2607 1617 2667 fas,
1642 2632 1698 2640 -
1746 2608 1797 2651 V.
1814 2609 1889 2651 25.

191 2697 314 2741 Libri
357 2698 560 2751 corrupte
602 2693 727 2740 leva,
780 2692 898 2740 leve,
947 2691 1067 2740 lene,
1118 2706 1239 2736 seva.
1331 2692 1487 2734 Imus
1537 2704 1669 2747 saepe
1717 2690 1890 2747 placuit.

190 2779 512 2823 Licnmus
555 2777 731 2820 coniicit
773 2790 943 2829 nonne,
997 2775 1113 2831 quod
1158 2789 1243 2818 non
1289 2775 1586 2831 probaverim,
1646 2774 1718 2828 qui
1763 2775 1896 2816 lena

192 2875 342 2906 verum
371 2859 553 2904 habeam
581 2861 714 2916 vulgo
744 2865 967 2917 receptum
999 2873 1055 2903 ex
1086 2872 1172 2903 uuo
1201 2861 1392 2913 Saum-11,
1423 2858 1758 2914 suffragantibus
1786 2858 1895 2911 aliis,

191 2944 247 2989 cs.
281 2944 490 2988 Huscnx.

312 3049 458 3093 V.3l.
494 3045 711 3091 nullius
742 3058 798 3090 ex
830 3041 1032 3090 Enomc.
1063 3041 1252 3089 restituit
1282 3044 1617 3090 LicnmANan.
1679 3042 1765 3088 Alii
1800 3044 1897 3087 libri

193 3130 319 3175 nullo
354 3128 449 3174 tibi.
510 3131 668 3173 Annus
699 3130 831 3172 1502.
861 3128 1022 3184 primus
1054 3127 1179 3170 nullo
1210 3133 1268 3171 te.

314 3239 368 3282 V.
388 3241 462 3281 39.
503 3236 714 3279 faciam
742 3235 995 3290 exquisitior
1024 3236 1152 3278 lectio
1181 3234 1412 3287 Enomc„
1447 3234 1704 3285 wira-nu„
1747 3234 1898 3276 Asuu-

199 3333 330 3363 wux.
395 3319 477 3362 Alii
506 3316 711 3376 facet-ex,
748 3315 963 3375 facerem.
997 3341 1051 3348 -
1115 3318 1169 3362 V.
1190 3319 1261 3360 40.
1302 3315 1412 3359 Sed
1457 3320 1589 3360 recte.
1653 3316 1719 3360 Al.
1751 3315 1838 3359 Sit.

1343 3399 1378 3451 3
