2158 3750
256 245 357 293 214-
652 237 1117 291 (JOMMENTAR.
1154 240 1223 290 m
1265 240 1311 290 T
1314 238 1550 292 IBULL1

258 387 342 436 tur,
372 382 583 435 simulque
614 379 828 435 primitiae
860 378 1031 434 frugum
1063 377 1128 422 his
1159 379 1419 424 offerrentur
1449 385 1494 424 et
1525 382 1682 425 ceteris
1713 384 1957 438 agrestibus

257 465 363 518 diis,
409 464 463 506 cf.
497 463 622 506 Voss,
665 460 719 504 ad
753 462 876 516 Virg.
907 460 1064 516 Eclog.
1096 462 1153 515 V,
1193 476 1238 517 p.
1269 465 1374 504 265.
1449 461 1594 504 Etiam
1641 462 1858 507 Hermus
1905 465 1959 508 de

256 545 465 588 sacrificio
496 549 597 600 post
634 557 820 589 messem
859 546 1018 589 factam
1050 547 1241 602 cogitat,
1283 545 1646 601 quemadmodum
1677 547 1780 589 olim
1809 547 1959 591 Hum-

255 641 349 672 ειυς
381 639 478 670 cum
511 629 710 682 (ἔϊκτο,
738 628 814 684 qui
845 626 1014 670 horreis
1049 629 1352 683 emendabant,
1383 634 1429 671 et
1459 630 1714 682 ScAmesn,
1745 628 1818 683 qui
1847 627 1963 669 areis

255 708 420 764 recepit
449 721 516 765 pr.
546 709 688 767 agris:
763 709 855 754 Sed
883 714 1005 753 recte
1035 716 1183 754 monet
1214 712 1623 754 thmsamcnms
1660 710 1845 765 intelligi
1885 707 1966 751 de-

255 794 359 834 bere
388 805 559 836 sacrum
590 791 698 836 illud
727 797 828 837 ante
857 806 1043 838 messem
1070 793 1339 848 faciendum,
1370 793 1426 837 de
1457 807 1544 850 quo
1576 794 1828 839 Vmemms
1859 791 1964 835 dicit

255 876 422 931 Georg.
452 876 488 931 I,
526 878 642 920 347:
691 891 832 936 neque
872 883 980 919 ante
1011 876 1189 936 falcem
1229 875 1424 919 maturis
1465 876 1706 935 quisquam
1743 880 1969 931 supponat

256 955 437 1006 aristis,
485 972 621 1018 quam
664 958 808 1002 Cereri
847 965 973 1002 torta
1014 958 1253 1002 redimitus
1288 966 1487 1016 tempora
1518 973 1686 1018 quercu
1718 955 1791 999 det
1821 963 1970 999 motus

256 1040 569 1099 incompositos
607 1050 654 1084 et
699 1041 903 1085 carmina
935 1042 1084 1090 dicat,
1125 1043 1203 1086 ubi
1232 1043 1332 1087 vide
1362 1043 1636 1100 interpretes.
1694 1042 1808 1086 Nam
1838 1041 1971 1086 verba

259 1125 455 1180 plenis
495 1125 754 1169 confisus
797 1125 964 1179 agris
1005 1137 1092 1168 non
1137 1130 1321 1181 possunt
1363 1125 1422 1167 ad
1465 1126 1671 1167 collectas
1701 1129 1746 1167 et
1775 1123 1972 1167 conditas

258 1210 407 1266 copias
438 1209 617 1264 referri,
646 1209 726 1253 sed
755 1210 958 1254 dicuntur
985 1209 1216 1254 manifesto
1248 1209 1304 1252 de
1334 1209 1500 1252 rustico
1517 1240 1531 1262 ,
1563 1209 1638 1264 qui
1666 1213 1876 1252 maturam
1904 1208 1971 1252 vi-

259 1290 366 1335 dens
396 1292 440 1335 in
471 1293 587 1347 agris
615 1297 814 1348 segetem
843 1292 1151 1347 laetissimam,
1197 1296 1348 1349 sperat
1377 1296 1423 1335 et
1453 1291 1631 1335 confidit
1660 1293 1826 1346 largam
1854 1303 1971 1334 mes-

259 1386 350 1416 sem
381 1373 594 1428 futuram,
642 1388 780 1431 eaque
823 1374 879 1418 de
910 1387 1042 1418 causa
1072 1372 1250 1417 hilarius
1280 1372 1440 1419 festum
1474 1379 1520 1418 et
1549 1376 1678 1419 solito
1707 1375 1975 1432 copiosiores

260 1455 410 1513 epulas
439 1463 565 1515 parat
593 1460 830 1515 grandibus
859 1460 990 1516 lignis
1025 1459 1125 1504 foco
1155 1459 1340 1504 iniectis.
1401 1459 1502 1504 Hoc
1531 1460 1680 1515 igitur,
1711 1461 1784 1513 ait,
1815 1459 1974 1503 facient

259 1542 410 1585 rustici
440 1543 529 1586 mei
560 1550 658 1585 tum
688 1545 763 1588 ubi
792 1558 923 1600 seges
965 1547 1132 1601 largam
1176 1558 1364 1589 messem
1408 1544 1624 1588 ostendet.
1685 1542 1906 1587 nitidus
1937 1555 1975 1586 s.

259 1623 372 1668 bene
401 1631 602 1681 ornatus,
644 1632 692 1670 ut
722 1628 767 1671 in
796 1629 911 1672 laeto
938 1628 1078 1684 festo,
1125 1627 1181 1672 cf.
1215 1628 1271 1672 de
1304 1641 1412 1671 voce
1444 1627 1555 1670 infra
1585 1626 1642 1680 11,
1675 1630 1719 1681 5,
1749 1629 1794 1671 7.
1855 1623 1972 1668 Add.

258 1707 439 1750 an'r·
468 1708 613 1751 Aulul·
641 1709 722 1763 111,
750 1713 794 1764 6,
829 1713 884 1754 42
930 1710 1193 1770 Aliquanto
1215 1710 1373 1770 facies
1403 1709 1597 1757 rectius,
1627 1708 1669 1752 si
1697 1708 1885 1752 nitidior
1912 1707 1977 1751 sis

248 1787 387 1846 filiae
416 1789 605 1847 nuptiis.
634 1815 694 1823 —-
741 1792 850 1836 Mox
890 1794 1079 1836 saturi
1120 1793 1269 1836 bona
1299 1792 1466 1848 signa
1500 1792 1721 1846 coloni,
1760 1792 1834 1847 qui
1865 1789 1975 1834 hila—

259 1872 391 1916 ritate
420 1887 500 1917 sua
530 1880 720 1930 arguunt
749 1880 944 1919 saturum
977 1874 1155 1930 herum,
1197 1875 1343 1930 largas
1375 1877 1527 1932 epulas
1557 1873 1665 1919 heri.
1725 1874 1978 1918 Pasceban-

261 1963 334 2000 tur
361 1959 474 2002 enim
505 1973 664 2004 vernae
697 1959 888 2018 dapibus
918 1960 1076 2004 libatis
1107 1960 1216 2015 heri,
1246 1974 1377 2016 quem
1409 1961 1658 2016 cingebant,
1690 1963 1740 2003 ut
1769 1959 1977 2003 Hom-ru

263 2042 407 2084 verbis
435 2047 558 2098 utar,
589 2046 682 2087 Sat.
714 2045 772 2099 11,
811 2049 855 2099 6,
891 2049 964 2090 66.
996 2049 1071 2089 67.
1134 2045 1246 2089 Vide
1279 2046 1410 2088 etiam
1442 2043 1587 2100 Epod.
1618 2044 1676 2097 II,
1707 2046 1780 2086 65.
1839 2041 1977 2085 Hm(-

263 2138 371 2168 πως
412 2126 526 2169 inter
564 2127 648 2169 alia
690 2127 814 2183 plura
854 2126 910 2170 ad
940 2131 1136 2170 nostrum
1166 2127 1309 2170 locum
1340 2125 1512 2170 confert
1545 2126 1786 2168 CALPURN.
1818 2123 1977 2179 Eclog.

261 2208 342 2261 IV,
376 2210 489 2251 125:
532 2215 588 2249 ut
619 2223 792 2267 quoque
821 2207 960 2251 turba
990 2207 1100 2251 bono
1122 2209 1327 2265 plaudat
1353 2208 1573 2267 saginata
1602 2208 1846 2266 magistro,
1891 2207 1972 2266 qui

255 2288 386 2348 facit
415 2289 616 2348 egregios
645 2289 710 2332 ad
731 2289 893 2347 pervia
924 2287 1119 2346 compita
1150 2288 1372 2332 ludos·—
1403 2289 1528 2333 Haec
1555 2290 1688 2346 igitur
1717 2289 1844 2332 turba
1874 2288 1979 2332 Lu-

267 2372 388 2428 det,
434 2374 676 2429 iocabitur,
719 2375 921 2430 saltabit,
965 2380 1118 2429 canet,
1163 2375 1346 2431 aliisque
1377 2375 1490 2418 ludis
1529 2387 1578 2418 se
1615 2373 1876 2428 oblectabit,
1923 2373 1980 2417 cf.

263 2457 406 2501 Vnae.
442 2458 610 2513 Georg.
641 2458 699 2513 II,
734 2462 824 2502 527
839 2462 980 2502 -531.
1009 2458 1168 2513 Eclog.
1202 2460 1257 2512 V,
1288 2461 1384 2501 69-
1405 2461 1479 2501 75.
1510 2457 1613 2513 ibiq.
1644 2458 1889 2514 interprett.
1917 2478 1976 2487 -—

265 2552 452 2594 casas,
482 2541 756 2596 umbracula,
788 2542 1015 2598 pergulaS,
1046 2539 1263 2595 trIchilas,
1294 2541 1394 2584 vide
1422 2540 1658 2584 Hermus(
1689 2539 1760 2584 hic
1790 2545 1835 2584 et
1865 2540 1979 2585 infra

264 2622 321 2666 ad
351 2623 409 2676 ΙΙ,
445 2627 489 2677 5,
520 2627 594 2668 97.
641 2629 687 2668 et
728 2624 785 2668 ad
815 2626 971 2681 Vix-gil.
1008 2626 1119 2682 Cop.
1157 2638 1198 2669 v.
1229 2629 1273 2669 8.
1303 2648 1365 2656 —-
1410 2623 1552 2668 Porro
1595 2628 1866 2669 exstruet
1910 2637 1977 2668 ex

265 2705 448 2760 virgis
495 2705 768 2750 Huscnxms
812 2706 1034 2762 defendit,
1083 2720 1183 2750 cum
1227 2707 1423 2750 Vossms
1468 2713 1700 2750 construet
1746 2707 1979 2763 receperit.

264 2787 342 2831 Sic
370 2801 502 2844 supra
531 2789 568 2843 I,
598 2792 642 2844 2,
676 2793 760 2834 82:
809 2790 1003 2847 deripere
1044 2789 1096 2831 de
1129 2787 1272 2848 focis.
1333 2790 1384 2833 In
1416 2803 1470 2834 eo
1499 2795 1649 2835 autem
1681 2790 1846 2833 fallitur
1876 2803 1976 2835 cum

264 2872 546 2927 Gnnmnno,
576 2875 756 2919 Vnnmo
785 2876 967 2930 aliisque
990 2874 1277 2930 Husunxms,
1310 2875 1426 2930 quod
1457 2874 1584 2917 ludet
1610 2884 1655 2919 et
1678 2882 1886 2918 exstruet
1909 2889 1975 2932 pr.

263 2956 453 2999 ludendo
483 2962 680 3000 exstruet
708 2958 889 3013 accipit,
937 2971 1050 3013 quae
1080 2959 1224 3001 ieiuna
1255 2963 1372 3001 esset
1414 2959 1659 3012 sententia,
1709 2959 1831 3014 quasi
1862 2972 1975 3002 nuuc

264 3039 365 3082 nihil
396 3040 556 3084 faciant
585 3054 714 3095 quam
742 3046 793 3083 ut
824 3043 1190 3086 exstructionibus
1220 3055 1416 3086 casarum
1447 3055 1496 3086 se
1527 3042 1779 3094 oblectent,
1828 3041 1974 3084 collat.

230 3184 232 3186 ‚
264 3121 447 3166 Homw.
478 3122 610 3166 Satir·
637 3123 695 3178 ΙΙ,
729 3126 773 3177 3,
801 3126 890 3167 247
919 3137 1014 3180 sqq.
1075 3125 1212 3167 Immo
1256 3124 1434 3177 ludent,
1479 3124 1542 3167 ait
1583 3123 1809 3176 Tibullus,
1855 3126 1902 3165 et
1930 3122 1975 3165 in

265 3203 379 3246 hunc
418 3205 547 3248 finem
588 3205 838 3248 umbracula
879 3211 979 3250 ante
1021 3206 1167 3250 focum
1207 3211 1463 3260 exstruent,
1510 3206 1591 3249 sub
1623 3206 1778 3261 quibus
1808 3204 1974 3249 ludant.

266 3285 349 3328 Est
378 3284 530 3329 eadem
561 3285 700 3330 forma
730 3286 900 3331 dicendi
933 3288 1042 3332 infra
1073 3290 1130 3344 II,
1161 3293 1206 3344 5,
1237 3293 1321 3333 99:
1372 3288 1442 3332 At
1479 3286 1566 3332 sibi
1608 3287 1794 3347 quisque
1836 3287 1973 3344 dapes

264 3374 310 3408 et
331 3366 489 3425 festas
519 3376 722 3412 exstruet
761 3368 855 3412 alte
886 3383 1074 3414 mensas.
1150 3369 1451 3415 ludicaverant
1489 3382 1636 3415 verum
1669 3381 1842 3414 sensum
1887 3369 1972 3413 loci
