2086 3756
195 232 307 266 cmv
880 212 975 264 DE
1014 213 1216 268 POESI

192 356 348 408 nibus
380 356 827 426 frequentissime,
863 365 914 407 et
948 355 1095 408 vides
1134 343 1274 407 nunc
1312 343 1557 422 disticha,
1604 341 1744 408 nunc
1782 377 1899 411 ver-

191 470 278 505 sus
316 451 684 516 distichorum,
731 468 871 500 nunc
917 453 1152 501 membra
1191 468 1441 504 versuum
1479 451 1576 501 hac
1617 452 1785 517 figura
1821 451 1900 502 di-

190 548 377 598 stincta
417 562 668 610 nervose3
722 544 838 594 talis
876 545 1028 604 etiam
1067 533 1271 613 elegans
1318 546 1374 596 in
1411 554 1739 614 pentametro
1775 563 1900 597 usus

194 652 270 693 est
303 641 414 692 hic:
660 628 662 630 Ι

402 730 705 799 Despiciam
741 730 899 797 dites,
953 732 1340 803 despiciamque
1374 721 1585 786 famem.

400 826 668 877 Deficiunt
705 836 866 892 artes,
917 827 1268 897 deficiuntque
1306 829 1431 881 doli.

404 921 698 988 Cespitibus
731 939 962 987 mensas,
998 910 1384 991 cespitibusque
1420 935 1614 975 torum.

189 1024 293 1076 Sed
330 1026 649 1078 veniendum
686 1027 752 1078 ad
803 1031 902 1078 alia
938 1041 1031 1079 est.
1120 1029 1363 1081 Vidimus
1412 1049 1567 1081 usum
1603 1033 1901 1099 anaphoras

186 1121 244 1170 in
283 1120 653 1187 divisionibus,
684 1133 857 1188 potest
886 1141 1014 1175 vero
1050 1142 1112 1174 ea
1150 1125 1302 1174 etiam
1341 1130 1386 1174 in
1425 1127 1786 1194 amplzflcatione
1817 1147 1903 1195 per

186 1218 354 1265 similia
386 1218 562 1266 locum
597 1218 812 1280 habere,
851 1234 1010 1284 quam
1045 1215 1169 1281 dixi,
1209 1219 1305 1268 ubi
1342 1218 1552 1270 additur
1581 1223 1902 1274 antecedenti

189 1308 423 1360 eiusdem
462 1309 607 1377 quod
644 1313 711 1361 sit
745 1311 1050 1363 sententiae.
1121 1310 1206 1385 Sic
1242 1313 1298 1362 in
1333 1313 1465 1364 hoc:

331 1404 457 1456 Non
500 1423 593 1471 ego
630 1405 812 1458 firmus
850 1408 907 1457 in
948 1407 1076 1471 hoc,
1125 1425 1235 1459 non
1270 1409 1398 1458 haec
1437 1409 1688 1475 patientia
1721 1420 1902 1462 nostro

404 1501 642 1566 Ingenio.
1867 1500 1869 1505 ¹

192 1593 349 1657 Quod
386 1613 483 1662 per
509 1587 564 1646 se
602 1597 816 1647 clarum.
885 1596 1047 1649 Aliud
1084 1599 1185 1649 hoc
1224 1609 1329 1668 est:

335 1693 474 1742 Tum
511 1692 692 1743 caedes
727 1693 999 1746 hominum
1040 1695 1243 1759 generi,
1289 1705 1403 1745 tum
1442 1695 1645 1762 proelia
1683 1706 1830 1759 nata,

402 1787 541 1836 Tum
578 1787 793 1840 brevior
831 1786 975 1837 dirae
1013 1788 1197 1839 mortis
1234 1800 1416 1857 aperta
1450 1788 1537 1841 via
1573 1799 1667 1840 est.

190 1893 535 1960 Perspicuum
576 1906 654 1946 est
689 1915 798 1947 non
829 1897 992 1948 dividi
1028 1899 1112 1948 hic
1142 1909 1308 1953 totum
1346 1900 1404 1954 in
1440 1910 1631 1967 partes,
1666 1897 1757 1952 sed
1785 1917 1904 1950 cum

192 1987 374 2040 caedes
422 1987 567 2039 domi
612 1991 930 2059 militiaeque
967 1991 1122 2056 fiant,
1176 2005 1299 2060 post
1344 1995 1639 2061 generalius
1681 1997 1903 2047 verbum

192 2095 453 2134 crescente
492 2076 684 2134 affectu
720 2087 994 2152 specialius
1030 2089 1195 2154 ponit,
1235 2086 1378 2156 quod
1414 2091 1702 2140 maximum
1739 2107 1902 2156 genus

192 2176 362 2228 caedis
399 2177 648 2243 designet.
731 2180 1004 2232 Postremo
1044 2182 1146 2232 alio
1197 2180 1356 2234 modo
1393 2193 1558 2234 totam
1596 2172 1904 2234 sententiam

191 2268 368 2321 denuo
416 2270 588 2322 reddit
637 2284 964 2339 pentameter
1009 2277 1322 2341 generalius.
1418 2275 1524 2327 Sed
1570 2278 1716 2350 iuvat
1763 2278 1903 2329 hunc

188 2384 523 2433 progressum
578 2367 876 2434 anaphorae
913 2387 1053 2419 nunc
1092 2388 1122 2420 a
1160 2370 1475 2435 generaliori
1511 2369 1578 2421 ad
1601 2373 1903 2441 specialius,

189 2479 331 2511 nunc
369 2480 400 2511 a
435 2462 647 2527 speciali
684 2460 751 2512 ad
773 2464 1064 2528 generalius
1095 2466 1379 2524 notabilem
1409 2465 1658 2534 persequi
1688 2466 1904 2518 uberius

191 2556 464 2622 exemplis.
535 2557 694 2621 Igitur
723 2557 979 2608 sententia
1004 2559 1298 2623 generalior
1332 2577 1431 2625 per
1452 2553 1904 2628 amplificationem

192 2652 484 2717 explicatur
521 2650 793 2716 specialius
830 2669 947 2700 cum
989 2653 1261 2718 anaphora
1296 2653 1398 2703 sic:

333 2744 450 2811 Spes
488 2744 579 2792 alit
614 2744 890 2809 agricolas,
936 2747 1053 2812 Spes
1089 2745 1242 2796 sulcis
1283 2745 1443 2796 credit
1479 2746 1636 2797 aratis

408 2835 644 2902 Semina,
691 2854 826 2906 quae
857 2855 1046 2904 magno
1085 2839 1303 2890 foenore
1338 2838 1523 2892 reddat
1560 2858 1698 2907 ager.

1724 2910 1750 2922 -d

338 2979 463 3028 Hinc
495 2987 547 3027 et
581 2978 837 3028 femineus
877 2979 1030 3030 labor
1070 2984 1166 3042 est,
1213 2981 1318 3030 hinc
1356 2999 1518 3048 pensa
1556 2983 1805 3050 colusque

407 3071 579 3121 Fusus
619 3082 671 3121 et
706 3073 951 3138 apposito
984 3075 1172 3140 pollice
1209 3086 1382 3127 versat
1420 3093 1569 3142 opus.
1806 3141 1825 3162 ι

194 3171 268 3221 Ac
307 3171 526 3222 dividitur
576 3173 728 3224 etiam
778 3177 1012 3242 specialis
1060 3178 1317 3228 sententia
1365 3179 1612 3248 pluribus
1644 3177 1904 3240 membris,

196 3276 253 3315 ut
295 3283 390 3332 par
428 3263 533 3317 est:
