2158 3750
690 247 871 298 LIBR.
909 248 951 298 I.
1021 244 1224 296 ELEG.
1262 243 1355 296 ΙΙΙ.
1803 247 1868 291 73

172 390 266 433 scil.
298 391 505 434 velorum.
566 390 790 445 Necdum,
834 391 922 443 ait,
963 390 1056 434 ausi
1089 394 1211 432 erant
1240 389 1337 431 vela
1377 397 1567 442 expensa
1599 382 1738 426 ventis
1769 380 1873 423 dare

172 473 358 517 inflanda
403 480 450 518 et
490 480 715 518 ventorum
754 474 936 517 arbitrio
965 486 1014 516 se
1045 474 1312 529 permittere.
1372 468 1554 514 Ostendi
1583 466 1711 511 modo
1743 466 1873 508 maris

173 559 391 602 notionem
416 559 747 615 amplificatam;
776 557 896 601 vides
922 570 1036 600 nunc
1061 557 1260 600 similiter
1287 559 1424 598 totam
1451 550 1707 596 sententiam
1739 546 1872 590 hexa-

172 641 298 683 metri
328 641 631 697 amplificatam
660 645 710 682 et
738 643 990 682 exornatam
1022 638 1118 680 aliis
1148 637 1319 690 verbis,
1350 636 1551 691 quoniam
1585 632 1693 676 haec
1718 630 1874 677 itinera

156 730 272 767 sunt
292 737 404 779 quae
427 724 638 780 deplorat.
698 721 820 765 Idem
844 720 1031 777 denique
1060 722 1406 778 ampiificationis
1435 720 1623 764 studium
1652 719 1698 762 iu
1727 729 1872 768 eausa,

170 806 287 860 quod
318 819 401 848 non
442 818 530 847 uno
558 803 636 847 sed
681 803 851 846 duobus
894 801 1088 846 distichis
1131 802 1187 845 de
1227 803 1453 846 maritimis
1492 802 1624 845 rebus
1659 800 1783 844 dixit.
1812 820 1873 830 -

170 887 224 930 V.
254 890 328 930 39.
356 888 428 929 40.
457 886 681 939 navita,
711 889 930 928 mercator
948 889 1012 926 <ut
1039 897 1186 940 saepe,
1217 897 1258 927 v.
1284 897 1324 928 c.
1355 884 1539 927 HoRA‘r.
1571 884 1606 936 Ι,
1637 886 1677 935 1,
1708 883 1781 925 14.
1811 903 1872 912 -

167 981 364 1022 vagus,
386 968 463 1012 .ob
497 969 650 1012 itinera
681 972 727 1012 et
759 974 964 1029 errorent*
997 968 1091 1012 'Sic
1122 974 1343 1010 mercator
1373 981 1520 1024 vagus
1559 966 1742 1009 Hom‘r.
1775 965 1870 1007 Art.

167 1055 285 1107 poet.
313 1054 430 1106 1151„
457 1051 620 1094 navita
650 1066 797 1111 vagus
826 1040 1168 1104 MAmn.'I‚«87.
1231 1052 1344 1096 Vide
1369 1053 1492 1108 plura
1519 1049 1634 1106 apud
1654 1049 1870 1090 Bnouctc-

167 1145 357 1176 nuswu.
387 1155 448 1166 —
488 1134 852 1191 compendia,
886 1135 1022 1179 lucr’a.
1083 1134 1304 1177 Illustrant
1333 1134 1794 1177 lmusflssnnmnus
1827 1136 1871 1173 et

165 1215 387 1260 VnthS.
416 1239 475 1248 --
519 1192 800 1273 repetens
829 1217 1030 1271 terris,
1070 1222 1120 1261 ut
1149 1219 1258 1260 alias
1287 1217 1418 1260 verba
1448 1220 1595 1260 motus
1625 1229 1650 1258 e
1681 1226 1870 1271 praepo-

164 1301 322 1344 sitione
351 1315 400 1343 τε
430 1302 671 1358 composita
700 1302 857 1344 crebro
889 1315 986 1346 cum
1019 1302 1209 1345 ablativo
1249 1302 1510 1357 iunguntur,
1550 1300 1662 1343 bene
1692 1302 1870 1341 notante

164 1383 544 1426 Wuunssnuemo
567 1383 684 1440 apud
717 1383 960 1438 Heynium‚
991 1398 1119 1440 quem
1151 1384 1262 1427 vide.
1293 1408 1355 1415 -
1398 1387 1728 1440 presserat,
1759 1394 1866 1424 one-

163 1473 348 1512 raverat.
379 1467 588 1511 ‘Confert
619 1467 838 1510 Hermus
883 1467 1040 1522 Virgii.
1084 1468 1251 1520 Georg,
1282 1466 1317 1519 1,
1351 1469 1454 1508 303.
1490 1485 1546 1499 —
1609 1466 1719 1508 Post
1760 1462 1866 1506 haec

163 1551 419 1600 sententiam
449 1550 613 1594 Tibulli
642 1551 789 1595 vides:
827 1550 1031 1594 Habendi
1061 1551 1276 1606 cupiditas
1309 1550 1524 1594 hominem
1556 1549 1705 1592 docuit
1734 1549 1868 1591 mari-

162 1633 267 1682 tima
308 1633 475 1676 itinera.
505 1655 564 1670 -.
616 1634 673 1678 V.
702 1635 759 1677 41
792 1646 887 1689 sqq.
948 1633 1186 1688 Postquam
1224 1632 1639 1691 peregrinationum
1679 1631 1867 1674 studium

161 1714 218 1758 ab
248 1728 380 1759 aurea
408 1720 556 1760 aetate
579 1716 766 1760 alienum
800 1714 1014 1769 ostendit,
1042 1715 1289 1758 necessario
1322 1714 1377 1757 ad
1409 1712 1718 1759 domesticum,
1748 1725 1859 1768 qua-

163 1797 218 1840 lis
247 1802 337 1842 tum
370 1798 529 1852 fuerit,
577 1811 724 1842 rerum
763 1803 925 1841 statum
968 1797 1274 1841 declarandum
1315 1809 1500 1853 pergere
1544 1795 1675 1838 debet
1715 1795 1869 1839 oratio.

160 1881 299 1937 quue
340 1883 422 1926 fit.-
463 1884 584 1924 Erat
613 1882 729 1924 enim
759 1880 934 1924 omnino
965 1889 1087 1929 tum,
1129 1884 1215 1936 ait,
1256 1881 1562 1939 pulcherrima
1602 1879 1870 1938 simplicitas

161 1965 302 2011 vitae.
361 1967 489 2013 Quae
517 1979 589 2009 res
621 1971 670 2010 ut
698 1967 899 2010 similiter
927 1967 1094 2022 aliquot
1124 1971 1419 2022 exponeretur
1451 1963 1658 2018 distichis,
1690 1964 1868 2007 concin-

160 2051 275 2093 nitas
305 2050 609 2107 descriptionis
637 2050 913 2107 postu‘iabat3
945 2050 1056 2093 dixit
1079 2063 1183 2093 vero
1208 2062 1292 2092 non
1325 2050 1421 2106 plus
1447 2062 1574 2104 quam
1605 2046 1719 2102 quod
1746 2048 1866 2092 satis.

160 2136 226 2177 Ac
256 2134 440 2191 primum
471 2133 644 2190 quidem
674 2134 805 2177 dicit:
836 2134 1045 2176 Nondum
1077 2133 1246 2176 domita
1268 2141 1401 2176 erant
1425 2132 1644 2175 animalia
1673 2134 1717 2176 in
1742 2145 1868 2176 usum

160 2223 206 2261 et
234 2219 500 2275 voluptatem
531 2215 776 2272 homiuum3
818 2219 864 2262 in
895 2231 980 2273 qua
1010 2231 1059 2261 re
1087 2219 1275 2274 poetice
1306 2218 1441 2260 instar
1473 2217 1663 2260 omnium
1692 2221 1865 2258 taurum

161 2308 206 2346 et
236 2316 392 2358 equum
426 2307 756 2356 commemorat,
786 2303 919 2346 veluti
949 2303 999 2345 fit
1029 2302 1166 2345 Ovm.
1198 2303 1319 2344 Fast.
1348 2303 1404 2354 ll,
1434 2305 1524 2344 295
1548 2315 1641 2356 sqq.
1705 2299 1868 2343 Confer

162 2386 291 2429 etiam
332 2387 563 2431 Sopnocx..
603 2386 752 2440 Antig.
780 2389 873 2428 350
903 2399 998 2441 sqq.
1025 2409 1086 2418 —
1127 2386 1304 2440 Pergit:
1349 2384 1442 2426 Nec
1483 2384 1582 2439 fuit
1624 2381 1864 2426 dominium

153 2467 414 2523 privatum,
468 2468 547 2511 sed
586 2470 831 2513 communia
870 2470 1042 2523 omnia3
1092 2482 1233 2524 neque
1275 2470 1386 2511 enim
1433 2468 1528 2523 agri
1572 2471 1698 2510 erant
1738 2466 1865 2510 divisi

160 2563 242 2592 nec
272 2549 425 2593 domus
458 2551 546 2594 ulla
589 2552 759 2605 clausa,
801 2550 880 2594 sed
921 2552 1082 2594 intrare
1127 2557 1298 2607 poterat
1338 2553 1583 2606 quicunque
1614 2556 1659 2594 et
1689 2550 1863 2594 auferre

159 2633 274 2687 quod
309 2634 452 2676 veliet.
523 2634 600 2677 Sic
642 2634 833 2678 Tnocus
864 2636 979 2691 apud
1020 2636 1172 2681 lustin.
1212 2639 1286 2690 43,
1320 2639 1360 2678 l.
1406 2636 1509 2678 dicit
1547 2635 1627 2676 sub
1671 2636 1861 2678 Saturno

159 2719 302 2760 omnia
343 2719 586 2762 communia
628 2725 674 2763 et
714 2719 900 2773 indivisa
932 2718 1091 2774 fuisse,
1135 2721 1269 2763 vetuti
1311 2733 1441 2762 uuum
1488 2719 1685 2762 omuibus
1727 2721 1863 2774 patri-

157 2804 343 2846 monium
375 2809 505 2849 esset.
568 2805 737 2861 Aliique
769 2805 980 2850 similiter.
1044 2805 1249 2848 Ceterum
1291 2809 1535 2859 regeret
1570 2808 1659 2847 est:
1707 2803 1859 2847 defiui-

160 2890 247 2937 ret,
293 2884 530 2940 dirigeret,
577 2887 785 2942 C1o.·''pr.
828 2887 1000 2931 Muren.
1049 2901 1085 2930 c.
1118 2890 1160 2929 9.
1205 2888 1361 2943 Topic.
1408 2901 1444 2930 c.
1491 2891 1562 2929 10.
1632 2886 1860 2929 Laudant-

159 2980 244 3022 que
289 2968 460 3011 titulum
503 2969 722 3024 Digestor.
765 2969 819 3012 de
851 2969 1029 3027 finibus
1069 2971 1295 3030 regundis.
1373 2972 1439 3015 Ad
1485 2985 1574 3015 rem
1619 2970 1675 3016 cf.
1719 2972 1859 3016 Vnae.

159 3053 323 3109 Georg.
355 3050 389 3105 l,
423 3054 526 3095 126.
556 3052 694 3096 Ovm.
726 3053 835 3099 Met.
864 3054 901 3108 1,
927 3058 1032 3100 133.
1056 3079 1116 3088 -
1146 3057 1302 3112 Pergit
1334 3069 1372 3099 v.
1403 3057 1461 3098 45
1494 3068 1616 3110 sqq.:
1648 3052 1739 3095 Sed
1769 3052 1858 3095 ali-

158 3142 309 3178 menta
339 3135 462 3179 ultro
495 3134 786 3195 obtingebant
816 3137 1008 3198 largiter
1038 3139 1264 3188 omnibus,
1305 3145 1352 3182 ut
1385 3139 1654 3195 patrimoniis
1685 3137 1861 3194 privatis

159 3227 201 3264 et
232 3221 478 3265 domatione
522 3223 768 3266 animalium
810 3237 921 3281 opus
963 3238 1048 3268 non
1093 3230 1234 3279 esset,
1277 3239 1418 3280 neque
1460 3225 1670 3267 exsistere
1714 3227 1861 3279 posset

161 3305 341 3350 habendi
388 3308 616 3364 cupiditas.
649 3333 709 3342 —
761 3310 919 3365 ipsae
966 3324 1216 3367 quercus
1267 3311 1508 3364 dabant,
1557 3310 1597 3353 h.
1643 3324 1682 3352 e.
1731 3310 1859 3359 uitro,

161 3390 291 3434 veluti
325 3391 462 3437 Vino.
496 3391 651 3448 Eclog.
681 3392 757 3447 lv,
785 3395 859 3435 21.
923 3394 1094 3449 Sequor
1120 3399 1263 3438 nutem
1292 3396 1508 3447 vossium,
1542 3393 1615 3448 qui
1648 3392 1700 3435 de
1732 3391 1860 3434 melle
