2158 3750
330 275 433 322 350
722 266 1194 321 COMMENTAR.
1228 267 1304 321 IN
1342 270 1630 323 TIBULLI

328 415 641 467 stillabat,
684 416 734 456 ut
765 412 930 456 Tibull.
959 412 994 467 I,
1024 416 1068 467 7,
1099 415 1172 458 51.
1221 414 1280 468 11,
1309 417 1354 470 2,
1385 419 1427 459 7.
1493 417 1616 461 Adde
1657 418 1943 466 Cumxmcn.
1986 425 2031 467 in

324 502 467 561 Apoll.
510 512 548 543 v.
581 502 655 542 38.
699 497 803 553 ibiq.
847 499 1091 543 SPANHEM.
1133 502 1179 542 et
1219 498 1388 544 HmNS.
1431 500 1486 543 ad
1530 501 1658 545 Ovid.
1700 503 1887 550 Hdroid,
1930 507 2030 559 XV,

324 588 395 627 72.
426 607 486 616 -
517 583 693 638 Syrio
724 595 880 637 rore,
913 595 938 625 e
969 583 1099 636 Syria
1129 582 1336 638 advecto,
1366 589 1416 627 ut
1446 585 1530 629 fuit
1559 587 1901 643 malobathrum,
1931 603 2036 634 nar-

323 667 430 722 dus,
474 667 574 712 alia.
649 667 725 709 Sic
762 679 860 707 rore
901 663 1074 707 Sabaeo
1118 666 1300 710 Vnam.
1333 667 1505 711 FLAcc·
1539 669 1613 724 VI,
1642 674 1746 714 709.
1791 676 1838 715 et
1875 671 2034 717 Arabo

321 765 420 794 rore
451 752 589 794 Ovm.
618 749 800 794 Heroid.
830 749 931 804 XV,
960 753 1033 793 76.
1065 750 1140 794 ubi
1172 750 1258 796 vid.
1289 750 1457 795 Hnms·
1520 752 1703 796 Notavit
1733 753 1863 798 etiam
1898 755 2032 799 Hm(-

320 848 445 882 MUS.
507 835 599 879 Sed
630 835 811 878 miratur
836 835 1031 879 Vossms
1063 839 1110 878 et
1139 838 1294 879 mirum
1325 835 1457 879 debet
1485 835 1646 891 videri,
1676 837 1793 892 quod
1822 850 1910 881 non
1939 850 2033 883 am-

322 922 468 966 brosia
497 921 698 965 madeant
727 920 938 976 Apollinis
969 920 1122 964 crines.
1183 920 1355 978 Nempe
1396 926 1567 964 constat
1608 922 1712 965 olim
1752 917 1884 969 ξόανα
1923 921 2033 967 deo-

322 1017 418 1048 rum
450 1004 581 1047 etiam
611 1006 767 1056 uncta,
797 1006 846 1044 ιιι
876 1002 1045 1045 Romae
1077 1003 1310 1058 Capitolini
1343 1003 1402 1047 dii
1433 1017 1532 1048 cum
1564 1005 1673 1048 alios
1706 1005 1760 1048 ad
1794 987 2032 1050 ornandum

319 1087 539 1130 ministros
569 1090 662 1128 tum
691 1089 896 1127 unctores
928 1082 1168 1138 habebant,
1215 1084 1270 1127 cf.
1304 1085 1562 1131 Amusvrm.
1593 1087 1650 1131 de
1681 1088 1810 1132 Civit·
1840 1089 1923 1132 Dei
1955 1090 2032 1144 VI,

320 1173 395 1213 10.
456 1170 532 1212 Sic
561 1167 654 1211 fieri
687 1167 830 1223 potuit
859 1169 907 1208 ut
947 1166 1080 1208 etiam
1111 1167 1232 1209 vivos
1263 1166 1398 1222 deoS,
1442 1168 1585 1212 sicubi
1611 1170 1664 1213 ad
1691 1170 1884 1216 homines
1913 1173 2036 1216 veni-

318 1257 442 1308 rent,
497 1251 691 1295 humanis
734 1254 1055 1305 unguentorum
1097 1251 1330 1306 generibus
1372 1252 1436 1294 uti
1480 1253 1735 1308 crederent,
1779 1258 1910 1309 atque
1951 1253 2034 1298 hoc

319 1350 433 1380 nunc
464 1334 741 1391 amplectitur
767 1332 1048 1388 Lygdamus,
1095 1345 1245 1375 amans
1275 1346 1415 1388 nova,
1458 1333 1644 1378 insolita.
1719 1335 1847 1392 Apud
1877 1335 2032 1380 Tibul-

320 1507 467 1560 imago
499 1505 543 1547 in
575 1504 686 1546 atrio
719 1501 830 1545 haud
864 1502 996 1546 dubie
1037 1502 1285 1556 ungebatur
1323 1503 1437 1546 festo
1476 1503 1574 1558 die,
1617 1503 1695 1547 sed
1736 1505 1889 1548 dubito
1918 1503 2030 1548 hunc

319 1588 377 1631 ad
408 1589 594 1631 maiores
626 1586 732 1630 deos
763 1599 853 1629 rem
886 1586 1195 1630 translaturum
1226 1588 1374 1631 fuisse.
1436 1589 1636 1644 Denique
1675 1594 1890 1644 quaerunt
1917 1602 2028 1647 quo-

315 1671 446 1716 modo
474 1673 644 1715 noverit
675 1671 891 1713 dormiens
923 1670 1202 1725 Lygdamus,
1235 1673 1411 1726 Syrium
1445 1685 1542 1715 esse
1573 1678 1871 1728 unguentum,
1913 1671 2028 1728 quod

315 1756 499 1798 stillaret
538 1755 695 1810 capite.
757 1753 928 1810 Nempe
969 1755 1084 1798 visus
1128 1759 1196 1798 est
1227 1755 1310 1799 sibi
1353 1756 1526 1800 odorari
1567 1761 1643 1800 aut
1673 1757 1846 1800 odorari
1886 1756 2029 1815 potuit

320 1855 419 1886 cum
451 1840 702 1884 discedente
738 1839 822 1882 deo
852 1841 1252 1896 expergisceretur.
1313 1843 1472 1886 Verius
1503 1845 1647 1885 tamen
1679 1842 1900 1897 dicemus,
1945 1843 2027 1888 fin*

314 1926 434 1968 xisse
476 1937 575 1968 eum
618 1922 701 1966 hoc
742 1923 906 1965 utalia
947 1924 1083 1966 multa
1124 1924 1451 1979 incogitantem.
1481 1947 1542 1956 —-
1590 1926 1646 1970 V.
1676 1927 1736 1968 29
1767 1938 1832 1981 sq.
1864 1938 2027 1983 prae-

315 2007 454 2060 fert,
503 2006 706 2050 ostendIt.
769 2006 975 2050 Ceterum
1018 2009 1285 2064 comparatio
1324 2010 1630 2062 usitatissima,
1676 2013 1727 2052 ut
1765 2009 2024 2054 Tnnocmr.

313 2087 372 2142 II,
404 2091 479 2133 79.
511 2111 572 2120 --
605 2087 659 2131 V.
692 2089 747 2129 31
780 2101 874 2142 sqq.
918 2087 1080 2130 Tribus
1113 2090 1506 2144 comparationibus
1535 2092 1674 2134 utitur
1703 2081 1855 2136 ornate
1884 2093 1940 2136 ad
1970 2094 2025 2136 il·
2106 2123 2107 2126 =

314 2171 576 2215 lustrandam
619 2170 817 2214 candoriS
861 2176 906 2213 et
940 2171 1109 2214 ruboris
1141 2173 1514 2229 coniunctionem,
1559 2177 1693 2219 veluti
1724 2177 1852 2221 etiam
1883 2179 2024 2223 Vme.
2099 2224 2102 2226 ,

313 2257 480 2310 Georg.
500 2256 576 2309 IV,
593 2258 681 2297 261
704 2268 797 2309 sqq.
827 2260 919 2297 tres
950 2258 1051 2297 sunt
1080 2256 1439 2310 comparationes,
1470 2262 1515 2300 et
1549 2258 1673 2303 Hom.
1691 2258 1743 2303 ΙΙ.
1770 2259 1891 2315 XIV,
1917 2265 2024 2306 394.

313 2342 358 2381 et
387 2338 508 2382 alias.
568 2337 705 2380 Abest
744 2349 851 2380 vero
894 2351 966 2381 res
1009 2352 1036 2382 a
1078 2339 1243 2382 Tibulli
1285 2340 1575 2397 simplicitate.
1606 2365 1666 2374 —
1717 2343 1884 2400 virgo
1933 2345 2023 2390 de-

310 2421 478 2465 ducta
518 2422 739 2465 marito.
817 2422 1003 2466 Nomina
1045 2423 1240 2466 maritas
1286 2429 1332 2468 et
1376 2424 1572 2467 coniunx
1620 2426 1751 2470 etiam
1794 2431 1898 2472 ante
1942 2427 2021 2472 de-

311 2504 559 2548 ductionem
598 2504 798 2561 usurpari
840 2509 964 2548 notat
993 2505 1404 2550 thnssnmcnms'
1436 2520 1463 2550 e
1498 2508 1656 2552 Catuli.
1689 2508 1808 2565 LXI,
1838 2513 1914 2553 32.
1942 2514 2019 2555 55.

312 2589 416 2630 157.
447 2609 505 2620 -
557 2586 844 2630 Inficitur
886 2599 986 2630 ore
1026 2588 1300 2643 rubente,
1346 2587 1388 2633 h.
1420 2602 1460 2633 e.
1503 2590 1693 2633 inficitur
1719 2591 1784 2634 sic
1824 2595 1873 2635 ιιι
1913 2605 2021 2636 eru-

310 2670 486 2726 bescat,
528 2684 607 2715 seu
650 2672 795 2728 potius
837 2672 1025 2714 inficitur
1057 2672 1158 2716 dum
1203 2673 1421 2716 erubescit
1461 2686 1524 2716 os.
1587 2673 1698 2716 Nam
1731 2672 1916 2716 rubente
1949 2682 2016 2719 est
2099 2690 2102 2699 ·

309 2754 617 2810 erubescente,
662 2769 791 2810 quam
831 2756 1192 2811 significationem
1223 2757 1572 2801 FoncnmANms
1601 2757 1812 2814 exemplis
1842 2757 2013 2816 probat.

308 2836 483 2881 Monuit
521 2838 931 2882 thnssnmcnms
977 2843 1022 2881 et
1060 2839 1280 2882 Bicnms.
1343 2840 1433 2882 Sed
1474 2840 1666 2884 Vossms
1711 2846 1815 2882 tota
1856 2837 2016 2883 rubore

309 2919 364 2963 de
395 2921 646 2964 coniectura
677 2921 844 2974 intulit,
874 2921 916 2963 in
949 2933 1036 2976 quo
1067 2920 1237 2964 mireris
1268 2921 1453 2964 ieiunam
1486 2934 1640 2965 vocem
1671 2927 1774 2964 tota
1803 2923 2018 2980 placuisse

309 3001 500 3057 homini,
541 3003 615 3058 qui
647 3004 740 3059 ipse
772 3006 903 3059 poeta
934 3008 1064 3048 esset.
1096 3027 1154 3035 —
1195 3017 1312 3048 cum
1344 3009 1668 3049 contexunt
1697 3005 2022 3050 amaranti&
2087 2983 2109 3044 f

310 3084 488 3139 Lilia,
535 3098 633 3128 cum
676 3097 859 3128 coronas
899 3090 1079 3128 nectunt
1119 3087 1350 3130 amarantis
1380 3091 1425 3130 et
1455 3088 1571 3132 liliis.
1629 3087 1918 3132 Amat-antus
1949 3095 2015 3133 est

309 3166 434 3209 uobis
459 3166 815 3215 Sammetblame‚
845 3174 894 3211 ιιι
924 3174 1048 3213 notat
1073 3171 1279 3215 vossius.
1341 3172 1410 3215 De
1439 3185 1494 3216 eo
1518 3174 1656 3218 an.
1679 3173 1803 3228 XXI,
1826 3177 1855 3216 8
1881 3173 2012 3230 (2:3J:

307 3246 421 3301 „Est
449 3251 568 3306 spica
598 3264 814 3308 purpurea
846 3255 989 3297 verius
1021 3268 1148 3310 quam
1189 3257 1271 3299 flos
1312 3257 1467 3311 aliquis
1507 3261 1552 3299 et
1592 3258 1686 3314 ipse
1726 3258 1820 3301 sine
1861 3259 2010 3302 odore.

2122 1096 2156 1109 ἡ».

2151 1165 2158 1179 f

2115 1254 2148 1331 ιι

2148 1284 2158 1307 ‹

2124 1210 2158 1250 ..ιῖ

317 1422 406 1464 lum
436 1421 493 1474 II,
523 1424 568 1474 2,
599 1423 643 1462 7.
685 1419 852 1460 Genius
882 1417 1019 1460 nardo
1050 1421 1248 1474 tempora
1278 1419 1446 1461 stillans
1476 1419 1624 1462 venire
1662 1418 1860 1474 iubetur,
1908 1421 2032 1465 cuius
2116 1375 2158 1503 Δῖ

2107 1653 2145 1834 ἑ

2108 3072 2140 3094 ,A
2145 3091 2147 3106 ἐ

2094 3093 2137 3228 ᾗ

2138 3190 2142 3198 ,

309 3327 471 3375 Mirum
495 3332 539 3374 in
567 3345 634 3387 eo,
668 3334 858 3388 gaudere
883 3336 1058 3393 decerpi
1089 3341 1134 3380 et
1157 3338 1312 3380 laetius
1342 3339 1523 3384 renasci.
1585 3340 1791 3383 Provenit
1813 3341 2010 3396 Augusto
2110 3330 2126 3351 ²'

309 3426 479 3467 mense,
524 3416 650 3460 durat
691 3419 731 3462 iu
767 3425 1057 3466 auctumnum.
1129 3422 1419 3467 Alexandrino
1464 3423 1625 3477 palma,
1672 3423 1742 3476 qui
1779 3422 2009 3479 decerptus
