2086 3756
639 202 692 255 Ο
859 245 1166 301 TIBULLI.
1791 268 1858 299 ΙΝ

152 388 240 436 bet
274 386 361 437 ille
399 387 612 440 manus!
685 391 750 440 Et
787 407 940 443 mox:
980 393 1066 443 Ah
1099 391 1298 454 miseri,
1340 408 1472 459 quos
1508 390 1593 443 hic
1630 393 1856 457 graviter

150 481 277 534 deus
313 482 488 550 urget!
562 479 811 535 Similiter
845 486 1000 537 etiam
1037 486 1278 555 quintum
1314 503 1550 549 carmen,
1585 487 1853 537 celebrans

147 577 597 643 inaugurationem
633 578 928 642 Messalini,
964 597 1075 630 non
1111 589 1251 631 caret
1287 580 1520 631 tristibus
1557 580 1748 644 verbis»,
1783 581 1852 630 si-

146 669 356 737 quidem
390 687 500 721 non
534 672 707 722 solum
746 671 888 722 rixas
924 673 1266 743 lacrimasque
1302 676 1575 741 agrestium
1612 691 1852 726 amorum

141 775 354 828 tractat,
405 765 497 818 sed
537 767 694 817 etiam
738 764 803 816 ad
850 783 905 817 se
949 767 1124 834 ipsum
1163 769 1349 820 transit
1383 779 1434 820 et
1470 787 1623 820 suum
1658 771 1851 822 vulnus

141 860 408 927 queritur,
457 878 489 910 a
535 859 750 912 Nemesi
796 861 1054 913 sauciatus
1091 860 1235 929 quod
1281 863 1386 914 iam
1431 875 1602 915 totum
1654 883 1850 915 annum

137 957 317 1006 iaceat.
386 957 558 1025 Atque
591 957 666 1008 ita
702 957 897 1026 ubique
932 956 1078 1010 vides
1110 961 1319 1026 qualem
1351 956 1462 1008 dixi
1488 960 1849 1009 tractationem

139 1054 453 1104 eroticarum
487 1071 694 1119 rerum3
746 1056 902 1106 etiam
938 1056 1004 1119 II,
1040 1056 1088 1120 4,
1127 1056 1194 1106 45
1235 1073 1349 1123 sqq.
1395 1052 1539 1123 quod
1575 1054 1630 1103 in
1667 1071 1847 1104 cumu-

133 1147 244 1196 lum
280 1146 429 1211 addo,
466 1150 559 1199 ubi
591 1150 764 1200 bonae
799 1150 1006 1217 puellae
1041 1148 1225 1200 laudes
1265 1161 1608 1217 opponuntur
1646 1166 1848 1212 avarae,

127 1243 303 1328 luctus
332 1255 421 1309 est,
462 1264 620 1315 quem
647 1245 905 1311 describit,
940 1257 992 1298 et
1024 1249 1195 1299 honos
1225 1258 1478 1299 mortuae.
1553 1245 1656 1298 Sed
1692 1247 1845 1296 etiam

134 1342 288 1392 latius
323 1353 463 1408 patet
499 1343 729 1411 querela.
799 1343 1043 1395 Rusticae
1078 1361 1162 1394 res
1203 1362 1301 1411 per
1337 1363 1390 1396 se
1428 1347 1623 1411 laetae3
1669 1354 1841 1395 tamen

135 1453 254 1486 cum
298 1437 356 1485 in
410 1435 580 1504 primo
638 1439 868 1488 carmine
918 1440 1040 1489 libri
1091 1439 1249 1506 primi
1301 1441 1464 1491 felicis
1523 1441 1648 1491 olim
1703 1457 1843 1489 nunc

131 1532 377 1598 pauperis
412 1532 523 1597 agri
558 1542 608 1582 et
642 1535 846 1599 pecoris
884 1535 1060 1600 exigui
1093 1535 1291 1586 mentio
1330 1537 1411 1599 fit,
1447 1536 1601 1586 etiam
1633 1536 1718 1586 hic
1755 1553 1843 1586 su-

128 1627 288 1694 spiria
327 1627 489 1678 insert
525 1627 726 1694 gaudiis
767 1630 972 1680 rusticis
1012 1629 1328 1681 desiderium
1377 1632 1642 1681 bonorum
1689 1630 1843 1680 amis-

130 1743 336 1788 sorum,
378 1725 433 1774 in
474 1724 673 1777 decimo
711 1737 885 1777 autem
921 1727 1127 1778 tristitia
1171 1738 1273 1790 est,
1312 1744 1428 1777 cum
1468 1728 1619 1777 abeat
1652 1725 1839 1778 milita-

129 1831 239 1870 tum
279 1838 310 1870 a
344 1818 562 1886 praedio
599 1821 739 1872 avito
779 1831 828 1871 et
864 1821 1243 1873 consuetudine
1275 1840 1394 1872 cara
1428 1822 1565 1874 vitae
1600 1822 1838 1872 rusticae.

129 1914 215 1965 Sic
265 1914 481 1966 omnino
527 1913 633 1966 duo
682 1925 884 1966 tantum
938 1917 1169 1966 carmina
1208 1927 1409 1967 restant
1455 1917 1510 1966 in
1560 1918 1642 1968 his
1690 1917 1837 1967 libris

129 2012 342 2076 querela
380 2029 569 2075 vacua3
629 2030 690 2062 ea
738 2011 854 2063 dico
905 2030 1040 2081 quae
1089 2013 1145 2062 in
1193 2013 1436 2064 natalitfls
1484 2014 1739 2064 Messalae
1787 2022 1838 2063 et

127 2104 366 2157 Cerinthi
406 2108 616 2175 scripta.
695 2108 838 2158 Haec
875 2110 1029 2159 unica
1067 2119 1188 2159 sunt
1233 2109 1327 2159 ubi
1376 2110 1505 2159 nihil
1552 2109 1697 2160 triste
1739 2110 1836 2158 im-

64 2248 68 2250 .
130 2202 365 2254 mixtum.
434 2203 700 2255 Nimirum
749 2206 1019 2270 Tibullus‘,
1069 2215 1130 2256 ut
1165 2224 1306 2256 nunc
1350 2206 1502 2256 etiam
1553 2203 1617 2255 de
1669 2206 1835 2256 causis

127 2298 281 2349 huius
326 2299 405 2348 rei
442 2298 688 2363 dicamus,
727 2317 847 2350 eum
879 2299 954 2349 ita
988 2310 1219 2351 censeret
1259 2318 1377 2350 cum
1411 2299 1693 2367 plerisque,
1732 2301 1835 2348 ele-

126 2395 239 2457 giae
272 2394 526 2460 imprimis
561 2396 728 2445 trIstia
770 2397 1051 2447 convenire
1095 2406 1145 2447 et
1182 2396 1373 2447 amoris
1411 2393 1619 2446 dolores
1657 2396 1832 2461 potius

128 2487 387 2539 canendos
441 2507 598 2556 quam
651 2489 868 2555 gaudia,
910 2500 1092 2557 postea
1144 2492 1209 2540 ab
1260 2489 1451 2543 Ovidio
1501 2490 1727 2540 maxime
1776 2489 1830 2539 in

127 2582 379 2632 Amorum
414 2583 564 2633 libris
601 2578 791 2634 diserte
829 2585 1089 2650 exposita,
1127 2594 1302 2636 tamen
1338 2586 1492 2635 etiam
1530 2595 1713 2651 suopte
1747 2584 1831 2634 in-

123 2679 275 2744 genio
315 2678 476 2744 magis
519 2677 583 2728 ad
621 2681 757 2730 seria
797 2689 847 2729 et
881 2679 1073 2742 tristia,
1127 2697 1286 2748 quam
1324 2678 1389 2729 ad
1428 2680 1674 2743 hilarem,
1725 2680 1831 2729 lae-

121 2785 227 2824 tam
272 2774 456 2841 poesin
490 2774 792 2826 inclinabat.
861 2775 1082 2826 Minime
1116 2774 1334 2828 dicimus
1370 2777 1601 2828 alienum
1646 2777 1711 2826 ab
1748 2776 1831 2826 hi-

122 2870 349 2933 laritate,
395 2870 555 2923 immo
593 2869 846 2923 dederant
883 2871 957 2922 dii
1001 2884 1164 2923 artem
1200 2872 1438 2934 fruendi,
1491 2882 1547 2923 ut
1580 2872 1830 2923 Horatius

122 2963 272 3030 dicit,
329 2962 733 3034 (Hieronymus-
762 2966 1152 3020 ¹Alexandrinus
1209 2969 1262 3018 in
1319 2969 1427 3020 vita
1487 2985 1647 3036 supra
1694 2969 1829 3018 lecta

120 3061 294 3126 ignota
329 3060 540 3130 quidem
571 3063 882 3117 auctoritate
920 3081 1042 3114 eum
1079 3080 1188 3114 non
1224 3073 1490 3114 austerum
1537 3073 1588 3114 et
1625 3063 1826 3113 tristem

120 3158 349 3222 vultum,
414 3155 506 3209 sed
551 3158 772 3209 hilarem
824 3169 875 3209 et
919 3156 1206 3209 iucundum
1252 3175 1373 3224 erga
1417 3175 1598 3209 omnes
1649 3157 1826 3207 scribit

119 3250 413 3322 habuisse);
451 3262 502 3303 at
540 3253 631 3304 ubi
661 3252 788 3323 quid
824 3253 946 3305 laeti
981 3255 1265 3319 contigerat
1303 3255 1357 3304 in
1395 3271 1587 3317 amore,
1625 3253 1823 3320 placide

122 3349 393 3402 fruebatur
428 3368 602 3403 secum
644 3353 884 3404 felicitate
922 3353 1108 3417 animi,
1153 3354 1333 3421 requie
1369 3370 1641 3413 curarum,
1678 3353 1825 3402 suavi
