2086 3756
223 228 295 261 ΧΠ

765 564 1394 653 DISQUISITIONES

399 762 513 822 DE
576 759 796 824 VITA
855 757 974 818 ΕΤ
1035 755 1309 818 POESI
1369 754 1754 815 TIBULLI.

643 1136 757 1215 DE·
803 1135 1014 1187 VITA
1065 1127 1522 1199 TIBULL1.*)

370 1319 555 1371 Albius
576 1320 840 1387 Tibullus,
880 1339 1001 1372 nam
1022 1337 1346 1388 praenomen
1370 1320 1667 1385 ignoramr,
1701 1332 1796 1366 nec
1826 1330 1933 1383 quo

230 1429 369 1463 anno
415 1424 568 1465 natus
619 1417 686 1467 sit
733 1425 933 1467 constat
977 1433 1074 1466 nec
1125 1431 1231 1482 quo
1279 1423 1545 1482 mortuus3
1589 1406 1764 1464 tamen
1808 1425 1934 1460 con-

229 1508 426 1561 iectura
459 1512 770 1580 probabilia*
788 1514 1006 1564 assecuti
1050 1523 1172 1564 sunt
1209 1512 1311 1562 viri
1344 1509 1497 1563 docti.
1589 1509 1666 1560 Ac
1705 1507 1935 1575 primum

211 1603 440 1670 ”quidem
489 1607 752 1659 Domitius
801 1609 1008 1661 Marsus
1053 1611 1110 1660 in
1155 1609 1534 1677 Epigrammate
1583 1602 1728 1673 quod
1776 1619 1935 1670 supra

231 1698 398 1763 legisti
430 1710 482 1751 et
515 1701 573 1751 in
606 1702 709 1775 fine
747 1701 985 1754 editionis
1021 1706 1212 1754 iterum
1246 1701 1471 1766 videbis,
1509 1699 1715 1752 scribit:
1907 1684 1910 1687 Ι

443 1796 520 1845 Te
558 1813 771 1864 quoque
803 1798 1277 1862 Virgiliilcomitem
1314 1814 1424 1847 non
1461 1813 1642 1863 aequa,
1678 1791 1899 1853 Tibulle,

490 1889 664 1941 *Mors
699 1891 945 1943 iuvenem
981 1908 1188 1958 campos
1223 1892 1362 1942 misit
1397 1890 1464 1943 ad
1499 1890 1728 1958 Elysios:

232 1984 422 2050 quibus
466 1986 639 2037 verbis
686 1987 934 2052 significat
979 2005 1090 2039 non
1135 1989 1299 2040 multo
1347 1998 1468 2055 post
1510 1986 1789 2052 Virgilium
1825 1999 1935 2034 esse

176 2136 179 2140 ,
231 2079 500 2130 Tibullum
528 2092 810 2132 mortuum.
884 2081 1019 2132 Cum
1044 2092 1217 2133 autem
1245 2084 1495 2148 Virgilius
1521 2099 1641 2132 ann.
1668 2080 1784 2132 urb.
1814 2082 1934 2128 735.

233 2175 447 2239 obierit,
497 2186 558 2225 ut
593 2188 817 2240 constat,
869 2179 1138 2230 Tibullum
1190 2178 1374 2230 eodem
1411 2194 1550 2231 anno
1601 2185 1691 2228 aut
1727 2191 1774 2225 a.
1813 2177 1936 2223 736.

231 2269 502 2322 decessisse
550 2272 664 2323 iure
712 2284 960 2326 statuunt.
1034 2274 1140 2326 Sed
1190 2274 1401 2343 quando
1439 2284 1619 2324 natum
1665 2263 1936 2323 dicemus?
1958 2334 1979 2347 Ι
2059 2286 2063 2295 ’

230 2367 353 2417 Non
388 2367 507 2418 licet
541 2370 619 2418 uti
652 2369 709 2419 in
744 2370 841 2422 hac
877 2389 935 2423 re
969 2373 1088 2424 loco
1124 2373 1228 2437 ΙΙΙ,
1267 2377 1328 2435 5,
1371 2378 1469 2423 17:

442 2460 681 2512 Natalem
715 2466 888 2530 primo
927 2477 1166 2532 nostrum
1200 2465 1380 2520 videre
1415 2473 1683 2532 parentes,

516 2552 650 2605 Cum
686 2556 868 2610 cecidit
902 2559 1010 2611 sato
1048 2562 1229 2611 consul
1264 2570 1484 2628 uterque
1515 2558 1649 2626 pari.

351 2793 393 2847 ‘)
429 2794 611 2836 Praeter
659 2807 713 2837 ea
754 2807 865 2849 quae
907 2794 1021 2851 apud
1065 2794 1282 2849 Heynium
1325 2792 1560 2844 habentur,
1605 2789 1754 2833 confer
1799 2789 1832 2832 Ι.
1877 2789 1934 2832 Η.

233 2868 434 2910 Vossium
458 2868 500 2910 in
524 2867 714 2911 Praefat.
739 2868 793 2910 ad
817 2869 1033 2912 Translat.
1060 2871 1210 2913 Germ.
1236 2873 1407 2925 poetae,
1437 2864 1645 2909 Baebium
1664 2864 1707 2906 in
1738 2862 1933 2919 disputa-

233 2942 420 2984 tionibus
456 2941 632 2984 editioni
674 2954 779 2984 suae
810 2943 1082 2997 praemissis,
1131 2941 1370 2998 Spobnium
1415 2941 1459 2982 in
1502 2939 1682 2981 Dissert.
1718 2935 1841 2979 acad.
1878 2936 1934 2980 de

230 3015 317 3057 vita
348 3020 393 3058 et
423 3015 680 3058 carminibus
711 3015 873 3058 Tibulli
915 3016 1035 3072 Lips.
1071 3018 1228 3068 1819„
1267 3014 1455 3070 Philipp.
1490 3014 1633 3056 Amat.
1664 3012 1935 3066 Golberyum

231 3088 286 3132 de
316 3088 479 3131 Tibulli
509 3090 594 3131 vita
632 3094 676 3132 et
718 3091 973 3133 carminibus
1014 3092 1153 3134 Paris.
1188 3092 1344 3141 1824„
1386 3088 1639 3131 Passovium
1669 3086 1710 3127 in
1743 3085 1936 3128 Censura

235 3160 275 3204 lu.
313 3160 494 3204 duorum
522 3162 667 3218 script.
700 3161 882 3218 prem.
931 3163 1108 3206 Halens.
1139 3155 1234 3205 anu.
1265 3165 1394 3204 1825.
1429 3161 1506 3205 Nr.
1541 3162 1621 3202 131
1650 3172 1772 3214 sqq.,
1820 3157 1935 3201 Her-

233 3246 430 3277 mannum
474 3235 725 3279 Paldamum
771 3238 812 3280 in
847 3237 981 3280 libro:
1025 3236 1260 3280 Riimische
1307 3235 1485 3287 Erotik,
1534 3245 1630 3276 ann.
1671 3236 1800 3276 1833.
1836 3244 1933 3288 pag.
1991 3284 1995 3287 ι

234 3311 289 3350 49
318 3323 407 3364 sqq.
