2158 3750
660 246 844 300 LIBR.
882 248 948 299 11.
1017 244 1219 302 EnEG.
1257 245 1325 298 V.
1726 248 1826 294 271

138 400 344 450 tempore,
376 398 422 435 et
451 390 533 435 hoc
566 392 641 434 tali
671 391 741 434 die
771 390 1051 434 Messalinum
1084 396 1188 445 puto
1217 386 1504 432 introductum
1533 387 1576 430 in
1606 387 1830 442 templum.

135 475 225 517 Iam
259 474 356 518 vide
387 475 629 517 Tibullum:
661 473 743 516 Est
770 487 925 516 vernus
955 475 1047 517 dies
1080 480 1123 516 et
1152 474 1345 530 aperitur
1368 484 1504 514 novus
1532 483 1691 522 annus;
1721 470 1825 524 quid

133 554 266 610 igitur
296 556 471 612 propius
502 556 751 612 precatione
782 554 888 606 hac,
917 560 966 597 ut
996 568 1119 597 sacer
1152 560 1196 597 et
1231 553 1438 598 secundus
1467 553 1558 597 sit?
1618 552 1694 597 Sic
1726 565 1826 607 per—

131 639 327 691 spicuum
358 642 425 680 est
455 637 584 679 etiam
617 649 714 679 cum
745 636 846 678 festi
875 636 1043 678 ratione
1073 638 1320 691 conspirare
1347 636 1696 693 compositionem
1728 647 1828 677 car-

132 720 278 772 minis,
313 721 408 775 ipsa
435 719 708 761 solemnitate
739 716 847 760 hanc
878 717 1149 772 politicarum
1180 723 1226 760 et
1256 719 1459 761 ruralium
1491 730 1632 760 rerum
1663 721 1827 760 tracta-

131 803 291 845 tionem
331 802 554 844 offerente.
616 798 734 841 Satis
764 796 820 839 de
851 796 960 850 hoc3
1001 797 1208 841 addamus
1237 801 1427 853 reliqua,
1473 812 1584 853 quae
1612 797 1828 842 monenda

131 890 307 929 restant.
366 883 538 925 Etenim
568 881 699 923 etiam
728 891 920 921 amorum
953 880 1211 922 mentionem
1244 879 1313 923 hic
1354 893 1438 923 non
1481 882 1826 936 praetermissam

130 971 266 1024 quivis
306 966 622 1023 exspectaverit
651 964 923 1007 Tibullianae
963 977 1149 1019 poeseos
1190 978 1363 1018 guarus.
1425 967 1540 1008 Sunt
1570 971 1714 1009 autem
1745 979 1827 1022 per

130 1056 268 1093 totum
298 1062 471 1093 carmen
500 1049 617 1092 varie
645 1059 796 1104 sparsa
825 1046 956 1089 verba
986 1051 1033 1089 et
1062 1046 1376 1102 descriptiones
1407 1046 1676 1102 huiusmodi,
1708 1053 1752 1091 et
1782 1049 1825 1092 in

127 1134 212 1176 fine
258 1133 388 1175 etiam
435 1143 534 1173 snas
578 1129 712 1186 ipsius
760 1141 988 1172 aerumnas
1031 1135 1355 1174 commemorat-
1433 1132 1640 1175 Videmus
1693 1133 1828 1186 igitur

124 1217 355 1269 affectum,
395 1227 483 1268 quo
513 1218 644 1269 poeta
672 1213 767 1269 ipse
795 1212 949 1268 plenus
978 1216 1072 1264 est,
1111 1225 1161 1254 se
1190 1211 1471 1256 admiscuisse
1501 1214 1661 1268 ubique
1693 1215 1824 1256 etiam

124 1299 281 1342 ceteris
309 1296 668 1354 descriptionibus
697 1309 841 1339 rerum
872 1309 979 1350 quas
1009 1297 1234 1352 proponit,
1276 1302 1321 1340 et
1349 1303 1502 1340 ornata
1532 1299 1674 1341 omnia
1703 1311 1824 1340 ama-

125 1382 248 1424 toriis
289 1380 513 1432 sensibus3
563 1392 649 1433 qua
690 1391 739 1421 re
779 1378 881 1433 quid
926 1377 1143 1434 pulchrius
1186 1385 1231 1422 et
1274 1381 1412 1434 magis
1454 1381 1823 1424 accommodatum

125 1465 320 1519 elegiaco
377 1464 527 1518 generi
585 1475 794 1518 poeseos,
850 1463 954 1504 licet
1009 1461 1167 1505 festum
1229 1463 1478 1516 religiosum
1539 1462 1824 1506 celebretur?

123 1547 310 1590 Omnino
350 1546 512 1588 multae
549 1550 649 1586 sunt
688 1544 867 1587 virtutes
909 1541 1034 1585 huius
1073 1544 1286 1586 carminis,
1348 1543 1446 1586 Etsi
1487 1544 1597 1586 enim
1644 1545 1818 1599 plenum

124 1637 190 1675 est
230 1630 513 1687 simplicitatis
552 1631 739 1672 rusticae
782 1633 829 1671 et
869 1636 1063 1670 amorum
1112 1627 1496 1684 descriptionibus,
1550 1628 1822 1671 nihilominus

124 1721 266 1757 tamen
300 1716 341 1756 in
371 1713 527 1756 ceteris
556 1711 610 1754 ad
642 1710 1003 1765 magnificentiam
1032 1709 1245 1764 quandam
1275 1710 1490 1766 reperitur
1519 1713 1820 1766 compositum.

123 1800 223 1844 Quo
255 1799 442 1854 pertinet
470 1795 642 1839 omnino
673 1780 921 1849 religiosior
951 1795 1154 1837 carminis
1181 1793 1373 1846 indoles,
1407 1793 1616 1848 Apollinis
1645 1794 1822 1835 invoca-

121 1882 261 1922 tiones
303 1884 348 1922 et
391 1878 584 1932 Sibyllae
630 1878 805 1920 oracula
848 1881 893 1920 et
936 1876 1231 1934 prodigiorum
1272 1876 1528 1919 terribilium
1572 1876 1820 1932 descriptio,

120 1961 306 2016 pertinet
334 1961 464 2003 etiam
495 1972 593 2001 meo
623 1958 784 2001 iudicio
812 1959 857 2000 in
887 1958 1084 2001 oratione
1114 1957 1393 2012 digressionis
1425 1971 1555 2010 usus,
1599 1959 1665 2000 bis
1695 1958 1822 2000 adhi-

48 2099 52 2102 Β
117 2045 233 2087 bitae
263 2057 306 2087 v.
334 2045 517 2086 22·38.
560 2045 605 2084 et
644 2054 684 2082 v·
715 2042 899 2088 ‘ll-79.
960 2039 1149 2081 Tantum
1181 2039 1294 2081 enim
1333 2039 1459 2081 abest
1500 2045 1549 2081 ut
1579 2041 1821 2094 imperitiae

116 2130 278 2172 Tibulli
318 2127 425 2170 haec
467 2139 537 2169 res
577 2123 805 2168 tribuenda
843 2123 927 2177 sit,
973 2123 1096 2178 quasi
1129 2123 1248 2166 nullo
1279 2123 1366 2165 alio
1407 2123 1536 2167 modo
1580 2137 1708 2179 quam
1740 2139 1821 2180 per

67 2229 71 2232 ·
117 2212 391 2271 parenthesin
420 2213 504 2255 ista
534 2211 810 2266 interponere
840 2208 1030 2260 sciverit,
1061 2212 1111 2249 ut
1139 2206 1194 2249 ad
1226 2207 1510 2250 imitationem
1541 2209 1819 2252 sublimitatis

117 2297 278 2351 lyricae
308 2294 423 2337 facta
454 2291 664 2335 videatur.
735 2289 918 2332 Maioris
947 2289 1060 2332 enim
1090 2288 1268 2344 spiritus
1297 2290 1415 2332 visae
1451 2294 1495 2332 et
1526 2290 1819 2345 digressiones

118 2378 333 2434 mythicae
361 2377 512 2432 quales
539 2373 822 2426 Pindaricae,
864 2376 911 2415 et
949 2370 1032 2414 hoc
1062 2369 1369 2427 parentheseos
1401 2385 1539 2427 genus
1570 2373 1818 2430 interrupto

116 2474 245 2505 cursu
275 2458 495 2503 orationis.
556 2456 787 2500 Postremo
825 2453 1021 2497 exitus
1059 2465 1138 2509 pro
1169 2453 1315 2497 futura
1343 2455 1484 2510 gloria
1514 2455 1736 2500 Messalini
1769 2462 1815 2502 et

116 2540 340 2599 triumphis
370 2546 468 2586 vota
500 2538 603 2583 facit
632 2538 718 2583 iam
749 2536 793 2581 in
823 2535 1004 2581 exordio
1034 2537 1291 2581 monstratis.

738 2973 1186 3032 EXPLICATIO.

232 3198 285 3242 V.
327 3198 476 3240 1-18.
546 3192 877 3246 Exordium.
949 3195 1208 3240 Vocatur
1253 3195 1462 3252 Apollo
1514 3200 1573 3239 ut
1620 3196 1820 3240 veniat

114 3294 233 3325 cum
279 3277 501 3323 cithara
550 3276 1017 3333 carminibusque
1064 3283 1120 3322 et
1165 3275 1409 3334 pulchre
1459 3282 1703 3322 ornatus
1749 3279 1815 3322 ad

114 3363 620 3421 inaugurationem
672 3362 802 3405 novi
849 3361 1183 3407 sacerdotis
1235 3362 1571 3419 Messalini,
1619 3362 1815 3407 admit-
