2158 3750
670 270 852 324 LIBR.
886 270 954 324 11.
1025 269 1226 324 ELEG.
1265 271 1332 322 V.
1734 280 1838 324 285

139 419 339 463 fluctibus
370 419 582 475 dicuntur.
645 418 776 463 Videt
804 420 975 475 Sibylla
1003 430 1134 475 super
1165 418 1348 461 classem
1377 415 1432 461 ad
1464 418 1583 461 littus
1610 416 1728 461 Latii
1757 432 1839 474 ap-

136 505 369 560 pellentem
400 489 541 546 ffiimo
578 502 810 547 Victoriam
842 505 1090 547 volitantem
1109 535 1121 555 ‚
1167 501 1284 556 quod
1328 505 1397 544 est
1425 501 1653 556 augurium
1684 513 1837 556 repor-

135 588 293 632 tandae
348 594 448 646 post
498 588 725 631 Lavinium
778 589 996 631 conditum
1053 600 1234 642 magnae
1289 585 1345 629 de
1398 587 1574 631 Rutulis
1620 588 1836 641 sociisque

136 671 332 714 Etruscis
376 671 609 723 victoriae,
640 681 768 725 ¹qnae
809 667 1095 713 conformabit
1134 667 1372 710 Troianum
1411 668 1650 724 imperium.
1725 667 1836 710 Esse

135 756 292 798 alatam
325 756 456 808 vulgo
486 753 722 797 Victoriam
754 756 948 805 constat,
991 750 1046 794 cf.
1080 751 1249 794 Senon.
1281 751 1336 793 ad
1368 751 1585 808 Aristoph.
1620 754 1701 797 Av.
1731 755 1839 795 574.

137 841 211 884 ubi
254 839 505 883 Archermus
549 837 646 891 (01.
686 836 787 892 55.)
832 837 995 892 primus
1034 836 1125 877 alas
1169 835 1277 877 deae
1319 835 1490 879 dedisse
1533 838 1703 880 dicitur.
1775 839 1839 880 Ae

135 926 232 979 quis
274 937 359 966 non
401 921 651 965 recordatur
689 916 886 976 Ἀθηνᾶς
925 921 1069 975 Νίκης
1109 917 1276 961 Eume.
1317 918 1411 962 Ion.
1451 921 1554 961 460.
1601 922 1733 962 1545.
1781 918 1837 963 of.

136 1008 340 1049 (ἔειπας.
370 1003 427 1047 ad
456 1000 592 1058 Soph.
622 999 811 1045 Philoct.
841 1014 881 1043 v.
907 1003 1007 1063 134.
1069 998 1290 1042 Harmas
1318 999 1437 1042 addit
1464 1002 1608 1042 multis
1638 1001 1682 1042 in
1714 1012 1839 1042 num-

135 1088 215 1130 mis
255 1086 431 1130 Siciliae
474 1090 520 1128 et
561 1084 716 1128 Italiae
754 1085 1005 1128 volitantem
1049 1083 1241 1138 conspici
1282 1083 1533 1127 Victoriam.
1607 1084 1838 1127 Postremo

135 1170 234 1213 vide
279 1169 578 1212 Boura-ream
621 1167 865 1210 Comment.
909 1165 966 1208 de
1011 1164 1230 1218 Victoria,
1279 1165 1512 1220 praemissa
1543 1166 1746 1208 volumini
1779 1165 1835 1207 Π.

134 1251 320 1308 Epllem.
362 1253 444 1294 litt.
486 1250 673 1292 univerS.
704 1261 804 1292 ann.
837 1249 969 1289 1803.
1000 1250 1046 1289 et
1074 1246 1302 1289 Μῠιιιςιιι
1334 1246 1572 1303 Compend.
1606 1246 1834 1289 Archaeol.

134 1350 178 1391 p.
211 1338 316 1379 625.
346 1357 406 1366 -
458 1335 514 1377 V.
546 1335 603 1375 47
634 1345 730 1387 sqq.
791 1329 945 1374 Ecce
991 1329 1126 1372 mihi
1170 1331 1366 1373 lucent
1405 1335 1488 1374 etc.
1551 1331 1839 1383 Cantemus,

134 1420 340 1471 Vosfflus,
358 1419 778 1468 Wuunssumcnms,
796 1414 1067 1456 Huscmcms
1089 1413 1196 1456 illud
1220 1413 1466 1457 incendium
1491 1415 1649 1470 respici
1672 1419 1839 1470 putant,

133 1517 222 1557 quo
253 1503 429 1545 Turnus
455 1500 743 1543 Troianorum
785 1499 968 1541 classem
1001 1510 1197 1540 exurere
1241 1497 1422 1552 parabat
1462 1495 1516 1539 cf.
1548 1498 1687 1541 Vme.
1729 1497 1838 1539 Aen.

134 1584 213 1637 lX,
249 1587 308 1627 69
333 1597 457 1638 sqq.‚
498 1587 550 1624 ut
590 1578 858 1623 incendia
899 1591 968 1635 pr.
1000 1575 1168 1626 facibus
1199 1579 1286 1621 sint
1316 1579 1358 1621 in
1390 1580 1542 1621 castris
1572 1579 1838 1622 Rutulorum

135 1668 320 1722 paratis,
362 1666 495 1709 veluti
522 1665 931 1708 Wnsnsamcnms
961 1662 1088 1708 ovid.
1119 1663 1228 1706 Met.
1259 1662 1381 1717 XIV,
1411 1666 1514 1705 539.
1558 1663 1698 1707 Vuae.
1726 1663 1836 1706 Aen.

132 1728 213 1804 iX,
244 1754 317 1792 71.
357 1750 496 1792 affert.
557 1727 851 1792 Incommode.
913 1748 1023 1790 Post
1061 1746 1322 1789 antecedens
1354 1745 1565 1790 distichon
1596 1746 1650 1790 de
1687 1747 1836 1790 Victo-

134 1837 199 1878 ria
241 1834 296 1877 ad
339 1834 552 1876 Troianos
592 1823 958 1887 venientesquis
999 1842 1163 1886 quaeso
1204 1830 1258 1872 de
1301 1831 1562 1873 Rutulorum
1612 1831 1838 1874 conatibus

136 1919 362 1963 hostilibus
392 1921 618 1973 exspectat
648 1915 810 1959 dictum
842 1916 920 1970 iri,
950 1929 1003 1959 ac
1034 1927 1120 1958 non
1151 1915 1298 1971 potius
1329 1913 1384 1958 de
1415 1915 1703 1958 Troianorum
1733 1929 1839 1959 suc-

132 2003 361 2047 cessibus?
422 2003 487 2044 Ac
523 2013 652 2056 quem
689 2012 849 2043 nexum
882 2000 993 2058 istae
1025 1998 1144 2042 faces
1184 2011 1285 2040 cum
1325 2010 1436 2042 nece
1470 1998 1607 2041 Turni
1640 1998 1836 2042 habent?

61 2092 63 2094 ’
130 2087 268 2129 Immo
298 2089 420 2128 recte
449 2083 696 2126 Hermus:
748 2080 976 2135 „Necesse
1013 2085 1082 2123 est
1112 2079 1246 2122 fuisse
1277 2079 1391 2123 inter
1420 2084 1591 2124 veteres
1631 2080 1686 2123 de
1707 2062 1835 2124 xTro—

79 2222 83 2224 *
130 2172 324 2215 ianorum
355 2169 485 2230 rebus
512 2169 556 2211 in
586 2167 712 2210 Italia
745 2165 923 2216 fabulas,
948 2163 1086 2229 *etiam
1125 2165 1315 2219 aliquam
1351 2164 1640 2207 narrationem
1673 2164 1728 2207 de
1759 2177 1836 2207 ca-

132 2255 235 2299 stris
263 2252 402 2295 Turni
432 2251 488 2294 ab
519 2251 667 2294 Aenea
698 2250 836 2306 captis
866 2254 912 2293 et
950 2249 1162 2302 incensis,
1207 2249 1289 2292 etsi
1333 2261 1360 2291 a
1399 2248 1586 2302 Virgilio
1621 2249 1836 2303 praeteri-

132 2342 236 2379 tam.
238 2335 267 2358 ‘⁶
325 2333 570 2389 Conspecta
601 2331 784 2388 primum
815 2330 1009 2374 Victoria
1039 2316 1173 2386 super
1202 2342 1360 2382 naves,
1410 2342 1524 2372 nunc
1555 2330 1724 2384 Sibylla
1755 2342 1836 2385 per

132 2417 495 2462 continuationem
524 2413 699 2465 visionis
727 2413 859 2468 etlam
877 2413 1068 2471 propius
1097 2412 1263 2455 exitum
1293 2413 1395 2454 belli
1427 2413 1579 2455 cernit.
1614 2436 1670 2445 —
1715 2414 1836 2455 bar-

132 2501 281 2543 bare.
342 2499 452 2552 Post
488 2485 703 2539 δτΑτιθίι
739 2476 1097 2549 Βιὸιίῥειυειυε
1140 2499 1186 2536 et
1231 2495 1435 2538 Vunrrus
1477 2495 1658 2550 Italum,
1705 2496 1834 2539 Lati-

130 2594 232 2625 num
262 2581 622 2636 interpretantur,
666 2573 888 2620 Hirmas
929 2580 1072 2619 autem
1114 2573 1228 2619 baud
1272 2576 1402 2620 dubie
1446 2578 1599 2622 melius
1638 2591 1830 2633 saevum,

130 2664 337 2708 ferocem.
397 2655 605 2715 Sequitur
634 2659 936 2702 Gonsssarus.
967 2681 1026 2690 —
1081 2659 1344 2702 Laurens
1375 2666 1636 2705 castrum.
1699 2662 1835 2704 Har-

130 2759 239 2790 mas
278 2757 364 2788 non
406 2743 517 2789 bene
557 2741 825 2784 Laurentum
867 2741 1095 2795 intelligit,
1138 2741 1395 2785 observante
1438 2745 1568 2787 etiam
1600 2745 1763 2789 Vossro
1795 2747 1833 2788 si

130 2830 367 2884 insigniore
398 2826 608 2870 vocabulo
638 2825 835 2869 Laurens
865 2831 1054 2869 castrum
1087 2825 1236 2869 urbem
1267 2824 1427 2870 dixerit
1451 2828 1700 2872 memus
1725 2830 1834 2871 Aen.

131 2910 212 2965 lx,
231 2915 291 2964 8.,
319 2910 457 2953 minus
487 2913 631 2951 tamen
657 2914 761 2963 apte
782 2906 1004 2951 Tibullum
1035 2908 1186 2951 urbem
1220 2908 1435 2952 dicturum
1466 2909 1600 2952 fuisse
1627 2914 1833 2953 castrum.

134 2999 199 3039 Ac
230 2994 413 3038 vidimus
443 2993 528 3035 iam
557 3003 689 3047 supra
717 2992 903 3047 primum
934 2994 1075 3035 locum
1111 2993 1166 3036 ab
1196 2995 1342 3036 Aenea
1373 2994 1416 3035 in
1449 2994 1594 3035 littore
1624 2994 1834 3036 munitum

131 3096 157 3124 a
184 3081 412 3125 Vaauouss
436 3079 643 3118 Laurens
664 3082 864 3117 castrum
886 3076 1061 3130 dictum,
1091 3090 1118 3120 a
1142 3078 1364 3121 Vmermo
1384 3076 1637 3118 Laurentia
1665 3083 1834 3119 castra.

133 3162 337 3215 Accedit,
367 3158 482 3215 quod
521 3157 695 3202 conficit
723 3170 840 3214 tem,
871 3159 966 3215 ipsa
998 3160 1110 3203 ratio
1140 3161 1407 3213 sententiae3
1439 3160 1706 3202 Laurentum
1737 3159 1829 3202 La-

133 3247 317 3289 tinorum
349 3249 468 3296 erat,
517 3242 685 3296 Sibylla
718 3254 770 3285 ea
803 3243 899 3286 loca
928 3250 1139 3288 memorat
1169 3249 1213 3288 et
1243 3256 1484 3287 memorare
1517 3243 1669 3296 debet,
1721 3257 1833 3298 quae

133 3342 158 3371 a
187 3326 390 3371 Troianis
419 3324 616 3379 condita,
663 3325 846 3381 primum
888 3325 1083 3370 Laurens
1124 3331 1340 3380 castrum,
1385 3327 1513 3369 etiam
1545 3326 1721 3369 Troiam
1755 3339 1834 3369 no-

134 3422 230 3453 vam
261 3408 423 3453 dictum
453 3412 585 3463 atque
627 3405 707 3452 hac
748 3419 922 3464 quoque
962 3407 1017 3453 de
1048 3421 1178 3454 causa
1207 3422 1294 3454 non
1324 3409 1711 3467 praetereundum,
1755 3407 1834 3452 de-
