2158 3750
353 248 456 295 304
741 241 1216 295 COMMENTAR.
1252 242 1329 293 ΙΝ
1368 243 1657 295 TlBULLl

354 407 502 447 nsum,
549 402 675 445 quem
707 385 775 429 hic
807 385 1006 428 Tibullus
1038 387 1198 439 tangit,
1248 385 1377 428 etiam
1406 383 1708 428 Pnopssnwms
1738 386 1810 445 ab.
1834 387 1931 432 nliis
1960 387 2049 432 iam

354 476 551 518 laudatus
582 471 709 514 offert
740 468 819 522 111,
858 470 929 521 12,
965 470 1045 510 10:
1086 465 1267 524 potabis
1297 466 1434 525 galea
1464 467 1626 525 fessus
1657 468 1832 512 Araxis
1867 485 2051 528 aquam.

354 560 454 602 Non
486 559 553 598 est
582 566 686 596 vero
715 549 800 593 sibi
821 556 976 606 portet
1007 548 1169 591 dictum
1200 562 1264 605 pr.
1293 555 1451 604 petat,
1481 549 1561 592 sed
1591 550 1849 604 cogitandus
1878 558 1945 596 est
1978 565 2052 597 se-

353 655 450 684 cum
492 644 668 695 portans
711 636 756 678 in
799 635 954 677 itinere
984 646 1139 688 aquam
1183 633 1304 676 miles
1348 634 1474 688 galea
1516 634 1732 690 pendente
1773 636 1815 678 in
1859 641 2052 691 pectore.

352 723 564 769 Portabat
594 722 722 765 etiam
754 719 914 762 cibaria
944 719 1092 771 miles,
1139 722 1189 760 ut
1227 723 1404 770 notum,
1443 717 1529 760 sed·
1555 724 1686 774 poeta
1715 718 1760 761 id
1789 732 2056 762 commemo-

354 823 451 853 rare
475 806 675 858 debebat,
708 803 824 858 quod
855 803 898 844 in
917 803 1050 858 poesi
1081 802 1308 845 iucundius
1340 807 1407 844 est
1437 802 1567 860 lectu.
1585 825 1645 833 —
1668 803 1871 846 levem.
1923 802 2054 848 Quod

354 894 398 935 in
430 890 645 934 nonnullis
674 887 794 930 libris
823 887 983 940 legitur
1012 885 1126 932 levi,
1165 887 1392 943 probatum
1423 886 1755 929 Baoncxnusm
1786 891 1832 930 et
1861 887 2056 940 Vunmo,

356 975 597 1019 sententiae
627 971 731 1015 nihil
765 969 967 1026 prodest,
1014 970 1118 1011 talia
1151 974 1296 1011 autem
1328 967 1519 1025 epitheta
1561 982 1646 1011 non
1684 967 1815 1011 habet
1843 967 2058 1011 Tibullus.

355 1060 516 1102 Veram
547 1056 778 1098 lectionem
825 1054 910 1094 iam
944 1052 1165 1094 Hermus
1198 1057 1503 1106 revocaverat,
1549 1052 1783 1096 defendens
1813 1056 1960 1095 tamen
1991 1053 2060 1095 in-

357 1145 581 1199 auspicato
611 1142 697 1183 sic:
741 1137 974 1191 „Debebat
1005 1137 1365 1178 Bnoucmwsms
1398 1141 1602 1191 reputare
1629 1149 1762 1193 saepe
1787 1135 1891 1180 addi
1918 1135 2061 1178 nomi-

357 1228 483 1270 nibus
515 1223 730 1280 epitheta,
779 1233 890 1275 quae
921 1221 973 1262 iis
1005 1221 1178 1276 propria
1209 1225 1254 1262 et
1284 1224 1497 1275 perpetua
1526 1219 1640 1272 sint,
1681 1232 1940 1274 quamquam
1972 1231 2058 1261 non

357 1309 468 1351 adeo
493 1318 691 1360 magnam
724 1304 807 1346 vim
839 1303 881 1344 iu
914 1314 967 1344 eo
999 1302 1174 1358 positu,
1204 1314 1332 1355 quem
1363 1306 1604 1357 occupant,
1636 1300 1865 1344 habeant.“
1926 1301 2058 1348 Quod

358 1394 487 1449 quale
531 1393 588 1434 sit
629 1391 758 1433 etiam
800 1386 870 1430 hic
914 1386 1069 1430 disces.
1143 1384 1382 1442 Epitheton
1413 1384 1524 1427 levis
1563 1398 1649 1428 non
1679 1385 1860 1429 eandem
1902 1385 2062 1439 ubique

358 1477 444 1518 vim
475 1473 604 1516 habet
634 1485 731 1514 cum
757 1483 868 1525 aqua
896 1469 1102 1511 iunctum.
1136 1467 1274 1510 Ovu).
1305 1469 1399 1510 Art.
1434 1468 1531 1508 Am.
1566 1467 1600 1520 1,
1629 1472 1745 1511 761:
1778 1475 1916 1525 atque
1945 1467 2063 1508 leues

357 1560 554 1599 Proteus
583 1554 709 1596 modo
739 1567 786 1595 se
817 1549 1021 1593 tenuabit
1053 1550 1101 1593 in
1129 1550 1303 1596 undas,
1331 1550 1387 1594 de
1415 1550 1580 1594 Proteo
1611 1551 1654 1593 in
1679 1552 1857 1595 fluidum
1887 1564 1936 1595 sc
1965 1563 2064 1595 mu-

358 1643 503 1692 tante,
550 1637 672 1679 vides
717 1648 844 1690 quam
888 1634 998 1676 bene
1040 1633 1272 1675 conveniat
1312 1633 1444 1675 verbo
1486 1633 1706 1677 tenuabit.
1779 1634 1880 1678 Hoc
1918 1637 2062 1676 autem
2146 1643 2150 1645 ’

360 1723 459 1765 loco
490 1719 600 1762 levis
630 1732 744 1774 aqua
775 1718 934 1761 dicitur
965 1717 1030 1760 sic
1059 1717 1215 1769 tenuis,
1256 1721 1306 1758 ut
1334 1717 1478 1758 vinum
1511 1717 1605 1760 leve
1637 1731 1703 1773 pr.
1735 1718 1856 1760 tenui
1888 1718 2062 1760 dicitur.
2118 1709 2151 1755 ,ἰ

359 1805 442 1846 Est
483 1805 595 1846 enim
636 1802 833 1858 depotu
872 1814 1016 1845 sermo
1058 1805 1103 1843 et
1144 1801 1402 1854 intelligitur
1443 1801 1540 1843 vilis
1582 1807 1735 1856 potus,
1779 1807 1830 1844 ut
1860 1802 2063 1844 STA'rms
2143 1840 2147 1841 γ

361 1888 522 1940 sensit,
567 1898 826 1942 quamquam
858 1884 895 1926 is
930 1884 1071 1939 ipsum
1103 1880 1215 1924 levis
1247 1894 1312 1938 pr.
1345 1882 1440 1924 vilis
1469 1882 1689 1938 accipiens
1719 1892 1852 1937 atque
1881 1884 1943 1925 ita
1970 1883 2065 1927 siue

364 1983 497 2012 causa
538 1983 564 2011 a
602 1969 807 2025 propiore
837 1967 1152 2021 significatione
1182 1965 1406 2010 recedens.
1468 1965 1541 2008 Tu
1569 1979 1684 2010 nuuc
1711 1967 1832 2011 vides
1856 1965 1965 2022 ¹quid
1995 1978 2066 2009 res
2135 1964 2139 1972 '

362 2054 435 2095 sit.
500 2052 612 2094 Cum
641 2052 831 2094 tenuitas
853 2050 912 2093 sit
941 2062 967 2092 e
997 2054 1150 2091 natura
1181 2062 1332 2102 aquae,
1364 2047 1586 2104 epitheton
1615 2048 1730 2091 levis
1758 2049 1858 2092 inde
1888 2049 2066 2094 ductum
2128 2039 2131 2041 ‚

362 2148 522 2178 revera
554 2147 611 2177 ex
641 2146 792 2176 eorum
823 2145 985 2187 genere
1017 2135 1084 2173 est
1113 2143 1224 2185 quae
1255 2135 1466 2186 perpetua
1497 2130 1702 2186 dicimus,
1733 2131 1811 2175 sed
1842 2133 1967 2176 aliter
1996 2138 2067 2176 ta-

365 2232 467 2262 men
499 2220 721 2270 Ovmms,
757 2217 885 2258 aliter
919 2215 1119 2257 Tibullus
1150 2215 1399 2270 usurpavit,
1437 2213 1508 2258 hic
1539 2221 1690 2271 potum
1723 2222 1894 2260 tenuem
1927 2223 1971 2261 et
2001 2219 2069 2261 vi-

370 2305 455 2345 lem
490 2302 763 2355 significans,
795 2299 869 2341 ille
899 2297 1036 2340 undas
1066 2303 1220 2341 tenues
1250 2311 1302 2341 ac
1333 2297 1530 2342 mobiles.
1589 2299 1750 2342 Restat
1779 2304 1828 2342 ut
1863 2301 2068 2344 Vossmnr
2123 2277 2127 2283 ι

377 2387 628 2439 audiamus,
675 2397 804 2440 quem
845 2383 1114 2426 Huscmaus
1157 2383 1368 2438 sequitur.
1438 2383 1526 2427 Hic
1567 2385 1756 2441 explicat
1797 2400 1980 2428 currens
2021 2393 2070 2428 ee

364 2469 484 2516 viva,
515 2469 651 2512 veluti
682 2472 750 2511 est
778 2466 964 2510 HonA'r.
991 2465 1134 2521 Epod.
1158 2465 1281 2519 XVI,
1308 2467 1366 2508 47
1378 2480 1389 2508 =
1421 2464 1645 2508 montibus
1674 2466 1795 2535 altis⁹
1813 2467 1947 2510 Levis
1973 2481 2071 2510 cre-
2113 2478 2120 2513 J

367 2557 513 2607 pante
558 2548 744 2606 lympha
789 2546 940 2589 desilit
977 2546 1111 2603 pede,
1157 2552 1202 2590 et
1237 2548 1375 2591 VIRG.
1410 2547 1506 2592 Cul.
1542 2551 1642 2592 146.
1691 2551 1830 2594 Ovm.
1859 2551 1978 2595 Fast.
2017 2551 2100 2606 V,-

365 2638 467 2678 662.
528 2633 661 2680 Haud
698 2632 827 2674 dubie
856 2631 1029 2685 quidem
1061 2629 1204 2672 hausit
1234 2637 1479 2675 currentem
1509 2645 1664 2688 aquam
1697 2636 1847 2689 miles,
1878 2636 1952 2678 ubi
1982 2651 2066 2692 po·-

366 2717 449 2760 tuit
477 2718 520 2760 in
552 2718 644 2770 via,
686 2715 766 2759 sed
799 2728 854 2758 ex
885 2727 967 2756 usu
997 2713 1202 2767 loquendi
1245 2719 1387 2756 tamen
1417 2715 1477 2757 ibi
1515 2715 1678 2758 tantum
1711 2715 1819 2760 haec
1849 2718 2069 2773 significa·-

365 2802 429 2844 tio
471 2802 655 2856 cogitari
696 2803 870 2856 potest,
913 2798 988 2840 ubi
1034 2799 1164 2840 etiam
1210 2798 1252 2840 in
1307 2799 1463 2840 ceteris
1511 2799 1674 2854 aliquid
1722 2800 1778 2843 de
1825 2815 1954 2845 cursu
2001 2805 2069 2846 est
2108 2775 2110 2782 Ι

366 2884 544 2928 dictum.
606 2885 664 2926 At
703 2884 760 2925 inv
789 2883 1011 2938 proposita
1053 2883 1296 2936 locutione,
1347 2885 1484 2926 levem
1528 2897 1684 2939 aquam
1728 2891 1928 2942 portare,
1974 2889 2069 2943 quis
2107 2883 2113 2896 ¹

367 2970 611 3017 currentem
639 2977 795 3019 aquam
826 2964 1117 3018 cogitaverit?
1180 2967 1327 3011 Quare
1358 2965 1623 3010 redeundum
1655 2974 1722 3010 est
1755 2969 1809 3011 ad
1842 2970 1909 3023 id,
1952 2969 2067 3026 quod
2100 2950 2111 3014 ‚¹

367 3065 498 3106 supra
534 3051 672 3107 posui.
747 3049 1022 3104 Explicatius
1052 3050 1142 3093 dixi
1175 3051 1229 3094 de
1262 3050 1325 3093 his
1357 3051 1516 3105 rebus,
1557 3054 1658 3107 quia
1690 3055 1732 3096 iu
1772 3054 2064 3110 epithetorum
2115 3072 2118 3074 ·
2147 3053 2158 3086 -’

369 3134 726 3188 interpretatione
746 3145 879 3186 saepe
899 3133 1011 3173 iusto
1036 3133 1375 3186 negligentiores
1398 3139 1498 3176 sunt
1522 3134 1599 3176 viri
1619 3134 1750 3178 docti.
1765 3158 1826 3167 ——
1851 3138 1901 3181 V.
1923 3141 1966 3182 9.
1985 3141 2055 3180 lo.
2122 3089 2158 3208 ἰ

371 3216 523 3259 Nexus
555 3217 900 3260 antecedentium
944 3216 1222 3260 distichorum
1263 3217 1332 3261 hic
1374 3223 1464 3261 est:
1514 3219 1722 3274 „Macer,
1765 3235 1895 3276 quem
1935 3222 2068 3266 amori
2100 3203 2158 3310 ἕ

371 3298 564 3343 deditum
586 3301 794 3352 novimus,
827 3304 967 3341 castra
996 3301 1211 3354 sequitur3
1243 3300 1346 3354 quid
1379 3301 1462 3343 iam
1492 3300 1620 3362 faciet
1646 3301 1849 3357 Cupido?
1881 3304 2067 3359 Magno·
2119 3332 2129 3364 -;·

375 3397 478 3439 pere
509 3385 678 3440 cupiam
710 3383 833 3428 scire.
897 3384 1051 3428 Utrum
1083 3386 1359 3429 comitabitur
1390 3385 1586 3429 Macrum
1618 3389 1663 3428 et
1694 3386 1862 3429 labores
1893 3387 2067 3430 militiae
2129 3387 2138 3403 ¹
