2086 3756
226 256 330 291 cxx
908 239 1005 289 DE
1046 236 1248 292 POESI

224 399 360 451 quae
402 391 526 433 sunt
567 383 667 434 alia
705 381 869 432 multa
904 379 1109 431 similia.
1179 378 1264 430 Sic
1303 380 1464 446 igitur
1499 379 1720 444 elegiaca
1753 358 1928 446 poesis

225 477 455 542 diducta,
489 477 698 528 dilatata
729 478 964 527 oratione
994 486 1151 527 utens
1184 476 1242 526 in
1275 486 1449 543 partes
1485 473 1669 527 dividit
1701 476 1930 526 suaviter

223 577 534 640 sententias;
573 592 707 642 quae
732 592 816 625 res
843 574 963 624 licet
990 574 1142 624 etiam
1166 574 1220 625 in
1249 574 1361 625 aliis
1387 574 1629 625 omnibus
1652 571 1930 638 generibus

224 682 506 737 usurpetur
560 670 754 737 passim
807 671 900 721 ubi
947 671 1307 735 commodum,
1371 672 1561 736 elegiae
1609 679 1785 721 tamen
1833 667 1930 730 uni

223 766 459 816 omnium
500 765 727 816 maxime
769 776 914 833 patet
950 769 1045 817 has
1088 765 1369 819 divisiones
1411 765 1713 818 convenire.

326 862 567 912 Alterum
601 862 803 927 insigne
839 861 1107 913 artificium
1145 860 1456 924 latitudinis,
1492 859 1636 930 quod
1668 874 1929 909 memora-

219 955 388 1008 vimus
406 994 420 1020 ,
489 957 793 1026 amplficatio
842 967 920 1008 est
965 961 1234 1009 sententiam
1283 959 1351 1007 bis
1401 965 1488 1007 aut
1536 957 1710 1023 pluries
1754 970 1928 1021 ponens

219 1052 419 1102 eandem
456 1054 560 1102 aliis
591 1054 754 1103 verbis·
835 1053 922 1104 Fit
955 1054 1057 1103 hoc
1093 1052 1241 1105 vario
1279 1050 1466 1116 modo,
1513 1052 1674 1102 veluti
1707 1049 1752 1099 si
1788 1049 1937 1117 posi-¹

219 1148 323 1200 tive
370 1158 422 1199 et
466 1149 731 1214 negative,
781 1149 997 1214 proprie
1036 1158 1086 1198 et
1126 1149 1353 1214 tropice,
1395 1146 1714 1197 indefinitius
1753 1155 1803 1194 et
1839 1142 1930 1193 de-

215 1242 411 1294 finitius
447 1242 711 1311 loquaris;
753 1243 878 1292 alias
914 1243 1220 1291 hexameter
1255 1250 1528 1307 praeparat
1563 1238 1707 1308 quod
1741 1247 1929 1305 penta-

215 1349 383 1390 meter
420 1340 712 1407 eloquitur,
762 1348 854 1389 aut
889 1336 1034 1406 quod
1070 1339 1377 1388 hexameter
1414 1335 1733 1399 enuntiavit,
1783 1344 1925 1388 novo

218 1435 571 1488 additamento
610 1437 836 1503 complet
871 1444 1218 1503 pentameter,
1267 1445 1318 1487 et
1354 1434 1447 1502 qui
1480 1443 1604 1485 sunt
1639 1432 1728 1483 alii
1763 1429 1926 1484 modi.

216 1532 315 1585 Hic
349 1533 667 1601 simpliciora
702 1531 961 1601 quaedam
1003 1531 1246 1598 exempla
1279 1546 1455 1597 pono:

356 1627 559 1681 Fictilia
596 1627 842 1697 antiquus
874 1627 1102 1695 primum
1140 1625 1242 1677 sibi
1275 1625 1397 1675 fecit
1431 1624 1644 1690 agrestis

364 1768 367 1770 -
428 1727 650 1790 Pocula,
701 1723 765 1776 de
802 1724 943 1776 facili
978 1722 1377 1791 composuitque
1412 1722 1543 1772 luto,

353 1869 443 1921 Me
483 1867 714 1919 retinent
747 1868 979 1920 vinctum
1016 1868 1276 1917 formosae
1314 1865 1486 1918 vincla
1523 1865 1760 1933 puellae,

423 1963 491 2014 Et
526 1961 683 2015 sedeo
721 1962 879 2015 duras
919 1963 1112 2015 ianitor
1148 1972 1268 2014 aute
1307 1963 1466 2014 fores.
1691 1949 1694 1951 ⁵

1005 2065 1126 2076 ——-—-

356 2101 527 2167 Quam
562 2104 742 2169 timui,
793 2122 859 2155 ne
897 2106 1033 2156 forte
1073 2116 1224 2156 tuum
1263 2121 1407 2155 mare
1444 2121 1640 2156 nomeu
1675 2103 1919 2166 haberet,

424 2201 600 2267 Atque
640 2209 730 2250 tua
766 2203 949 2252 labens
985 2201 1162 2253 navita
1197 2199 1346 2252 fleret
1384 2218 1540 2270 aqua.

350 2339 604 2392 Hostibus
641 2340 1044 2395 eveniat'viduo
1082 2341 1312 2394 dormire
1351 2341 1539 2406 cubili,

421 2436 487 2486 Et
522 2436 696 2488 medio
734 2439 853 2488 laxe
889 2455 1088 2505 ponere
1127 2440 1361 2489 membra
1397 2449 1536 2489 toro.

336 2567 429 2628 ’.Ω
469 2577 616 2643 νέοι,
667 2573 808 2633 οἷλλοέ
844 2577 1102 2653 μάχεσθε
1137 2573 1268 2650 παρ’
1307 2572 1593 2649 ἀλλήλοισι
1625 2578 1918 2648 μένοντες,

417 2668 564 2739 μηδὲ
599 2672 781 2741 φυγῆς
822 2673 1051 2746 αἰσχροῖς
1092 2669 1287 2748 ἄρχετε
1324 2670 1480 2745 μηδὲ·
1513 2668 1723 2746 φόβου,

346 2754 522 2817 Ἀλλοέ
554 2765 740 2834 μέγαν
772 2777 981 2821 ποιεῖτε
1011 2768 1105 2823 καὶ
1133 2765 1379 2839 ’ἄλκιμον
1406 2773 1469 2825 ἒν
1500 2769 1658 2841 φρεσὶ
1690 2767 1908 2842 θυμόν,

414 2858 560 2929 μηδὲ
599 2852 942 2934 φιλοψυχεῖτ’
984 2854 1226 2930 ἀνδράσι
1253 2856 1637 2933 ,ι-ιαρνοὲμενοι.

347 2996 474 3053 Αἰεὶ
511 3000 623 3069 μὲν
663 2999 868 3071 φρένας
904 2994 1053 3074 ἀμφὶ
1093 3002 1255 3058 κακαὶ
1294 3002 1535 3075 τείρουσι
1570 3003 1873 3075 μέριμναι,

420 3085 545 3149 οὐδ’
583 3087 760 3166 αὐγάς
798 3097 1085 3168 προςορῶν
1123 3097 1388 3170 τέρπεται
1423 3090 1630 3168 ἦελιόυ.

1002 3198 1120 3207 *-

346 3235 511 3307 Μηδὲ
528 3258 628 3308 ,ιι-οι
653 3233 961 3302 ἄκλαυστος
987 3234 1247 3300 θάνατος
1273 3232 1462 3310 μόλοι,
1496 3234 1636 3297 ἄλλα
1660 3241 1906 3311 φίλοισιν

417 3330 800 3405 Καλλείποιμι
838 3330 1037 3393 θανών
1079 3332 1251 3408 ἄλγεα
1288 3337 1379 3392 καὶ
1425 3334 1716 3414 στοναχάς.

2051 3169 2062 3247 -ἲΛΑ-
2052 3061 2065 3147 ῆι*
