2158 3750
694 290 876 342 LIBR.
914 291 953 340 Ι.
1027 285 1227 339 ELEG.
1263 288 1331 339 V.
1751 289 1852 333 109

150 435 408 479 commoveri
439 435 551 478 solet
579 435 771 490 graviter
802 434 1032 477 mulierum
1062 432 1228 474 animus
1267 428 1444 472 timidus
1487 431 1533 472 et
1572 426 1844 482 superstitio-

150 531 224 561 sus
255 517 499 560 huiusmodi
530 517 675 560 rebus.
751 516 840 559 Sed
871 515 1082 559 accedere
1112 514 1262 557 debuit
1293 513 1422 556 etiam
1458 511 1572 555 aliud
1605 511 1851 568 persuasio-

149 602 212 643 nis
244 615 409 655 genus3
441 605 670 656 postquam
700 598 835 652 igitur
864 602 983 639 metu
1012 597 1170 639 malam
1207 608 1379 637 causam
1411 594 1556 637 rivalis
1586 592 1847 636 labefactare

148 690 327 728 conatus
358 690 448 737 est,
494 695 624 739 porro
658 682 790 724 etiam
823 679 1024 721 utilitatis
1059 678 1227 719 ratione
1268 690 1450 719 avocare
1483 676 1668 732 puellam
1709 674 1764 717 ab
1794 687 1848 717 eo

147 781 227 809 usu
258 772 461 819 conatur,
508 777 590 821 pro
620 763 871 807 muneribus
898 762 983 804 alia
1012 761 1162 803 suavia
1193 760 1418 802 commoda
1450 765 1705 802 monstrans.
1765 760 1847 802 At-

145 863 229 904 que
259 851 319 892 ita
351 849 479 892 etiam
510 846 579 890 hic
609 845 800 902 perfecta
831 844 974 886 unitas
1006 856 1149 885 rerum
1182 847 1273 895 est,
1324 842 1489 898 optime
1519 842 1749 884 adiuvante
1779 842 1845 883 al-

143 937 240 974 tero
285 931 382 973 loco
421 930 619 971 alterum.
679 925 878 969 Vidimus
914 923 1147 967 secundam
1191 910 1371 979 pa'rtem.
1446 924 1616 978 Collige
1660 925 1846 979 denique

144 1013 284 1055 omnia
323 1024 455 1054 unum
496 990 885 1066 in‘conspectum,
929 1013 975 1051 et
1011 1007 1195 1051 videbis*
1219 1007 1547 1063 pulcherrimam
1593 1008 1844 1050 varIetatem

142 1108 288 1138 rerum
320 1100 365 1138 et
395 1094 629 1137 affectuum
658 1091 715 1134 ad
746 1105 878 1134 unum
909 1092 1039 1134 finem
1070 1089 1324 1134 suavissime
1354 1092 1685 1146 conspirantem.
1745 1095 1840 1138 Re-

140 1181 228 1221 stat
257 1181 307 1219 ut
338 1177 395 1220 de
422 1176 586 1219 ultimis
617 1172 811 1218 distichis
840 1173 1046 1218 dicamus·
1107 1172 1191 1216 Est
1221 1173 1642 1230 παρακλαυσίθυρον
1672 1187 1845 1219 carmen

138 1267 188 1304 ut
215 1261 408 1316 fingitur,
437 1261 729 1316 imposuitque
760 1258 962 1302 Tibullus
990 1258 1171 1299 ‘exitum
1202 1256 1300 1300 huic
1331 1258 1483 1313 generi
1514 1258 1638 1301 valde
1669 1271 1844 1301 accom-

138 1344 372 1387 modatum.
434 1344 545 1387 Cum
587 1344 702 1387 enim
744 1356 831 1386 uon
876 1343 1111 1400 aperiatur
1132 1343 1262 1384 ianua
1302 1342 1528 1398 precibus,
1572 1346 1711 1385 mutat
1740 1357 1842 1385 sen-

139 1429 317 1472 tentiam
364 1431 410 1470 et
451 1427 636 1470 discedit
678 1430 775 1469 cum
815 1425 1015 1468 irrisione
1061 1426 1220 1468 rivalis·
1292 1425 1513 1468 Praedicit
1550 1423 1649 1468 huic
1692 1426 1845 1468 similia

138 1512 254 1566 fata,
294 1512 468 1566 iamque
497 1509 652 1552 adesse
682 1510 744 1551 ait
776 1509 934 1551 novum
965 1511 1250 1560 tentatorem,
1291 1508 1365 1562 qui
1396 1507 1642 1564 conspirare
1664 1509 1845 1550 >occulte

139 1607 238 1637 cum
271 1594 402 1637 Delia·
437 1592 662 1647 videatur3
702 1593 857 1636 suadet
898 1591 1034 1647 igitur
1074 1593 1115 1635 ei
1154 1604 1240 1635 non
1282 1592 1374 1635 sine
1414 1591 1553 1634 ironia
1591 1598 1642 1635 ut
1684 1598 1842 1649 utatur,

137 1677 239 1719 dum
279 1677 436 1731 liceat,
479 1678 803 1733 opportunitate
845 1686 966 1718 mox-
990 1675 1198 1732 per-itura.
1269 1673 1495 1717 Erraveris
1531 1675 1844 1731 maximopere,

138 1761 175 1803 si
205 1759 358 1803 credas
398 1759 526 1803 serio·
553 1758 796 1802 valedicere
838 1758 1011 1814 puellae
1053 1757 1136 1800 hoc
1179 1757 1302 1800 exitu
1333 1757 1579 1810 Tibullum,
1628 1762 1677 1800 ut
1715 1759 1843 1814 plane

138 1841 379 1898 desperatis
421 1842 576 1895 rebus'3
621 1843 767 1896 'neque
812 1835 926 1884 euim
968 1839 1042 1894 qui
1090 1851 1170 1896 per
1210 1844 1349 1883 totam
1390 1841 1576 1895 elegiam
1617 1840 1843 1884 discidium

137 1927 292 1969 tollere
321 1931 516 1980 conatur,
545 1926 589 1968 in
620 1926 706 1968 fine
735 1919 858 1968 serio
883 1924 1129 1968 valedicere
1159 1925 1204 1967 in
1235 1928 1493 1980 perpetuum
1527 1929 1685 1980 potest.
1746 1923 1843 1968 Nec

139 2010 263 2053 Delia
305 2009 366 2052 ita
410 2008 517 2052 haec
559 2006 865 2063 intelligebat.¹
909 2008 1096 2054 Quoties
1139 2005 1255 2049 enim
1300 2005 1439 2049 dicam
1486 2005 1697 2050 similibus
1745 2018 1844 2050 cum

48 2115 52 2119 ν
137 2092 280 2135 verbis
310 2089 559 2135 discessisse
590 2103 617 2134 a
646 2088 1060 2147 'ianuis'puellarum
1078 2116 1081 2117 ν
1102 2095 1348 2143 amatores,
1390 2090 1472 2144 -qui
1513 2102 1599 2132 non
1639 2089 1713 2132 diu
1745 2097 1844 2147 post
1897 2146 1899 2148 ι

138 2175 342 2219 redirent.
412 2173 535 2218 'Audi
556 2174 705 2231 ipsum
745 2171 968 2216 Tibullum
997 2172 1056 2226 Π,
1088 2176 1132 2226 6,
1165 2174 1248 2214 13:
1295 2171 1458 2214 Iuravi
1489 2170 1694 2230 quotiens
1724 2172 1847 2213 redi-

67 2245 72 2248 *
137 2264 293 2298 turum
334 2254 398 2296 ad
435 2252 592 2298 limina
629 2254 892 2314 nunquam!
913 2264 926 2282 ‘³
957 2256 1066 2296 Cum
1103 2252 1212 2295 'bene
1241 2253 1395 2296 iuravi
1408 2265 1426 2307 ‚‘
1458 2269 1541 2311 pes
1573 2262 1723 2296 tamen
1752 2253 1846 2311 ipse

137 2340 273 2382 redit«
328 2338 419 2383 Se'd
445 2334 677 2383 videamus
717 2341 938 2396 poeticum
978 2339 1204 2382 consilium
1243 2335 1342 2381 loci.
1401 2337 1507 2380 Fuit
1549 2339 1671 2380 exitu
1715 2350 1840 2393 opus,

137 2425 210 2478 qui
250 2424 381 2466 fine-
417 2421 621 2465 idoneum
658 2423 902 2478 imponeret
942 2421 1141 2475 elegiae3
1188 2418 1257 2462 hic
1279 2418 1396 2462 'cum
1438 2421 1547 2462 alius
1592 2432 1742 2474 preces
1785 2419 1842 2461 ad

137 2507 352 2550 Venerem
384 2505 702 2561 exspectaverit
735 2487 798 2547 ‘et'
831 2509 931 2547 vota
971 2516 1051 2559 pro
1081 2515 1311 2555 successu,
1356 2507 1402 2544 et
1442 2502 1576 2544 talem
1606 2502 1734 2544 finem
1778 2501 1844 2544 af-

137 2588 355 2642 fectuum,
398 2592 530 2643 poeta
558 2592 713 2630 contra
741 2585 909 2630 irritam
939 2598 1063 2642 spem
1095 2586 1295 2638 simulat,
1328 2589 1372 2627 et
1404 2597 1459 2627 ex
1491 2583 1617 2626 simili
1653 2583 1742 2627 fato
1773 2584 1843 2626 fu-

136 2681 235 2718 turo
264 2673 409 2717 rivalis
439 2672 642 2714 solatium
669 2670 797 2726 petit,
829 2675 874 2713 et
902 2670 1006 2712 ficta
1036 2683 1136 2713 cum
1167 2669 1476 2724 tranquillitate
1504 2667 1689 2711 discedit
1718 2669 1843 2723 quie-

135 2765 219 2803 tus.
280 2757 412 2805 Quod
454 2756 652 2813 profecto
682 2768 768 2798 non
799 2759 869 2798 est
896 2759 1061 2798 temere
1090 2754 1155 2797 sic
1185 2753 1242 2796 ab
1273 2766 1326 2796 eo
1356 2753 1612 2795 institutum.
1673 2752 1844 2808 Nempe

137 2845 239 2899 post
277 2844 346 2884 tot
385 2839 586 2893 dolores,
619 2838 856 2893 querelas,
906 2837 1104 2881 lacrimas
1148 2838 1331 2893 poetae,
1382 2840 1432 2878 ut
1473 2840 1617 2878 tamen
1659 2835 1845 2890 aliquam

139 2939 321 2984 poenam
361 2926 456 2968 luat
496 2923 704 2980 perfidiae
731 2919 933 2967 ‘formosa
980 2923 1148 2977 amica,
1198 2923 1354 2966 saltem
1395 2921 1535 2978 carpit
1575 2934 1669 2964 eam
1713 2921 1846 2964 verbo

137 3014 239 3052 ante
270 3007 534 3060 discessum,
576 3006 699 3061 quasi
732 2999 859 3049 unice
891 3006 1102 3062 pecuniae
1135 3004 1284 3048 dedita
1313 3005 1419 3047 nulli
1451 3005 1625 3047 omnino
1658 3004 1744 3046 fida
1774 3005 1846 3055 sit,

139 3097 184 3135 et
213 3090 293 3134 hac
324 3089 509 3132 iucunda
549 3089 713 3132 ultione
743 3088 975 3132 contentus
1019 3089 1110 3132 abit
1150 3102 1292 3144 aequo
1327 3089 1499 3142 animo,
1541 3089 1739 3132 aculeum
1774 3101 1846 3130 re-

131 3174 333 3227 linquens
374 3171 446 3226 qui
490 3175 669 3227 pungat.
733 3170 858 3213 Haec
897 3170 1070 3215 videtur
1093 3183 1204 3213 -vera
1235 3171 1345 3214 ratio
1378 3171 1606 3216 dictorum.
1668 3171 1846 3214 Alienus

140 3255 222 3298 fuit
250 3256 347 3298 talis
378 3256 521 3298 exitus
552 3255 607 3297 ab
638 3256 751 3308 eleg.
784 3253 861 3308 11.,
900 3255 974 3299 ubi
1006 3254 1222 3299 nulla'est
1265 3256 1390 3312 culpa
1423 3257 1619 3312 puellae3
1665 3254 1734 3298 hic
1765 3268 1844 3298 au-

142 3344 234 3381 teur
262 3339 387 3394 plane
419 3338 562 3383 locum
595 3337 725 3380 habet
758 3338 927 3394 poetica
956 3338 1132 3381 iustitia.
1203 3338 1302 3381 Non
1336 3339 1589 3382 recordatus
1619 3339 1723 3380 talia
1754 3342 1847 3380 erat

144 3424 207 3466 vir
237 3422 488 3467 immortalis
521 3422 753 3477 Harmas,
789 3422 861 3478 qui
892 3422 1039 3466 nescio
1070 3434 1156 3476 quo
1187 3421 1287 3465 odio
1322 3420 1432 3464 hunc
1465 3423 1628 3464 exitum
1661 3422 1846 3471 damnat,
