2158 3750
2119 214 2152 245 Ὁ

354 263 460 316 464
759 259 1228 314 COMMENTAR.
1262 261 1340 313 IN
1375 262 1666 314 TIBULLI

473 409 528 452 V.
553 411 582 449 2
604 420 696 460 sqq.
744 404 895 447 Haec
926 403 1152 458 templa,
1185 403 1387 445 sacellum
1439 407 1556 458 puta,
1587 403 1641 446 cf.
1665 402 1816 459 Epigr.
1844 404 1899 448 II.
1926 410 1972 449 et
1994 406 2050 450 L.
2122 403 2153 463 ⁸}

353 493 466 535 inter
486 489 674 542 Priapea
698 499 764 541 ap.
791 485 1042 528 Bmmmn.
1064 507 1120 550 ἢ
1152 485 1382 527 Postremo
1409 485 1566 527 verba:
1598 485 1761 529 Hunc
1790 491 1850 530 tu
1873 509 1932 518 —-
1954 489 2053 530 sed
2123 475 2150 497 ’”

356 580 523 617 taceo
554 571 827 627 aposiopesin
857 568 1027 612 habent.
1089 556 1165 611 Sic
1210 569 1344 610 Ovm.
1386 567 1528 623 Epist.
1559 569 1659 623 XX,
1685 573 1766 612 51:
1815 571 1910 611 Nos
1942 586 2055 629 quo-
2127 547 2158 569 ι’-

358 671 442 714 que
472 679 529 687 -
559 654 638 696 sed
676 661 819 693 taceo.
879 653 1025 695 Sentis
1067 665 1172 695 vero
1216 652 1311 706 ipse
1355 651 1410 693 de
1443 654 1634 707 nequitia
1674 652 1742 696 hic
1787 655 1873 708 agi.
1935 655 2054 711 Sup-

356 737 582 792 plendum:
644 735 818 788 traiice,
867 734 1041 790 perfora
1089 738 1244 786 conto,
1294 732 1456 776 fascino
1500 722 1669 790 pedali,
1714 736 1858 780 collat.
1899 734 2052 792 Epigr.
2128 742 2139 806 ss

355 819 503 876 Priap.
533 818 612 863 XI.
644 816 852 862 XXVIII.
883 814 1175 859 LXXXVIII.
1205 827 1275 871 ap.
1303 813 1556 860 Buuumn.

770 1225 1135 1280 CARMEN
1184 1225 1639 1279 PRIAPEUM

891 1372 1035 1422 inter
1065 1373 1281 1439 Priapea
1314 1387 1397 1420 nr.
1435 1375 1523 1421 83.

681 1540 873 1599 Querela
905 1540 956 1582 de
986 1539 1186 1600 inguinis
1213 1539 1381 1584 inertia
1409 1537 1474 1582 ad
1500 1535 1734 1595 Priapum.

354 1724 588 1800 Annotat
619 1751 885 1795 Sumam:
934 1747 1015 1802 „In
1059 1747 1279 1791 veteribus
1320 1729 1492 1791 excusis
1521 1745 1683 1789 Tibulli
1710 1745 1883 1790 nomine
1913 1742 2056 1788 editur
2093 1728 2098 1733 ⁵

354 1833 438 1879 hoc
467 1835 767 1892 politissimum
800 1834 1094 1889 poematium,
1123 1833 1312 1888 itemque
1345 1833 1388 1875 in
1426 1836 1573 1874 vetere
1602 1830 1849 1873 membrana
1879 1828 2056 1882 Tibulli,

355 1930 468 1972 quae
508 1922 577 1960 est
618 1929 752 1972 penes
793 1919 838 1957 te
879 1914 1048 1957 Iaconss
1091 1914 1269 1957 Cnucl.
1332 1914 1497 1956 Totum
1530 1926 1586 1955 ex
1619 1913 1737 1969 puris
1765 1911 1919 1955 iambis
1947 1922 2057 1954 con·
2104 1915 2109 1920 ’

354 2004 456 2044 stat.
517 2000 577 2042 Et
607 2012 712 2042 sane
742 1998 922 2040 multum
954 1996 1088 2051 spirat
1118 1996 1235 2037 illam
1269 2001 1566 2047 venustatem,
1609 2006 1721 2048 quae
1751 1992 1879 2036 hodie
1913 1990 2057 2050 perci-

353 2083 472 2138 pitur
511 2082 556 2123 in
597 2081 749 2134 elegiis
791 2079 906 2120 illius
947 2077 1187 2119 suavissimi
1228 2078 1430 2132 poetae.“
1501 2076 1592 2119 Sed
1622 2081 1740 2119 recte
1770 2075 1853 2118 hoc
1883 2087 2055 2118 carmen
2104 2119 2106 2122 ,

354 2168 400 2206 et
429 2162 512 2205 hoc
542 2174 680 2217 genus
708 2172 905 2216 poeseos,
938 2163 987 2200 ut
1011 2157 1113 2210 dixi,
1144 2157 1390 2200 abiudicare
1417 2158 1616 2200 videntur
1639 2158 1815 2202 Tibullo
1837 2158 2056 2201 Bnoucx-

354 2259 518 2290 mssms
550 2250 596 2288 et
624 2244 710 2287 alii.
732 2242 884 2291 &Vide
917 2241 1047 2282 etiam
1078 2240 1383 2282 Bunmnmm
1412 2240 1455 2281 in
1486 2239 1761 2295 Anthologia.

473 2317 533 2372 V.
563 2331 584 2370 1
612 2341 676 2381 sq.
724 2325 978 2377 nuntiat,
1011 2324 1254 2379 portendit,
1284 2325 1485 2369 minatur.
1515 2348 1576 2355 —
1617 2325 1845 2368 Silente
1874 2327 2056 2377 nocte,

357 2411 678 2468 quiescentibus
709 2409 961 2452 animalibus
993 2407 1203 2449 omnibus.
1263 2407 1353 2450 Pro
1385 2407 1550 2450 ratione
1582 2407 1776 2450 locorum
1805 2419 1919 2449 nunc
1949 2417 2056 2448 con-
2091 2454 2095 2462 y

356 2496 508 2549 cubia,
553 2507 665 2538 nunc
712 2492 959 2549 provectior
1000 2502 1087 2531 nox
1129 2488 1397 2543 intelligitur.
1428 2510 1488 2519 —-
1538 2490 1592 2533 V.
1625 2493 1653 2531 6
1681 2501 1776 2543 sqq.
1835 2470 2086 2541 Placet,-¹

353 2576 605 2633 Priape?
641 2575 682 2618 h.
715 2588 753 2618 e.
783 2575 902 2616 itane
932 2572 1128 2628 Priape?
1186 2570 1376 2626 Elegans
1407 2571 1588 2614 formula
1619 2572 1663 2614 in
1694 2571 2057 2628 expostulatione,

356 2660 412 2703 de
453 2674 540 2716 qua
577 2659 677 2703 vide
707 2659 959 2701 Boanum.
1002 2657 1045 2698 in
1084 2654 1347 2710 Antbologia
1376 2655 1430 2698 ad
1463 2654 1575 2698 hunc
1605 2656 1688 2699 loc.
1720 2660 1766 2699 et
1798 2641 2081 2699 Romnum-²

355 2744 520 2786 Dictat.
551 2742 607 2784 ad
637 2741 814 2784 Terent.
854 2754 899 2795 p·
932 2741 1033 2781 131.
1095 2739 1171 2780 Sic
1200 2737 1437 2780 Mina-m..
1468 2738 1548 2791 XI,
1579 2738 1718 2794 epigr.
1753 2740 1836 2781 34:
1881 2735 2058 2780 Pierios

355 2824 480 2868 vatis
514 2823 731 2866 Theodori
764 2824 958 2880 flamma
979 2828 1170 2879 penates
1199 2818 1437 2868 Abstulit,
1487 2821 1569 2864 hoc
1609 2820 1786 2869 Musis,
1837 2820 1919 2863 hoc
1958 2818 2079 2868 tibi.

353 2905 554 2954 Phoebe,
590 2903 782 2962 placet?
839 2906 984 2960 Saepe
1023 2905 1086 2948 sic
1127 2904 1402 2947 TssussN'rms
1433 2909 1479 2947 et
1509 2905 1699 2947 Crcssno.
1727 2928 1789 2938 —
1834 2904 1936 2947 sub
1977 2896 2078 2947 at*-v

355 2987 515 3031 boris
559 3000 736 3040 coma,
781 2985 840 3030 cf.
881 2999 1012 3042 supra
1053 2985 1089 3038 I,
1131 2988 1173 3038 4,
1214 2988 1256 3029 1.
1318 2986 1432 3029 Tum
1478 3000 1542 3043 pr.
1586 2987 1885 3031 revinctus
1930 2985 2069 3036 metri,¹

357 3085 487 3115 causa
519 3071 714 3114 revincte
743 3069 943 3113 emendat
971 3070 1227 3122 Sumen,
1256 3073 1306 3110 ut
1333 3070 1390 3111 sit
1419 3069 1639 3112 vocativus
1671 3082 1750 3126 pro
1781 3070 2056 3123 nominativo,

357 3153 413 3197 cf.
449 3153 504 3196 ad
539 3153 576 3206 Ι,
606 3157 649 3206 7,
679 3156 754 3196 53.
815 3152 1012 3207 Denique
1043 3151 1099 3195 ad
1128 3151 1324 3194 Ruber
1365 3150 1419 3194 cf.
1451 3152 1488 3205 Ι,
1527 3156 1568 3206 1,
1602 3156 1672 3196 17.
1700 3175 1763 3184 -
1816 3153 1871 3197 V.
1902 3155 1932 3195 9
1960 3164 2054 3208 sqq.

355 3234 675 3291 Triphalle.
741 3236 987 3292 Τρίφαλλος
1023 3241 1071 3280 ut
1099 3232 1358 3285 Ἰθύφαλλος
1390 3240 1459 3279 est
1491 3248 1731 3290 cognomen
1761 3236 1935 3291 Priapi,
1977 3235 2054 3291 qui

355 3331 557 3373 magnum
588 3317 778 3374 phallum
809 3317 952 3362 habet.
1019 3319 1097 3361 Tri
1125 3321 1167 3362 in
1199 3319 1512 3375 compositione
1542 3323 1698 3373 auget,
1739 3317 1795 3363 cf.
1827 3318 1952 3373 plura
1982 3330 2052 3373 ap.

356 3401 607 3444 Btmnrfflu.
627 3423 688 3434 —
718 3401 867 3445 Tuas
897 3405 1025 3447 sine
1053 3406 1181 3446 arte
1213 3413 1425 3456 comas,
1455 3402 1666 3446 incomtas
1693 3405 1739 3446 et
1769 3399 1967 3446 hirsutas.
1995 3423 2051 3432 —-
2079 3431 2087 3434 -
