2158 3750
625 223 939 286 TIBULLI
1002 229 1140 286 Llss.
1179 228 1270 287 lv.
1307 241 1350 287 2.
1381 239 1424 285 3.
1807 231 1889 290 87

257 383 416 454 Urit,
476 407 572 442 seu
620 384 796 470 Tyria
840 384 1015 443 voluit
1060 384 1367 467 procedere
1412 383 1594 466 palla:

331 494 491 567 Urit,
550 517 651 555 seu
690 494 855 554 nivea
900 493 1148 556 candida
1188 494 1336 554 vesle
1381 493 1544 554 venit.

249 601 403 660 Talis
450 601 508 659 in
553 615 781 660 aeterno
825 599 957 660 felix
999 604 1345 662 Vertumnus
1393 589 1645 688 Olympo

330 707 487 767 Mille
532 707 707 768 habet
749 722 1015 782 ornatu8‚
1065 709 1218 769 mille
1265 710 1529 770 decenter
1571 708 1756 768 habet.

176 814 380 874 15Sola
424 813 746 898 puellarum
790 814 968 896 digna
1009 830 1122 889 est‚·
1173 814 1264 876 cui
1308 816 1499 876 mollia
1546 818 1692 877 caris

328 922 561 983 Vellera·
595 923 691 984 det
734 922 920 983 succis
965 923 1055 983 bis
1101 923 1417 983 madefacta
1456 925 1674 1008 TymS‚

239 1030 667 1115 possideatque,
710 1031 883 1106 metit*
913 1030 1192 1114 quicquid
1233 1031 1379 1092 bene
1413 1030 1695 1090 olentibus
1735 1032 1880 1090 arvis

316 1138 515 1199 Cultor
559 1139 829 1200 odoratae
877 1139 1032 1200 dives
1075 1139 1264 1200 Arabs
1310 1140 1548 1220 segetis>

210 1246 299 1306 ·Et
345 1271 715 1331 quascunque
756 1248 922 1330 niger
963 1248 1142 1308 rubro
1187 1248 1258 1307 de
1304 1246 1467 1307 litore
1515 1269 1764 1327 gemmas

164 1372 225 1415 20
324 1356 626 1416 Proximus
669 1356 806 1416 Eois
853 1355 1067 1437 colligit
1107 1355 1287 1416 Indus
1336 1355 1513 1437 aquis

232 1465 394 1524 Hauc
437 1488 566 1537 VOS,
610 1463 896 1536 Pierides,
942 1463 1098 1523 festis
1145 1477 1365 1523 cantate
1411 1461 1702 1533 kalendiS‚

310 1572 382 1631 Et
422 1571 741 1632 testudinea
785 1570 1019 1631 Phoebe
1061 1571 1307 1654 superbe
1353 1569 1490 1655 lyra.

230 1679 353 1739 Hoc
386 1678 636 1740 solemne
676 1703 934 1741 sacrum:
971 1678 1180 1740 multos
1213 1678 1319 1738 hoc
1348 1691 1531 1737 sumet
1575 1677 1632 1735 in
1663 1698 1874 1735 annos:

315 1788 564 1870 Dignior
603 1803 687 1850 est
729 1803 914 1850 vestro
960 1786 1114 1848 nulla
1161 1786 1351 1872 puella
1396 1787 1590 1847 choro.

694 1988 1169 2047 CARMEN
1248 1993 1341 2043 111.

215 2081 434 2193 Parce
477 2156 604 2194 meo
646 2133 854 2208 iuveni,
902 2157 1002 2195 seu
1048 2133 1174 2216 quis
1219 2131 1376 2192 bona
1420 2149 1635 2211 pascua
1680 2125 1866 2208 campi

303 2241 418 2300 Seu
463 2240 602 2302 colis
649 2242 907 2303 umbrosi
953 2242 1115 2302 devia
1162 2240 1371 2302 montis
1416 2261 1582 2320 aper,

228 2350 344 2408 Nec
391 2349 494 2408 tibi
538 2350 610 2410 sit
654 2349 831 2410 duros
877 2350 1094 2410 acuisse
1140 2349 1199 2407 in
1235 2345 1448 2430 praelia
1496 2346 1721 2415 denies,

310 2455 658 2517 Incolumem
701 2472 891 2518 custos
939 2457 1090 2517 hunc
1133 2455 1273 2516 mihi
1319 2468 1500 2514 servet
1542 2453 1734 2511 Amor.

186 2564 349 2623 SSed
393 2565 594 2647 procul
641 2566 875 2626 abducit
910 2565 1154 2625 venandi
1196 2563 1358 2623 Delia
1406 2586 1566 2622 cura:

304 2671 356 2730 O
395 2688 630 2755 pereant
675 2672 877 2746 silvae,
943 2671 1321 2757 deficiantque
1368 2672 1565 2731 canes!

269 2826 321 2868 V.
344 2829 415 2868 19.
456 2840 703 2880 gemmas
745 2828 896 2884 optimi
934 2828 1056 2880 libri,
1101 2832 1144 2870 et
1174 2827 1346 2870 omnino
1381 2829 1545 2868 tantum
1581 2835 1664 2864 nou
1697 2833 1858 2863 omnes.

151 2905 340 2948 conchae
370 2921 411 2953 c.
437 2909 570 2951 Anno
601 2910 855 2952 somena.
878 2933 936 2940 —
996 2910 1050 2952 V.
1067 2913 1140 2951 20.
1171 2909 1333 2963 aquis
1365 2912 1498 2950 recte.
1562 2905 1705 2958 Vulgo
1733 2902 1860 2959 equis

149 2987 204 3031 de
234 2990 481 3032 coniectura
509 2992 792 3045 Smmcmu,
835 2992 930 3034 sine
959 2991 1117 3034 idonea
1146 3004 1290 3034 causa.
1317 3013 1374 3021 --
1436 2989 1489 3031 V.
1508 2991 1580 3030 23.
1617 2986 1858 3039 Corruptus

147 3083 309 3115 versus.
374 3071 475 3115 lioc
508 3078 690 3116 sumet
721 3073 845 3116 codd.
874 3073 1017 3118 Enon.
1043 3080 1087 3116 et
1118 3075 1275 3117 Pnus.
1303 3074 1450 3126 sicque
1481 3069 1656 3113 omnino
1689 3073 1856 3109 veteres

147 3165 298 3197 omues
349 3155 473 3208 libri,
527 3156 795 3199 Selinuntio
841 3162 967 3199 teste.
1054 3157 1164 3197 lcaec
1207 3154 1371 3207 sumit,
1429 3154 1465 3196 si
1511 3152 1691 3194 vasio
1735 3147 1855 3199 fides,

148 3235 307 3279 Guuc.
330 3249 434 3280 vum.
495 3237 580 3280 Alii
612 3236 694 3278 Ιιοε
715 3237 888 3295 fumet,
925 3237 1003 3279 hot:
1033 3245 1243 3290 summat,
1282 3237 1362 3278 hoc
1393 3243 1558 3277 suntal.
1620 3234 1853 3285 „Fortasse

149 3318 229 3361 hoc
267 3319 483 3373 surni1e”‚
524 3319 645 3364 addit
676 3320 1020 3376 Lmnnmuus,
1065 3321 1180 3378 quod
1217 3320 1416 3375 equidem
1447 3332 1530 3362 non
1565 3316 1812 3373 spreverim.
