2086 3756
267 224 359 258 xvt
955 204 1050 255 DE
1105 204 1276 257 VITA

265 356 434 416 elegias
468 353 647 417 scripsit
690 347 913 410 mullus,
956 347 1206 397 Vratislao.
1247 351 1431 399 1831.”
1467 358 1577 400 tum
1615 368 1728 403 eam
1763 353 1964 414 factam,

265 467 380 501 cum
427 447 654 513 primum
704 453 842 495 aetas
889 442 1125 495 militaris
1175 440 1241 495 ad
1289 443 1544 512 stipendia
1591 458 1803 499 vocaret
1839 447 1964 500 ado-

262 546 536 594 lescentem
573 559 603 590 a
639 539 756 591 foco
795 539 948 591 avito,
1034 539 1156 591 Fuit
1192 550 1364 592 autem
1400 553 1539 594 aetas
1574 543 1807 595 militaris
1840 542 1964 595 inde

262 641 327 689 ab
377 653 514 687 anno
566 634 763 686 decimo
814 636 1062 702 septim0‚
1112 647 1173 688 ut
1207 647 1433 703 constat3
1483 655 1646 706 quare
1683 639 1804 690 circ.
1842 656 1964 688 ann.

262 738 384 784 712.
433 730 643 782 videtur.
685 740 897 796 penates
947 731 1248 798 reliquisse3
1297 733 1574 785 Passovius
1623 731 1833 782 dilatam
1869 732 1964 782 ali-

260 837 391 896 quot
427 842 591 876 annos
626 825 1003 892 profectionem
1037 838 1214 894 putat,
1254 839 1314 879 ut
1350 830 1467 880 circ.
1496 829 1629 879 *715-
1664 827 1846 893 viginti
1871 845 1964 878 an-

258 938 450 972 norum
486 901 782 970 adolescens
820 938 1026 972 carmen
1062 920 1345 972 indicatum
1382 923 1669 989 scripserit,
1716 921 1808 973 sed
1844 941 1964 976 cau-

256 1033 367 1067 sam
415 1014 740 1065 coniecturae
790 1013 1043 1066 desidero.
1118 1004 1258 1066 ’Post
1305 1014 1583 1068 discessum
1628 1020 1800 1086 potuit
1835 1010 1964 1070 acci-

255 1108 381 1160 dere
417 1110 541 1172 ista,
580 1126 736 1176 quam
774 1121 892 1160 ante
921 1113 1235 1174 memoravi,
1275 1114 1530 1164 calamitas
1550 1112 1783 1180 praedio.
1854 1115 1963 1164 Ab-

255 1202 499 1254 fuitsdiu.
571 1202 744 1253 Rediit
782 1214 919 1253 certe
970 1205 1086 1254 circ.
1127 1210 1248 1255 722.
1329 1205 1467 1256 Nam
1517 1208 1780 1274 equitibus
1829 1206 1964 1259 dena

255 1295 511 1364 stipendia
546 1295 782 1347 facienda
819 1306 968 1347 erant
996 1297 1218 1364 Polybio
1255 1308 1382 1350 teste
1397 1335 1411 1362 ,
1449 1298 1594 1367 quod
1633 1301 1964 1354 observatum

261 1396 371 1447 fere
407 1395 575 1444 libera
609 1394 880 1460 republica
917 1392 1162 1445 credibile
1200 1405 1290 1458 est,
1327 1393 1494 1447 donec
1529 1406 1711 1463 postea
1745 1397 1844 1448 sub
1866 1397 1964 1448 im-

253 1491 583 1559 peratoribus
648 1489 793 1540 varie
846 1498 1175 1538 mutarentur
1240 1491 1381 1555 leges
1440 1491 1689 1542 militares
1742 1492 1965 1558 priores,

254 1590 322 1638 At
371 1586 606 1639 confecta
651 1582 906 1650 stipendia
955 1584 1181 1636 declarat
1228 1584 1372 1637 haud
1422 1588 1642 1638 obscure
1688 1587 1746 1637 in
1803 1587 1964 1651 elegia

253 1684 423 1749 prima
456 1681 579 1731 libri
613 1679 797 1746 primi,
847 1695 981 1745 quae
1019 1697 1142 1730 ann.
1181 1684 1300 1730 723.
1337 1681 1554 1747 scripta,
1589 1680 1686 1730 ubi
1721 1677 1787 1731 ad
1821 1680 1964 1731 iner-

254 1788 359 1827 tem
394 1777 552 1827 vitam
587 1791 728 1826 nunc
765 1775 986 1826 transire
1023 1792 1077 1826 se
1114 1777 1246 1827 velle
1283 1785 1501 1827 testatur
1537 1794 1587 1828 v.
1626 1779 1702 1838 5.‚
1749 1791 1876 1828 mox
1911 1794 1962 1828 v.

254 1877 341 1922 25.
377 1871 506 1920 haec
542 1869 747 1920 scribit:

471 1963 582 2015 Iam
616 1962 822 2015 modico
859 1980 1075 2031 possum
1114 1974 1388 2016 contentus
1425 1966 1603 2019 vivere
1637 1966 1695 2017 in
1733 1982 1891 2031 arv0,

545 2059 656 2111 Nec
693 2078 902 2127 semper
936 2063 1122 2127 longae
1161 2060 1366 2113 deditus
1406 2079 1516 2113 esse
1551 2063 1685 2114 viae.

256 2158 463 2210 Etenim
509 2155 682 2208 redux
727 2173 755 2206 e
792 2158 941 2208 bellis
991 2159 1296 2209 innotuerat
1329 2157 1408 2208 M.
1443 2157 1660 2208 Valerio
1706 2153 1962 2206 Messalae

255 2252 520 2315 Corvino,
570 2251 655 2302 cui
699 2267 827 2301 mox
875 2252 1062 2302 eximie
1118 2253 1329 2318 placuit.
1402 2249 1647 2302 Creditur
1681 2248 1895 2319 quidem
1932 2267 1963 2299 a

255 2345 567 2415 quibusdam
604 2346 830 2396 carmine
863 2346 1201 2410 gratulatorio
1237 2345 1332 2408 IV,
1361 2350 1412 2396 1.
1444 2363 1504 2398 se
1525 2346 1650 2397 huic
1675 2345 1792 2397 viro
1819 2360 1962 2396 com-

253 2442 551 2507 mendasse,
588 2459 708 2493 eum
740 2442 784 2492 is
823 2459 946 2492 ann.
989 2447 1109 2494 723.
1148 2443 1477 2493 consulatum
1509 2441 1682 2504 iniret,
1717 2436 1809 2490 sed
1830 2435 1961 2489 illud

256 2557 464 2592 carmen
500 2539 596 2589 etsi
629 2555 816 2589 revera
843 2539 936 2588 illo
973 2548 1208 2604 tempore
1243 2537 1493 2603 scriptum
1530 2554 1561 2586 a
1596 2536 1796 2586 iuvene,
1827 2547 1962 2601 quo-

257 2631 401 2697 dam,
440 2633 559 2700 qui,
595 2642 655 2683 ut
691 2633 780 2684 alii
811 2633 988 2696 multi,
1035 2644 1240 2700 partem
1289 2648 1535 2698 agrorum
1578 2630 1960 2698 proscriptione
2019 2678 2022 2680 ,

163 2744 178 2752 ”
254 2729 508 2792 amiserat,
544 2727 755 2778 Tibullo
780 2728 943 2777 tribui
966 2743 1078 2777 non
1103 2725 1295 2777 debere
1324 2727 1463 2777 infra
1490 2728 1547 2776 in
1571 2722 1960 2776 introductione

255 2824 587 2892 explicationi
616 2824 870 2890 poematis
905 2825 1189 2890 praemissa
1225 2822 1466 2873 disertius
1503 2818 1738 2872 ostendo.
1822 2814 1960 2868 Illud

251 2937 462 2983 verum,
501 2919 689 2969 eximie
722 2918 978 2990 placuisse
1012 2928 1221 2985 poetam
1255 2916 1538 2980 Messalae,
1575 2933 1608 2966 a
1638 2931 1745 2983 quo
1781 2914 1861 2965 bis
1893 2911 1961 2964 ad

254 3016 550 3066 societatem
585 3014 710 3065 belli
742 3014 990 3066 invitatus
1027 3025 1130 3078 est,
1176 3024 1238 3065 ut
1266 3023 1574 3066 versaretur>
1609 3013 1666 3062 in
1713 3010 1959 3061 comitatu

256 3111 366 3161 eius
403 3119 454 3160 et
489 3107 630 3159 dona
672 3107 914 3159 nm'litaria
958 3119 1277 3174 mereretur,
1333 3124 1439 3175 quo
1482 3117 1589 3158 tam
1637 3104 1960 3155 familiariter

254 3221 378 3254 usus
417 3213 496 3254 est
532 3219 701 3270 usque
744 3199 812 3252 ad
853 3201 1012 3252 finem
1050 3202 1216 3267 vitae,
1264 3213 1324 3252 ut
1346 3197 1508 3252 'suum
1549 3198 1684 3251 d'icat
1720 3209 1772 3248 et
1810 3214 1958 3263 egre*

253 3298 345 3363 giis
380 3298 692 3351 carminibus
735 3297 1074 3351 celebraverit
1102 3299 1277 3366 ipsum
1303 3308 1354 3348 et
1385 3297 1564 3349 filium.
1634 3296 1699 3346 Et
1727 3293 1956 3361 primum
