2158 3750
311 301 378 350 54
703 293 1171 349 COMMENTAR.
1208 294 1282 345 IN
1320 293 1608 344 TIBULLI

309 450 382 505 qui
426 463 510 493 non
553 450 627 492 diu
668 453 766 491 ante
807 447 862 490 ad
903 445 1010 489 illud
1050 447 1210 490 bellum
1253 447 1411 489 abiisse
1442 444 1629 488 videtur.
1687 447 1850 490 Verum
1879 444 2012 496 dicem,

309 548 395 589 quo
426 535 518 576 iure
550 534 775 585 Tibullus,
820 532 894 586 qui
924 532 1019 587 ipse
1051 531 1181 574 etiam
1223 544 1341 574 arma
1382 535 1558 572 secutus
1589 534 1708 584 erat,
1750 543 1864 573 nunc
1901 528 2013 571 hunc

309 620 497 658 accusat.
560 615 705 656 Credo
736 613 853 669 quod
884 614 979 670 ipse
1008 613 1173 656 abierat
1202 614 1245 656 in
1276 618 1447 668 tempus
1478 611 1590 653 haud
1619 613 1821 666 longum,
1853 610 2012 654 cedens

308 698 524 740 amicitiae
554 697 801 750 Messalae,
848 695 916 739 hic
946 694 1074 739 homo
1104 701 1248 739 autem
1287 696 1329 737 in
1361 700 1620 751 perpetuum
1649 693 1884 748 reliquerat
1925 692 2013 734 De-

308 782 407 824 liam
438 782 608 824 cumin
636 781 795 823 bellum
827 781 924 823 iret.
954 803 1012 829 ·-,-
1052 781 1107 825 V.
1139 783 1212 823 73.
1255 781 1380 836 ipse
1421 779 1599 822 boves
1643 778 1858 834 possim
1892 778 2012 820 iun-

308 875 460 916 gere.
535 863 669 906 Vides
715 862 895 919 pulchre
941 864 1074 908 celeri
1120 877 1233 919 equo
1280 864 1443 920 opponi
1489 863 1623 905 boves
1667 861 1827 904 tardos.
1905 861 2015 903 Mox

308 945 438 987 lectIo
469 945 641 999 quidem
673 945 715 986 si
746 950 837 998 est,
884 958 1013 1000 quam
1043 951 1275 1002 propterea
1317 945 1508 988 restituit
1544 945 1891 996 Lmnmmnus,
1938 943 2016 986 sed

308 1033 520 1074 sententia
551 1031 725 1074 minime
755 1031 924 1087 placet:
955 1030 1038 1073 Ille
1068 1031 1172 1072 licet
1205 1029 1386 1083 gloriam
1418 1033 1464 1072 et
1493 1028 1665 1071 divitias
1699 1029 1891 1082 colligat,
1922 1027 2016 1082 ipse

308 1116 346 1158 si
387 1116 518 1159 modo
560 1116 695 1158 boves
735 1129 832 1158 cum
864 1115 989 1158 Delia
1019 1115 1200 1168 iungere
1236 1114 1414 1169 possim.
1476 1113 1615 1158 Quasi
1657 1117 1858 1167 tanquam
1897 1123 2016 1154 sum-

307 1213 421 1243 mam
452 1200 703 1243 felicitatem
735 1204 859 1255 optet
891 1204 936 1242 et
966 1199 1112 1253 cupiat
1142 1197 1278 1240 boves
1309 1210 1407 1239 cum
1437 1197 1582 1252 puella
1614 1197 1818 1251 iungere!
1879 1196 2016 1238 Immo

308 1281 391 1326 hoc
421 1282 506 1324 nit:
555 1282 656 1337 Ipse
683 1282 747 1323 ita
777 1285 823 1324 te
853 1294 976 1334 amo,
1004 1286 1054 1324 ut
1083 1281 1119 1322 si
1159 1292 1340 1322 necesse
1365 1279 1450 1333 eit,
1480 1279 1616 1322 boves
1645 1276 1824 1334 iungere
1856 1278 2018 1335 possim

309 1369 355 1408 et
386 1347 520 1422 pecus
551 1378 748 1421 pascere,
776 1364 1010 1408 dummodo
1040 1363 1124 1406 sim
1155 1370 1312 1407 tecum.
1376 1365 1524 1410 Quare
1547 1376 1628 1406 nec
1649 1365 2018 1408 thnssumcmr

307 1449 447 1505 probo
477 1449 735 1493 sententiam
766 1448 1116 1504 interpretantis:
1162 1448 1199 1490 si
1242 1451 1386 1489 tecum
1430 1446 1559 1490 modo
1591 1445 1634 1489 id
1666 1445 1834 1489 faciam.
1905 1445 2017 1489 Nam

308 1531 434 1586 vide,
481 1532 616 1575 boves
655 1533 838 1587 iungere
879 1532 1048 1574 Deliam
1090 1543 1178 1574 una
1219 1543 1366 1573 secum
1408 1535 1454 1572 et
1493 1528 1620 1572 huius
1658 1529 1820 1572 laboris
1849 1534 2016 1585 partem

307 1614 447 1670 ferre,
488 1614 570 1658 hoc
601 1616 739 1657 noluit
767 1625 982 1668 unquam,
1027 1618 1073 1655 et
1101 1613 1232 1666 longe
1264 1612 1348 1654 alia
1378 1617 1478 1654 sunt
1508 1625 1560 1654 ea
1590 1611 1794 1666 negotia,
1827 1624 1940 1666 quae
1975 1612 2015 1654 in

307 1700 456 1754 quinta
500 1700 642 1753 elegia
683 1705 976 1741 recensentur.
1048 1697 1198 1742 Quare
1244 1697 1374 1738 etiam
1423 1694 1486 1736 sit
1530 1703 1676 1737 tecum
1721 1695 1810 1750 legi
1853 1696 2015 1750 nequit.

307 1781 439 1825 Dicas
471 1781 655 1836 denique
684 1795 770 1824 non
802 1782 914 1824 bene
943 1781 1204 1824 collocatum
1235 1793 1331 1823 esse
1362 1779 1446 1820 sim
1476 1783 1578 1822 ante
1609 1786 1778 1824 tecum,
1817 1793 1870 1822 ac
1898 1780 2018 1822 Vos—

309 1876 406 1906 sms
449 1865 633 1908 mutavit
674 1865 785 1908 adeo
826 1865 1020 1908 ordinem
1063 1865 1322 1918 verborum,
1364 1871 1510 1904 tecum
1541 1861 1668 1904 modo
1696 1861 1780 1904 sim
1809 1863 2017 1916 scribens,

308 1945 387 1988 sed
418 1939 642 2001 profligari
683 1960 812 2003 posse
851 1947 1022 1989 videtur
1055 1945 1162 1989 haec
1200 1946 1403 1988 obiectio.
1464 1945 1576 1989 Nam
1609 1957 1706 1988 cum
1735 1945 1818 1988 iste
1849 1950 2016 1989 amator

309 2026 558 2081 reliquisset
594 2028 764 2070 Deliam
795 2041 923 2082 quam
966 2032 1118 2083 posset
1151 2026 1334 2080 habere,
1378 2028 1500 2083 ipse,
1545 2027 1629 2081 ait,
1669 2027 1806 2071 boves
1834 2029 2017 2083 iungere

307 2108 486 2163 possim,
517 2109 554 2151 si
585 2109 716 2152 modo
746 2108 927 2152 habeam
952 2115 996 2152 te
1027 2114 1073 2152 et
1103 2108 1223 2151 fruar
1256 2122 1350 2162 usu,
1381 2121 1468 2163 quo
1498 2109 1584 2152 iam
1615 2109 1690 2152 diu
1719 2123 1852 2164 aegre
1883 2123 2014 2153 careo

309 2192 460 2246 (menn
489 2192 564 2234 ich
593 2206 682 2235 nur
709 2193 908 2235 wirkliclz
940 2193 1042 2235 clich
1071 2192 1216 2235 haben
1248 2193 1406 2248 kann).
1467 2194 1544 2236 Sic
1587 2198 1707 2236 recte
1750 2191 1882 2235 habet
1922 2193 2015 2236 col-

306 2274 480 2318 locatio.
504 2297 561 2307 —
589 2275 642 2318 in
672 2277 823 2329 solo,
854 2274 894 2317 11.
921 2289 960 2318 e.
990 2276 1201 2328 solitario,
1230 2275 1369 2318 Vme.
1401 2277 1507 2316 Aen.
1538 2274 1618 2327 XI,
1638 2277 1742 2317 571.
1776 2276 2014 2317 Pnopan‘r.

306 2355 366 2408 Il,
400 2359 471 2408 19,
503 2361 546 2399 7.
591 2357 648 2400 cf.
676 2358 920 2401 BRothKu.
952 2355 992 2399 h.
1031 2357 1058 2399 l.
1091 2361 1136 2399 et
1167 2357 1412 2398 DRAKENB.
1443 2362 1488 2399 et
1516 2357 1731 2399 Burnum.
1765 2356 1819 2399 ad
1850 2356 1930 2400 Sil.
1962 2357 2015 2400 lt.

305 2437 385 2492 111,
417 2441 520 2483 429.
594 2440 676 2483 Est
706 2441 836 2484 etiam
866 2442 910 2484 in
953 2454 1083 2498 prosa
1113 2441 1311 2483 oratione
1352 2440 1596 2493 interdum,
1636 2446 1687 2483 ut
1718 2440 1865 2485 Coun.
1898 2439 2014 2484 Nur.

306 2519 490 2564 Eumen.
526 2523 648 2576 VIII,
677 2528 720 2570 6.
784 2525 1016 2579 Degebant
1058 2526 1140 2568 soli
1171 2526 1215 2567 in
1246 2524 1463 2567 montibus
1504 2529 1700 2580 pastores
1739 2538 1837 2567 cum
1873 2538 2012 2579 grege

305 2616 403 2657 suo,
433 2610 482 2647 ut
504 2612 689 2662 constat,
719 2609 907 2665 separati
938 2610 1050 2652 alter
1078 2610 1133 2652 ab
1156 2610 1308 2652 altero.
1348 2609 1529 2651 Lectio:
1561 2607 1607 2649 in
1637 2606 1769 2655 solito
1787 2610 1926 2651 aliena
1947 2614 2015 2652 est

307 2687 363 2728 ab
395 2687 478 2732 hoc
510 2691 631 2743 loc03
680 2705 822 2747 neque
852 2695 967 2736 enim
999 2695 1228 2750 peregrino
1261 2695 1356 2736 solo
1396 2693 1581 2749 patrium
1614 2693 1794 2748 opponit
1821 2699 1872 2735 ut
1899 2693 1935 2746 I,
1975 2697 2011 2746 l,

307 2772 380 2813 46.
423 2777 498 2814 aut
530 2774 668 2816 Vme.
702 2776 810 2817 Aen.
841 2775 920 2828 IX,
953 2778 1069 2828 214,
1100 2775 1177 2818 sed
1205 2775 1366 2817 divitiis
1396 2762 1723 2831 paupertatem,
1753 2780 1798 2817 et
1831 2775 1940 2829 luci,
1968 2775 2010 2818 in

305 2865 391 2906 qua
421 2859 588 2898 amator
618 2856 728 2910 iste,
771 2858 1044 2902 solitudinem
1078 2860 1359 2915 pastori-tiam.
1423 2861 1549 2905 Quae
1582 2872 1661 2915 per
1689 2863 1830 2902 totum
1863 2861 2007 2903 locum

305 2936 491 2979 tenenda
533 2940 754 2994 oppositio
793 2944 874 2982 est.
905 2963 966 2972 —
1016 2945 1070 2983 et
1116 2945 1184 2984 te.
1246 2941 1374 2984 Nunc
1415 2946 1640 2985 accentum
1679 2939 1938 2984 rhetoricum
1970 2942 2011 2984 in

306 3021 560 3074 pronomine
601 3023 745 3078 posuit
774 3025 991 3078 suaviter,
1031 3025 1132 3080 quia
1170 3025 1330 3068 inculta
1362 3024 1515 3068 liumus
1546 3026 1790 3081 opponitur.
1851 3027 1909 3068 At
1939 3038 2010 3067 se-

306 3101 492 3145 cundum
524 3111 747 3148 accentum
782 3110 1026 3151 necessario
1058 3109 1193 3150 liceat
1225 3109 1370 3163 habet,
1404 3111 1515 3153 male
1547 3110 1602 3152 ab
1633 3110 1727 3151 aliis
1759 3113 1858 3164 post
1888 3116 2009 3150 tene-

304 3183 368 3224 ris
411 3186 611 3239 positum.
644 3211 703 3220 --
751 3192 998 3245 teneris,
1045 3192 1099 3234 cf.
1144 3193 1198 3235 ad
1240 3193 1276 3246 1,
1324 3197 1362 3245 l,
1396 3196 1470 3236 46.
1543 3192 1776 3235 Confertur
1817 3197 2008 3235 ceterum

306 3269 558 3311 ANACREON
592 3270 804 3326 XXXlX,
846 3278 926 3317 18:
975 3272 1384 3334 α’γκάλαιςᾞούρην
1424 3277 1628 3329 κατέχειν.
1666 3298 1724 3307 -
1772 3275 2008 3326 inculta,

305 3351 540 3393 Pnopmmu
575 3352 609 3405 1,
645 3357 711 3406 18,
746 3359 829 3400 28:
861 3365 907 3399 et
940 3359 1080 3402 datur
1109 3360 1283 3402 inculto
1313 3359 1497 3402 tramite
1529 3359 1645 3406 dura
1677 3358 1816 3417 quies.
1861 3359 2006 3414 ¹Wtffl-

306 3445 584 3476 nuumcuws
616 3436 783 3481 confert
819 3436 1040 3499 ἰέστρωτον
1070 3444 1197 3485 πέδον
1229 3443 1395 3490 Eume.
1427 3443 1558 3487 Herc.
1592 3443 1673 3487 fur.
1705 3446 1777 3486 52.
1810 3465 1868 3475 -
1917 3443 2006 3486 Po-

2137 1188 2158 1600 Ξ

2141 1619 2158 1738 {J

2120 1744 2158 1850 ἐῖ
