2158 3750
643 246 827 300 LIBR.
861 248 954 299 IV.
1027 246 1243 300 CARM.
1276 248 1343 300 Π.
1742 254 1846 304 429

147 389 336 446 puellam
366 387 448 432 hae
480 388 631 432 laudes
659 387 872 443 dicuntur,
912 388 1029 444 quod
1062 390 1201 433 minus
1232 394 1460 435 venustum
1490 390 1658 446 fuisset,
1686 394 1763 436 sed
1793 399 1842 438 ιιι

148 473 281 528 vulgo
310 477 490 516 vocatur
517 473 562 515 in
585 472 711 515 festis
742 471 873 525 deus,
910 473 974 515 sic
1004 485 1117 515 nunc
1147 473 1192 516 in
1222 473 1468 518 exordio
1497 474 1620 518 Mars
1649 480 1843 531 vocatur,

146 561 197 599 ut
226 557 368 599 veniat
408 559 650 611 spectatum
687 555 801 598 sesto
841 553 925 598 hoc
955 554 1027 599 die
1059 556 1295 612 Sulpiciam
1331 557 1673 611 ornatissimam,
1714 563 1846 614 atque

148 642 210 684 ita
241 641 280 684 ei
310 642 354 683 in
382 640 570 684 medio
600 641 854 684 carmine
882 639 1090 683 describit
1118 639 1478 697 pulchritudinem
1511 643 1696 698 puellae,
1727 644 1844 699 quod

146 724 282 766 sentis
313 723 475 779 optime
504 723 814 777 excogitatum.
873 722 1119 779 Descriptio
1157 723 1251 779 ipsa
1294 737 1449 778 magna
1493 726 1710 780 elegantia
1751 728 1846 784 pla-

145 809 231 847 cet.
291 805 459 848 Deinde
498 805 604 847 illud
647 804 778 847 etiam
819 803 1030 857 observa,
1077 817 1174 846 cum
1217 817 1396 849 munera
1433 807 1618 851 dubitari
1657 815 1846 865 nequeat

142 889 269 931 simul
312 889 468 943 missa,
518 901 648 943 quam
689 875 914 942 praeclaro
954 885 1116 929 iudicio
1155 893 1287 943 poeta
1327 886 1434 933 haec
1473 891 1646 945 quidem
1688 898 1850 948 taceat,

142 971 290 1013 laudet
336 983 441 1013 vero
489 971 676 1026 puellam
724 975 930 1025 tanquam
983 983 1089 1027 prae
1138 973 1298 1015 ceteris
1345 973 1519 1028 dignam
1567 978 1844 1022 ornamentis.

142 1053 322 1096 Discant
351 1067 379 1096 a
414 1054 616 1096 Romano
647 1057 776 1109 poeta
807 1053 909 1108 quid
941 1052 1121 1107 deceat,
1168 1055 1241 1109 qui
1282 1053 1410 1098 hodie
1446 1058 1659 1100 natalibus
1691 1058 1844 1103 diebus

141 1136 294 1191 puellis
335 1136 426 1178 suis
469 1137 657 1179 carmina
698 1135 874 1178 mittunt
918 1147 1019 1178 cum
1061 1134 1200 1179 donis.
1259 1136 1467 1182 Exitus
1511 1138 1696 1194 denique
1736 1146 1838 1184 vota

142 1216 296 1271 habet,
326 1224 377 1261 ut
406 1220 567 1263 multos
597 1219 641 1264 in
670 1231 806 1263 annos
837 1219 1087 1263 celebretur
1117 1219 1201 1265 hoc
1230 1219 1414 1276 sestum3
1450 1223 1665 1267 sententia
1695 1224 1741 1268 in
1771 1228 1840 1268 ta·
1871 1247 1876 1253 -

139 1300 251 1344 libus
282 1301 488 1356 legitima.

762 1662 1212 1717 EXPLICATIO.

257 1875 311 1918 V.
346 1876 468 1917 1-4.
529 1874 833 1918 Introitus.
897 1856 1087 1919 verba
1137 1875 1201 1919 ad
1255 1877 1492 1922 Martem
1542 1880 1719 1937 fiunt,
1781 1891 1840 1928 ut

134 1960 259 2015 ipse
300 1962 627 2016 spectatum
668 1972 695 2002 e
737 1958 902 2002 caelo
942 1960 1139 2003 veniat
1170 1962 1600 2009 ornatissimam
1632 1967 1840 2012 Kalen-

133 2043 222 2086 dis
260 2045 384 2086 suis
423 2043 685 2098 puellam.
1787 2096 1789 2101 1

251 2127 307 2170 V.
343 2128 367 2168 1
400 2139 498 2180 sqq.
547 2125 844 2182 Sulpicia,
874 2125 1015 2167 Servii
1046 2125 1228 2182 Sulpicii
1259 2127 1362 2180 filia,
1394 2128 1449 2171 cf.
1487 2133 1560 2185 lo,
1592 2134 1634 2175 4.
1669 2132 1723 2175 de
1754 2148 1840 2189 qua

134 2209 234 2252 vide
280 2222 393 2264 quae
437 2209 626 2253 diximus
668 2210 714 2252 in
758 2210 860 2253 Vita
901 2194 1079 2253 Tibulli.
1155 2209 1436 2255 Nobilitatem
1482 2216 1624 2268 gentis
1671 2222 1841 2260 constat

136 2305 347 2335 summam
377 2292 528 2336 fuisse.
587 2293 741 2336 Puella
780 2298 845 2335 ut.
871 2292 1050 2349 pulchra
1088 2295 1255 2349 figura,
1297 2295 1357 2338 ita
1388 2298 1508 2340 culto
1537 2298 1620 2341 fuit
1649 2301 1840 2355 iugenio,

134 2381 177 2431 6,
207 2381 278 2431 2.,
306 2378 352 2421 ἰιι
378 2390 526 2421 amore
555 2381 701 2420 antem
733 2378 878 2434 paullo
908 2377 1101 2420 calidior.
1134 2401 1194 2410 —
1253 2384 1342 2422 est
1386 2381 1496 2423 tibi
1539 2385 1721 2438 culta,
1766 2399 1841 2429 or·-

134 2462 252 2504 navit
279 2475 328 2504 se
357 2460 535 2518 pulchre
564 2462 606 2504 in
633 2466 756 2505 tuum
784 2460 1006 2515 honorem,
1037 2462 1092 2505 cf.
1114 2461 1223 2504 infra
1242 2467 1284 2517 6,
1309 2468 1355 2506 3.
1388 2465 1572 2508 Hom'r.
1599 2467 1633 2520 l,
1657 2471 1700 2522 5,
1722 2471 1834 2512 4.--

134 2547 181 2588 si
226 2547 409 2601 sapis,
459 2546 497 2588 si
527 2546 606 2588 tibi
637 2547 849 2603 prospicis
881 2552 926 2590 et
955 2546 1180 2590 commoda
1212 2552 1286 2590 tua
1328 2549 1465 2602 nosti,
1513 2547 1693 2594 habebis
1724 2553 1837 2595 enim

134 2628 389 2685 adspectum
419 2626 767 2684 pulcherrimum.
828 2629 896 2671 lta
928 2629 1350 2672 Wmvnnnmcnms.
1414 2631 1472 2673 At
1503 2631 1722 2676 Harmas
1754 2635 1837 2677 mi-

134 2723 214 2753 nus
245 2724 346 2754 vere
377 2712 593 2767 explicat,
636 2712 675 2754 si
711 2710 918 2754 iudicium
950 2715 994 2753 et
1024 2724 1197 2754 sensum
1230 2713 1476 2766 elegantiae
1519 2711 1677 2768 haba,
1725 2728 1838 2770 quae

134 2795 392 2849 significatio
438 2796 535 2838 aliis
584 2796 694 2839 locis
741 2796 955 2838 convenit.
1001 2818 1060 2828 —
1125 2796 1241 2839 Hoc
1299 2797 1494 2840 Venus
1549 2798 1840 2853 ignoscet,

136 2885 316 2934 propter
359 2891 567 2921 summam
610 2879 782 2934 puellae
821 2877 1195 2934 pulchritudinem.
1270 2878 1511 2922 Confer-unt
1554 2880 1839 2923 Bnoucxmr-

134 2974 232 3003 sms
265 2966 310 3003 et
340 2961 558 3003 Hermus
590 2961 790 3016 Propert.
819 2960 876 3012 ll,
905 2964 980 3014 28,
1009 2964 1093 3004 33:
1137 2962 1238 3002 Hoc
1265 2958 1349 3002 tibi
1379 2961 1451 3003 vel
1475 2962 1646 3018 poterit
1678 2963 1838 3005 coniux

133 3046 359 3103 ignoscere
391 3047 532 3091 luno,
582 3045 656 3087 ubi
687 3044 882 3099 luppiter
912 3049 1061 3086 oratur
1102 3050 1152 3087 ut
1181 3051 1404 3088 succurrat
1436 3046 1648 3100 Cynthiae
1679 3061 1841 3103 aegro—-

134 3131 255 3173 tanti.
318 3130 483 3171 Tamen
515 3129 603 3171 illic
633 3128 768 3170 tristis
798 3140 955 3180 causa,
1003 3140 1114 3169 nunc
1147 3125 1292 3170 hilaris
1325 3128 1464 3171 oratio
1497 3134 1588 3182 est,
1632 3143 1712 3172 nec
1743 3131 1837 3173 sine

134 3213 285 3268 lepore
316 3213 432 3254 dicta
463 3216 564 3252 sunt
595 3209 700 3254 haec
731 3210 876 3253 verba.
950 3210 1153 3252 Ceterum
1185 3211 1367 3253 observa
1400 3213 1593 3256 ultimam
1628 3215 1837 3268 syllabam

134 3309 174 3341 v.
208 3296 406 3354 ignoscet
438 3295 716 3351 productam,
763 3294 818 3338 de
849 3308 932 3350 qua
963 3307 1011 3337 re
1041 3294 1223 3337 vidimus
1255 3294 1308 3336 ad
1340 3295 1375 3348 I,
1410 3299 1480 3349 10,
1515 3300 1584 3340 13.
1617 3321 1676 3328 —-
1721 3298 1837 3339 vio-

134 3382 316 3436 lente,
359 3381 557 3427 similiter
584 3375 743 3434 βιατιὲς
776 3375 917 3439 ’Ἀρης
959 3379 1116 3424 dicitur
1146 3381 1361 3425 Pmmno
1393 3381 1522 3438 Pyth.
1554 3383 1590 3437 J,
1624 3386 1722 3437 10.,
1764 3382 1836 3427 ubi
