2158 3750
670 282 855 335 LIBR.
895 282 989 333 ΠΙ.
1060 276 1262 331 ELEG.
1297 278 1390 331 ΠΙ.
1778 284 1878 330 339

182 438 295 469 nunc
342 425 516 482 proprie
563 423 680 468 dicet
728 424 898 468 clarius,
980 423 1205 466 Hssmsms
1250 420 1365 477 quod
1407 419 1594 464 coniecit
1637 418 1695 463 ad
1740 421 1876 467 Ovm.

180 506 327 564 Epist.
356 507 499 563 XVII,
534 510 634 552 194.
669 514 869 555 canunt,
897 506 1017 551 vides
1047 508 1174 564 plane
1204 507 1391 549 alienum
1422 517 1533 549 esse.
1565 526 1623 534 -—
1666 504 1756 548 Me
1787 517 1878 549 vo·-

179 597 285 635 cet.
346 592 429 635 Est
458 592 637 636 verbum
666 592 819 635 mortis
848 595 893 634 et
922 591 1136 644 satorum,
1168 590 1226 634 cf.
1257 590 1557 633 Bnoucrfflus,
1587 587 1642 631 ad
1675 589 1879 646 Propert.

179 673 215 726 Ι,
248 676 319 727 14,
351 676 422 716 14.
454 695 516 706 —
562 677 760 717 vastos
791 685 1006 726 amnes,
1047 684 1229 725 quorum
1261 676 1382 714 vasta
1413 670 1695 727 profunditas.
1737 671 1879 717 Vme-

179 760 290 800 Aen.
321 757 398 811 VJ,
429 760 546 800 2952
591 755 818 799 Turbidus
857 754 931 797 hic
972 769 1102 796 coeno
1134 752 1382 809 (Acheron)
1413 760 1636 812 vastaque
1665 753 1879 812 voragine

175 854 347 897 gurges
375 839 598 883 Aestuat.
650 839 874 883 Annrnov.
904 838 962 892 11,
993 841 1047 881 6:
1086 838 1192 880 ratis
1229 839 1279 878 It
1307 836 1426 879 redit
1454 836 1502 879 in
1530 844 1683 879 vastos
1712 851 1882 895 semper

177 928 347 963 onusta
375 919 521 962 lacus.
552 942 616 953 —
655 921 872 975 nigram
904 918 1173 976 paludem
1203 932 1290 962 non
1322 918 1564 974 Cocytum,
1605 924 1653 963 ut
1683 921 1878 964 Vossius

178 1003 271 1046 vult
311 1002 367 1044 ad
408 1001 549 1046 Vmor.
589 1002 759 1057 Georg.
788 1001 867 1054 lv,
897 1003 1031 1055 478„
1080 999 1160 1043 sed
1191 998 1482 1044 Acherontem
1511 1001 1722 1056 intellige.
1782 1000 1880 1046 Nee

175 1091 326 1129 contra
368 1086 502 1129 libros
541 1098 641 1129 cum
672 1084 828 1128 eodem
859 1097 925 1142 pr.
957 1085 1018 1129 iu
1048 1085 1215 1129 scribes
1245 1084 1321 1130 ad.
1380 1084 1464 1127 Est
1493 1085 1601 1127 illud
1630 1085 1877 1140 significan-

174 1169 262 1211 tius
305 1167 385 1212 hic.
461 1167 673 1211 Conferes
715 1172 862 1212 autem
907 1169 1135 1212 Ammov.
1180 1168 1325 1212 locum
1368 1167 1497 1212 modo
1541 1168 1776 1212 laudatum.
1820 1192 1879 1200 —

174 1251 286 1294 Mox
317 1259 386 1293 est
415 1251 601 1293 Orcus
629 1250 793 1305 Pluto,
838 1249 894 1294 cf.
927 1251 1027 1296 Cro.
1059 1250 1233 1295 Verria.
1263 1251 1342 1304 IV,
1371 1253 1445 1293 50.
1488 1251 1630 1295 Smw.
1666 1251 1722 1294 ad
1752 1251 1880 1306 virg.

175 1336 287 1380 Aen.
319 1335 397 1391 vl,
426 1339 532 1379 275.
576 1335 732 1379 Bou.
762 1335 821 1378 nd
851 1336 1036 1380 Sueton.
1068 1333 1230 1378 Neron.
1261 1337 1334 1377 39.
1395 1333 1488 1376 Res
1518 1338 1634 1378 nota.
1695 1333 1739 1377 Is
1769 1346 1882 1390 quo-

178 1419 311 1464 modo
352 1420 411 1463 sit
450 1419 598 1474 diva,
648 1419 826 1462 cronno
869 1419 978 1462 dicit
1015 1418 1074 1462 de
1116 1417 1218 1463 Nat.
1259 1419 1392 1461 Deor.
1424 1419 1482 1473 ΙΙ,
1512 1421 1587 1462 26.
1661 1419 1728 1462 Ac
1767 1432 1880 1463 nunc

173 1504 297 1558 quasi
320 1516 401 1560 pro
422 1515 511 1546 uno
537 1502 711 1546 nomine
728 1509 807 1546 -est
830 1503 1000 1546 Dives
1031 1503 1245 1556 Orcus,
1274 1507 1324 1545 ut
1346 1503 1453 1545 alias
1481 1503 1556 1545 Dis
1578 1503 1726 1546 Pater.
1788 1503 1879 1546 Sed
1918 1496 1923 1501 ’

175 1592 404 1643 praeterea
430 1587 548 1630 aliud
578 1585 802 1644 epitheton
831 1586 1066 1630 luridus
1094 1586 1304 1630 additum.
1365 1585 1479 1631 Vide
1502 1599 1614 1641 qnae
1638 1586 1880 1630 notavimus

174 1669 286 1712 infra
315 1670 371 1712 ad
399 1670 481 1725 111,
510 1672 555 1723 5,
583 1671 660 1713 22.
686 1690 751 1704 —-
797 1669 851 1712 in
893 1669 1106 1724 ignava
1149 1681 1297 1724 aqua
1340 1666 1383 1712 h.
1415 1681 1456 1713 e.
1485 1681 1565 1712 rex
1599 1669 1644 1712 in
1675 1669 1782 1712 locis
1812 1671 1883 1712 iu-

174 1752 306 1808 feris,
349 1765 463 1808 quae
503 1752 704 1796 amnibus
731 1756 782 1796 et
815 1752 1046 1809 paludibus
1077 1752 1234 1796 cincta.
1293 1753 1476 1810 Ignava
1499 1756 1556 1800 nt
1584 1753 1772 1811 βληχροὶ
1800 1767 1881 1794 πο-

171 1839 308 1886 ταμοί
331 1838 536 1881 Pmnu.
561 1837 739 1893 Fragm.
762 1834 926 1882 Thi-en.
950 1849 1015 1881 nr.
1031 1836 1067 1880 Ῑ.
1092 1841 1228 1880 nostr.
1252 1835 1355 1879 edit.
1382 1851 1424 1892 p.
1438 1839 1544 1880 238.
1606 1837 1730 1880 Adde
1754 1837 1882 1880 Μιτ-

173 1934 524 1965 scmznmcmrm
553 1922 611 1965 ad
641 1921 798 1965 Horat.
829 1922 888 1974 ΙΙ,
919 1923 991 1975 14,
1023 1924 1097 1964 17.
1127 1944 1186 1952 —-
1222 1921 1420 1975 Denique
1450 1921 1586 1963 totius
1615 1921 1700 1963 loci
1731 1933 1884 1964 sensus

174 2008 266 2047 est:
300 2006 422 2048 Malo
448 2005 505 2049 ad
529 2006 635 2049 Orci
659 2005 906 2050 tristissimo
933 2006 1031 2049 loca
1053 2005 1319 2048 descendere
1345 2017 1473 2059 quam
1506 2002 1575 2046 hic
1606 2004 1752 2047 vivere
1782 2003 1884 2047 diu-

173 2085 289 2140 tius;
318 2088 496 2131 tristitia
527 2087 613 2131 iste
641 2094 694 2132 ut
723 2079 916 2144 grariter
943 2088 1226 2144 exprimatur,
1259 2087 1452 2130 cumulat
1483 2085 1675 2143 epitheta
1703 2093 1883 2133 vastus,

172 2171 315 2230 niger,
357 2171 570 2230 ignavus,
609 2172 791 2217 luridus
816 2179 867 2218 et
895 2174 1067 2218 nomina
1099 2187 1264 2219 amnes,
1300 2169 1456 2229 palus,
1487 2183 1627 2230 aqua,
1657 2175 1708 2213 ut
1738 2173 1883 2213 tumen

171 2267 272 2298 meo
312 2256 473 2299 iudicio
502 2257 661 2300 nimius
690 2257 748 2300 sit
777 2257 823 2300 in
853 2255 1090 2314 repetenda
1125 2268 1274 2314 aquae
1304 2254 1497 2298 notione.
1569 2252 1760 2296 Omnino
1798 2263 1884 2295 no-

172 2338 255 2379 tari
284 2338 418 2382 debet
447 2340 549 2384 data
579 2338 659 2384 hac
689 2341 936 2395 occasione,
965 2340 1250 2395 Lygdamum
1283 2339 1446 2393 ubique
1475 2336 1551 2380 ubi
1586 2340 1771 2380 mortem
1803 2348 1882 2379 co-

172 2420 312 2474 gitat,
349 2434 486 2477 aquas
515 2423 706 2467 infernas
734 2423 958 2467 recordari
993 2427 1127 2478 atque
1158 2423 1220 2465 ita
1251 2421 1484 2476 designare
1528 2419 1716 2473 Orcum,
1766 2417 1881 2462 conf.

171 2513 300 2556 supra
334 2515 374 2546 v.
408 2506 498 2557 lo„
529 2517 661 2562 porro
691 2506 772 2560 111,
807 2509 846 2559 1,
878 2506 951 2550 fin.
982 2509 1029 2549 et
1059 2504 1140 2558 111,
1171 2507 1215 2558 5,
1245 2506 1321 2548 21.
1351 2506 1426 2546 24.
