2158 3750
613 259 798 311 LIBR.
835 260 929 311 lV.
1004 259 1218 347 QfflM.
1254 261 1296 312 I.
1709 266 1808 314 401

110 414 211 452 ante
242 408 413 464 sugam,
446 410 616 452 OnYSS.
645 409 735 463 IX,
765 412 823 452 39
856 423 980 464 sqq.;
1019 409 1133 453 unde
1165 411 1335 454 Onrss.
1365 409 1540 464 XXIII,
1570 413 1674 454 310.
1710 412 1817 454 sim-

111 492 282 546 pliciter
333 491 491 534 dicitur
539 488 735 537 Κικόνας
790 489 1015 542 δαμάσαι,
1085 493 1200 548 quod
1255 494 1500 549 respexisse
1551 493 1816 536 Huscfflzms

112 574 294 628 putabat
331 578 518 629 poetam.
549 597 607 605 —
667 574 863 619 Lotos,
923 574 1037 619 Vide
1083 575 1267 618 fructum
1299 575 1561 632 descriptum
1596 589 1622 618 a
1651 577 1815 620 Vossro

111 656 166 697 ad
198 657 321 710 Virg.
347 658 513 710 Georg.
537 656 602 710 11,
633 671 675 712 p.
691 658 782 697 292
803 669 897 710 sqq.
961 656 1012 699 V.
1039 661 1308 699 avertere
1338 662 1405 700 est
1429 657 1626 700 absolute
1653 657 1815 700 dictum

115 752 181 794 pr.
213 744 411 781 avertere
441 752 467 781 a
499 739 580 782 via.
608 761 670 770 -
729 737 934 790 cessit,
977 738 1150 780 vincere
1181 751 1265 780 non
1298 740 1439 794 potuit
1470 740 1647 782 orbatus
1676 741 1818 783 oculo.

113 825 403 866 Aetnaeae
445 822 643 865 incola
685 821 874 876 rupis,
919 821 1000 862 sub
1043 821 1182 862 Aetna
1227 820 1446 875 habitans,
1493 828 1543 865 ut
1582 829 1682 879 post
1721 824 1821 868 Ho-

113 918 279 948 nnntm
324 903 559 948 credebant
602 903 801 957 plurimi,
861 901 917 944 cf.
961 903 1091 946 Voss.
1132 902 1188 944 ad
1232 904 1384 958 Virgil.
1425 906 1592 960 Georg.
1632 906 1677 961 I,
1715 910 1819 951 471.

114 989 322 1031 Cvassn.
353 986 472 1028 Sicil.
503 985 634 1039 antiq.
664 984 712 1037 I,
741 987 785 1027 2.
809 1007 869 1016 -
929 985 1100 1028 Vlcta
1135 986 1409 1031 Maroneo
1442 989 1652 1032 lumina
1682 991 1822 1034 Bac-

115 1070 243 1124 cho,
286 1069 402 1124 quod
435 1068 578 1111 vinum
618 1067 783 1110 Ismaro
813 1068 983 1124 direpta
1022 1082 1169 1112 secum
1208 1070 1497 1124 abstulerant,
1542 1073 1710 1116 Oans.
1742 1073 1823 1127 IX,

114 1158 202 1197 165
235 1168 328 1209 sqq.
390 1154 517 1197 Voss.
549 1152 604 1195 ad
637 1153 760 1207 virg.
789 1153 956 1207 Georg.
983 1154 1045 1208 ll,
1074 1158 1231 1198 31-
1288 1156 1567 1200 foedatus
1599 1158 1821 1204 lumina.

113 1240 347 1294 Comparat
386 1238 791 1280 thnssuucmus
833 1239 958 1293 Virg.
990 1239 1100 1281 Aen.
1131 1239 1237 1292 VII,
1269 1243 1384 1282 575:
1430 1239 1703 1300 foedatique
1743 1255 1824 1284 ora

113 1319 286 1366 Galesi,
317 1321 481 1364 TAcl'r.
513 1319 626 1362 Hist.
649 1320 739 1374 ΙΙΙ,
761 1324 843 1363 77:
884 1319 1099 1362 Iulianus
1130 1319 1381 1364 verberibus
1402 1321 1653 1380 foedatus,
1684 1325 1822 1369 Ovm.

114 1404 226 1446 Met.
246 1403 369 1456 xlv,
395 1406 507 1445 190:
550 1399 735 1443 brachia
767 1399 873 1442 tabo
905 1401 1121 1458 foedata.
1149 1425 1207 1434 —
1266 1405 1322 1447 V.
1341 1407 1399 1446 59
1431 1417 1496 1458 sq.
1544 1405 1824 1459 Incultos,

114 1485 255 1538 feros,
300 1498 327 1526 a
367 1485 487 1527 cnltn
527 1483 711 1525 humano
743 1483 872 1538 plane
913 1483 1103 1536 alienos,
1152 1483 1244 1527 fere
1276 1490 1326 1527 ut
1355 1485 1615 1528 illaudatus
1646 1486 1825 1529 Busiris

115 1574 183 1611 est
211 1568 365 1610 dictus.
394 1590 453 1598 -
515 1567 777 1618 Artacie,
807 1565 979 1607 Oans·
1002 1565 1070 1619 X,
1103 1569 1205 1609 108.
1266 1567 1379 1609 Tum
1410 1568 1465 1610 ad
1497 1568 1652 1611 verba:
1684 1583 1825 1624 quos

117 1652 337 1705 irrigat
377 1649 491 1694 conf.
523 1649 633 1692 infra
678 1663 719 1693 v.
749 1652 850 1692 146.
882 1655 927 1692 et
958 1650 1161 1693 Pmmn.
1195 1651 1264 1693 01.
1294 1651 1371 1704 IV,
1403 1655 1486 1695 12:
1532 1655 1605 1694 καὶ
1649 1650 1826 1703 σεμνοῦς

116 1729 316 1788 ὄχετούς,
358 1726 567 1791 κἸῐιῐῑιῑαρις
610 1728 717 1774 οἷσιν
761 1729 884 1790 ἄρδει
931 1729 1135 1791 στρατόν.
1169 1758 1227 1766 --
1297 1736 1352 1780 V.
1382 1740 1437 1778 61
1471 1750 1563 1792 sqq.
1612 1740 1826 1794 Solum,

118 1821 234 1863 inter
266 1819 422 1862 socios.
453 1842 509 1850 -
572 1818 806 1871 doctae,
849 1819 1112 1873 magicarum
1153 1821 1308 1862 artium
1349 1821 1527 1877 peritae.
1559 1845 1617 1855 —-
1677 1829 1826 1879 apta,

115 1907 167 1946 ut
196 1903 306 1946 infra
338 1916 377 1945 v.
400 1905 472 1944 82.
505 1907 628 1942 tenet
659 1899 813 1956 aptius
843 1914 909 1957 pr.
943 1901 1136 1955 doctius»,
1177 1903 1382 1958 peritius,
1415 1909 1460 1946 et
1491 1912 1616 1960 apta.
1638 1914 1826 1952 mutare,

118 1987 252 2030 veluti
283 1985 467 2027 idoneus
497 1997 535 2026 c.
559 1983 766 2025 infinitiw
798 1983 968 2028 dicitur.
1029 1985 1169 2027 Porro
1194 1986 1362 2028 notabis
1387 1989 1644 2030 cumulatam
1672 1989 1827 2032 dictio-

119 2084 219 2114 nem
249 2077 363 2125 apta
393 2068 467 2111 vel
497 2066 644 2110 herbis
670 2067 889 2126 Aptaque
922 2067 995 2110 vel
1027 2075 1192 2115 cantu,
1236 2082 1300 2125 pr.
1332 2071 1582 2127 simpliciori
1612 2072 1826 2127 legitima:

118 2159 221 2210 apta
250 2153 319 2196 vel
351 2150 494 2196 herbis
524 2153 590 2195 ve!
625 2157 779 2206 cantu,
821 2157 922 2195 aut:
963 2158 1064 2209 apta
1097 2152 1242 2197 herbis
1278 2159 1465 2210 aptaque
1496 2160 1638 2199 cantu.
1702 2157 1826 2200 Conf.

118 2234 175 2278 ad
211 2234 301 2288 111,
331 2237 385 2288 4,
414 2237 490 2278 52.
563 2235 969 2278 thnssnmcnms
1013 2240 1237 2292 comparat
1277 2239 1417 2282 Vme.
1458 2238 1615 2293 Eclog.
1647 2239 1713 2293 X,
1746 2244 1829 2285 11:

120 2320 241 2361 Nam
281 2332 422 2376 neque
447 2340 508 2349 —
547 2332 651 2359 nam
692 2332 847 2377 neque.
924 2319 1123 2374 Denique
1164 2324 1398 2364 veteres
1438 2326 1504 2364 est
1543 2323 1736 2377 priores,
1782 2329 1832 2366 ut

119 2405 433 2448 Pusam-rma
473 2403 759 2459 Vuu’msque
800 2402 1027 2447 conferunt
1069 2405 1209 2449 Vme.
1243 2407 1350 2450 Aen.
1383 2407 1469 2460 VI,
1500 2410 1614 2451 448:
1658 2407 1831 2451 iuvenis

120 2490 368 2548 quondam,
412 2503 531 2531 nunc
558 2488 740 2547 semina
771 2491 991 2537 Caeneus,
1036 2491 1217 2532 Rursus
1246 2497 1292 2531 et
1325 2491 1374 2532 in
1401 2499 1591 2534 veterem
1615 2491 1730 2550 fato
1761 2507 1833 2534 re·-

120 2573 281 2616 voluta
311 2572 535 2631 figuram.
563 2594 624 2604 -
698 2572 752 2615 V.
781 2574 841 2615 64
870 2585 964 2627 sqq.
1026 2571 1380 2616 Cimmerion
1420 2575 1592 2617 Graeca
1633 2575 1832 2630 flexione,

120 2659 255 2712 vulgo
294 2658 462 2700 rariore
503 2656 548 2699 in
589 2656 831 2699 nominibus
873 2657 1155 2712 populorum,
1200 2656 1288 2700 vid.
1328 2657 1560 2703 Scmmm.
1591 2659 1838 2705 Grammat.

121 2739 222 2782 Lat.
266 2739 392 2783 Tom.
420 2738 468 2791 Ι,
513 2752 556 2794 p.
581 2741 656 2781 83.
698 2737 878 2780 defensa
921 2742 1064 2780 tamen
1110 2743 1230 2782 recte
1271 2753 1299 2782 a
1341 2739 1522 2784 Vosslo.
1601 2742 1666 2785 Ac
1710 2742 1835 2797 plura

125 2825 298 2867 Graece
339 2824 453 2867 flexa
491 2822 664 2866 nomina
706 2821 750 2866 in
788 2819 872 2866 hoc
903 2822 1106 2868 carmine.
1178 2821 1338 2868 Forma
1367 2824 1525 2870 Latina
1561 2841 1657 2875 um,
1699 2829 1836 2871 veluti

122 2911 192 2949 est
228 2905 484 2964 Argivum,
527 2907 773 2953 Danaum,
819 2917 899 2950 cur
939 2920 1044 2950 usus
1087 2919 1172 2951 non
1217 2908 1276 2951 sit
1318 2908 1413 2963 hic,
1471 2912 1566 2967 ipse
1609 2911 1742 2954 vides.
1775 2935 1834 2943 —-

122 3001 316 3042 arces,
353 2994 404 3032 ut
431 2987 656 3032 Heumann
686 2984 811 3031 πόλιν
839 2998 1172 3047 commemorat,
1204 2993 1362 3048 Odyss.
1381 2994 1460 3048 XI,
1494 2997 1562 3038 14.
1586 3018 1645 3027 —
1692 2997 1835 3041 Quis

124 3085 401 3128 nunquam
432 3076 518 3116 etc.
551 3069 593 3116 h.
615 3084 654 3115 e.
685 3071 843 3127 quibus
872 3086 1087 3130 nunqnam
1118 3076 1185 3118 sol
1212 3081 1333 3119 ortus
1365 3082 1432 3119 est
1463 3075 1644 3133 pulchro
1676 3078 1835 3121 lumine

127 3168 232 3210 sno,
277 3156 369 3198 sive
409 3168 542 3211 supra
580 3160 739 3199 terram
776 3169 953 3201 versans
992 3160 1084 3202 sive
1122 3157 1257 3214 infra,
1304 3161 1420 3215 quod
1452 3165 1573 3218 patet
1604 3161 1658 3205 de
1690 3161 1759 3205 die
1791 3169 1836 3207 et

125 3245 257 3284 nocte
303 3239 417 3293 dici,
480 3244 700 3284 statuente
747 3246 878 3297 poeta
930 3243 1066 3286 solem
1115 3243 1450 3288 descendentem
1497 3258 1679 3301 vespere
1725 3245 1835 3287 infra

126 3328 259 3366 noctu
296 3325 466 3377 lucere,
514 3323 656 3367 donec
693 3336 819 3368 mane
858 3324 915 3367 ad
954 3337 1033 3368 nos
1076 3326 1240 3370 redeat.
1315 3327 1391 3370 Sic
1431 3327 1547 3383 apud
1581 3328 1834 3370 Pmmmm

128 3405 304 3463 Fragm.
335 3404 496 3450 Thren.
528 3405 564 3450 Ι.
603 3406 670 3450 sol
710 3404 779 3450 hic
819 3411 968 3451 noster
1008 3413 1139 3453 noctu
1182 3410 1226 3453 in
1256 3408 1409 3463 Elysio
1443 3411 1581 3463 lucet,
1625 3423 1748 3453 mane
1781 3407 1834 3453 ad

1291 3498 1359 3541 26
