2086 3756
831 221 1139 277 TIBULLI.
1751 243 1838 279 xm

143 381 250 433 quo
298 382 571 435 nunquam
612 381 723 417 non
768 366 1061 432 argumenti
1094 362 1229 418 ratio
1268 363 1672 433 consideranda3
1722 386 1844 421 nam

139 471 199 512 ut
247 481 297 514 v.
335 480 381 513 c.
422 463 598 513 thema
646 454 788 512 aliud
835 463 993 514 habet
1041 464 1237 515 erotica
1287 462 1475 530 elegia,
1527 461 1669 514 aliud
1710 463 1843 514 festo

138 556 381 621 religioso
418 573 552 625 quae
588 555 782 622 scripta
819 556 1160 622 celebrand0,
1205 559 1277 609 sic
1313 558 1469 610 etiam
1507 557 1692 611 divisio
1729 557 1845 608 the-

137 650 288 699 matis
320 652 599 701 observare
626 647 780 700 debet
804 648 1102 699 discrimina
1130 669 1328 704 rerum.
1395 654 1571 721 Atque
1599 652 1656 702 in
1684 649 1843 702 Com-

136 742 405 794 mentariis
440 744 634 796 nostris
680 743 1001 796 introductio
1043 747 1285 798 carminis
1327 750 1577 817 cuiusque
1614 748 1847 816 primum

137 835 202 888 de
241 849 376 890 statu
413 857 593 892 rerum
638 841 916 906 (Situation)
965 842 1212 909 exponit,
1264 853 1378 892 tum
1415 845 1847 910 compositionem

136 936 380 1002 explicat.
451 936 557 988 Sed
592 938 864 990 veniamus
910 934 977 987 ad
1013 954 1153 1000 rem,
1205 947 1258 987 et
1294 955 1413 987 cum
1450 937 1721 1004 dispositio
1759 956 1844 987 ar-

134 1031 367 1094 gumenti
403 1034 643 1099 apertior.
667 1033 726 1083 in
760 1034 1054 1085 minoribus
1092 1036 1159 1085 sit
1196 1034 1397 1099 elegiis,
1438 1033 1648 1083 initium
1684 1033 1843 1084 facie-

133 1141 250 1175 mus
285 1128 350 1177 ab
386 1128 493 1192 his,
532 1132 863 1196 progressuri
893 1129 1086 1183 deinde
1116 1129 1181 1181 ad
1213 1132 1471 1181 maiorum
1511 1129 1846 1196 compositio-

134 1238 264 1271 num
314 1223 733 1290 explicationem.
815 1224 952 1276 Sunt
998 1243 1128 1279 vero
1176 1226 1262 1276 hic
1307 1225 1543 1276 natalitia
1588 1225 1846 1276 nonnulla

133 1317 477 1383 perpulchra,
522 1318 666 1371 unde
703 1319 972 1371 commode
1007 1319 1414 1386 proficiscem‘ur.

240 1411 406 1476 Igitur
456 1412 502 1462 si
552 1414 714 1463 uteris
768 1414 1088 1465 solemnibus
1146 1413 1392 1465 natalitiis
1450 1410 1517 1461 ad
1578 1408 1843 1461 faciendas

135 1504 362 1555 carmine
407 1521 589 1572 preces
635 1515 688 1556 et
723 1516 850 1559 vota
887 1524 988 1574 pro
1036 1507 1281 1557 felicitate
1330 1517 1424 1556 tua
1471 1516 1561 1556 aut
1603 1505 1843 1568 aliorum,

132 1618 233 1667 pro
271 1619 447 1654 amore
495 1604 583 1657 vel
623 1603 852 1669 coniugii
898 1604 1202 1668 stabiJitate,
1255 1590 1355 1671 pro
1400 1605 1560 1654 rebus
1603 1599 1843 1668 gerendis

134 1707 188 1747 et
231 1715 365 1765 quae
409 1709 533 1750 sunt
577 1699 705 1763 alia,
757 1699 885 1768 quid
924 1700 1111 1750 melius
1150 1716 1268 1764 agas
1309 1716 1466 1767 quam
1512 1708 1572 1748 ut
1609 1696 1843 1765 sequaris

132 1797 396 1846 naturales
421 1805 566 1846 actus
594 1793 753 1846 festi?
824 1795 1059 1847 Exordio
1088 1796 1416 1846 nuntiabitur
1445 1796 1651 1857 festum,
1688 1810 1845 1859 prae·-

130 1890 405 1955 parabitur
430 1890 754 1957 sacrificium,
783 1892 1059 1943 vocabitur
1082 1891 1280 1942 Genius
1307 1889 1374 1941 ad
1400 1889 1540 1941 dona
1563 1886 1840 1955 capienda3

131 1983 363 2036 medium
400 2003 610 2037 carmen
645 2004 825 2053 preces
869 1988 1008 2054 ipsas
1055 1987 1271 2037 habebit
1311 2003 1410 2052 pro
1459 2002 1520 2036 eo
1568 1980 1713 2052 quod
1750 1999 1844 2033 ex-

48 2135 51 2139 ,
130 2080 292 2146 petis,
342 2082 510 2133 exitus
550 2093 724 2134 autem
762 2095 1008 2136 eventum
1047 2100 1264 2150 precum
1311 2083 1543 2133 faustum
1585 2079 1842 2144 tractabit,

133 2189 275 2226 nunc
308 2177 529 2244 repetita
562 2178 894 2230 invocatione
933 2177 1045 2243 dei,
1092 2189 1152 2228 ut
1187 2186 1301 2227 rata
1337 2176 1465 2227 fiant
1500 2187 1652 2239 vota,
1701 2191 1842 2224 nunc

68 2265 73 2268 ⁴
134 2270 309 2321 omine
357 2290 424 2322 ex
473 2273 722 2325 sacrificio
773 2283 951 2340 capto,
1020 2272 1162 2323 unde
1211 2289 1329 2338 spes
1389 2272 1632 2335 effulgeat
1684 2271 1842 2331 bona,

134 2383 277 2416 nunc
313 2367 465 2418 aliter
506 2370 832 2421 conformata
871 2369 928 2419 in
972 2369 1114 2418 hunc
1150 2367 1307 2418 finem
1345 2367 1528 2417 ultima
1571 2363 1844 2416 sententia.

134 2457 220 2509 Sic
256 2459 541 2513 indictione
580 2463 728 2526 festi,
780 2464 1108 2530 precatione,
1160 2474 1375 2515 eventus
1421 2479 1512 2528 spe
1549 2461 1712 2512 felicis
1752 2461 1845 2513 ab,-

134 2554 358 2606 solvitur
390 2557 492 2606 rite
528 2566 718 2607 totum.
787 2559 899 2607 Iam
933 2557 1053 2609 vide
1092 2560 1346 2624 exempla.
1418 2558 1481 2606 In
1513 2556 1674 2621 elegia
1698 2556 1764 2617 ΙΙ,
1792 2560 1845 2605 2.

133 2649 326 2716 scripta
357 2650 417 2701 in
450 2651 653 2718 primis·
670 2661 793 2718 post
826 2653 1034 2718 nuptias
1072 2651 1319 2702 natalitiis
1359 2650 1623 2714 Cerinthi,
1671 2659 1731 2699 ut
1768 2648 1843 2700 vi-

134 2744 315 2810 detur,
373 2749 476 2800 hoc
524 2750 696 2814 agitur
743 2758 805 2799 ut
861 2749 990 2799 felix
1036 2750 1104 2800 sit
1150 2748 1465 2814 coniugium.
1561 2748 1736 2815 Atque
1784 2745 1843 2796 in

134 2844 352 2897 exordio
399 2844 650 2898 indicitur
694 2863 901 2898 sacrum
947 2856 996 2897 et
1033 2856 1253 2899 vocatur
1290 2845 1518 2908 Genius,
1567 2843 1623 2894 in
1666 2840 1842 2893 medio

134 2939 362 2990 carmine
399 2950 523 2994 vota
564 2942 739 2992 mariti
772 2952 1062 2993 tractantur
1096 2959 1195 3009 pro
1232 2940 1337 2993 fido
1377 2957 1555 2992 amore
1594 2938 1841 3004 coniugiS,

136 3035 304 3087 exitus
352 3034 580 3105 denique
627 3047 738 3088 rata
787 3039 916 3089 haec
964 3048 1089 3091 vota
1136 3039 1253 3090 fore
1302 3037 1527 3088 affirmat
1563 3054 1630 3087 ex
1669 3034 1841 3087 omine

134 3131 324 3183 fausto.
394 3131 568 3184 Sentis
613 3132 770 3199 igitur
814 3132 1003 3185 deduci
1052 3134 1286 3185 animum
1325 3150 1424 3200 per
1458 3131 1559 3183 tria
1596 3129 1842 3182 continua

134 3235 414 3291 momenta,
452 3243 680 3297 quorum
715 3228 1090 3296 compositione
1119 3229 1336 3296 pulchre
1374 3226 1628 3279 efficiatur
1655 3235 1842 3277 totum.

136 3320 259 3372 Non
296 3323 519 3374 multum
553 3320 731 3375 differt
762 3323 897 3377 ratio
934 3325 1174 3376 carminis
1210 3325 1302 3387 IV,
1333 3330 1409 3385 6.,
1465 3320 1606 3390 quod
1643 3319 1706 3371 ad
1752 3319 1840 3371 Iu-
