2158 3750
601 264 785 317 LIBR.
820 264 913 316 IV.
986 262 1201 315 CARM.
1234 263 1277 316 Ι.
1702 265 1805 313 425

111 410 438 465 versificatoris,
485 411 557 467 qui
588 411 764 455 modum
799 410 1059 454 aduiationis
1097 423 1184 454 non
1216 408 1335 452 novit
1364 412 1409 452 et
1440 407 1613 452 insolita
1642 410 1802 462 captat,

112 498 254 551 qualia
294 497 462 539 meliori
501 502 658 552 poetae
697 496 765 540 hic
806 510 890 539 non
933 497 1150 540 venissent
1181 496 1223 538 in
1256 499 1457 538 mentem.
1487 514 1547 525 —
1590 495 1808 536 matura

112 581 237 624 dies
278 587 344 624 est
384 582 476 625 dies
518 582 659 624 fatalis
692 587 979 638 praematura.
1039 582 1310 624 Huscmmss
1353 594 1378 623 e
1416 579 1581 653 vngari
1621 578 1808 621 lectione

114 665 316 708 librorum
339 664 476 722 sato,
518 678 629 719 quae
658 665 758 707 ferri
790 665 962 719 nequit,
1012 663 1212 706 emendat
1237 661 1368 720 sati,
1417 666 1466 704 ut
1495 666 1563 705 est
1593 659 1685 702 dies
1706 659 1815 717 fati

111 748 249 789 ΟΠ».
290 747 471 790 Heroid.
514 747 550 801 Ι,
592 749 694 791 114.
767 746 857 788 Sed
902 758 1039 787 nexus
1086 750 1331 788 ceterorum
1377 745 1546 800 plenam
1591 742 1810 785 notionem

112 831 256 874 offert,
335 829 503 883 (Recte
544 828 805 872 Germanice
850 827 968 870 dicas
1008 840 1050 870 v.
1091 840 1131 871 c.
1176 825 1250 867 Sei
1293 840 1339 866 es
1387 823 1494 880 dass
1537 825 1631 866 eine
1667 823 1814 882 friilaee

110 911 284 953 Stunde
325 909 547 953 schnellen
593 909 689 952 Tod
728 906 1049 966 herbezsiae‘hrt.)
1109 907 1205 950 Nec
1246 907 1446 963 displicet
1482 908 1683 950 similium
1715 919 1815 950 ver-

112 997 264 1039 borum
298 995 529 1039 cumulatio
560 992 795 1048 (matura,
826 991 1030 1038 celerem,
1057 991 1329 1048 properat)',
1375 1004 1473 1033 nam
1506 1001 1550 1034 et
1581 993 1814 1048 opponitur

115 1081 287 1134 longa
328 1079 446 1121 vita
487 1083 532 1121 et
562 1091 632 1120 res
662 1091 742 1134 per
768 1090 818 1120 se
849 1077 986 1120 tristis
1018 1081 1099 1120 est.
1162 1076 1367 1118 Ceterum
1399 1075 1455 1119 cf.
1487 1075 1727 1118 Pnopmw.
1757 1074 1816 1127 Π,

115 1165 190 1214 28,
220 1164 306 1203 252
338 1159 508 1217 Quodsi
527 1159 660 1217 forte
691 1157 775 1200 tibi
799 1157 1088 1216 properarint
1109 1157 1228 1215 sata
1261 1157 1464 1216 quietem.
1486 1181 1547 1189 -——
1575 1158 1817 1212 rigidos.

116 1244 329 1287 Videntur
360 1256 455 1286 esse
486 1243 660 1286 omnino
693 1242 814 1296 duri,
859 1247 909 1284 ut
939 1241 1158 1284 Hermus
1189 1241 1390 1295 volebat3
1436 1253 1535 1284 cum
1566 1242 1678 1284 enim
1709 1253 1821 1297 poe-

116 1332 187 1369 tae
226 1328 270 1369 in
311 1326 469 1369 talibus
499 1326 797 1382 oppositiones
826 1323 1117 1381 epithetorum
1151 1329 1321 1377 ament,
1366 1323 1536 1366 videtur
1565 1322 1634 1366 hic
1664 1323 1818 1366 durum

117 1415 259 1452 terrae
292 1410 459 1462 solum,
502 1409 576 1451 ubi
620 1407 865 1463 quadrupes
910 1405 1096 1458 incedit,
1139 1405 1300 1461 opponi
1339 1403 1510 1463 liquido
1541 1407 1630 1448 aeri
1671 1405 1822 1448 avibus

117 1493 232 1535 dato,
295 1492 370 1535 Sic
412 1491 495 1535 hoc
535 1493 632 1548 ipso
672 1492 771 1534 loco
814 1490 968 1533 tardi
1012 1490 1240 1545 pecoris
1284 1494 1403 1531 recte
1445 1489 1676 1544 scriptum,
1724 1500 1822 1530 cum

117 1581 218 1618 ante
248 1576 303 1619 de
330 1588 443 1631 equo
474 1580 672 1618 currente
703 1575 863 1618 dictum
893 1575 964 1627 sit,
993 1573 1110 1629 quod
1141 1586 1226 1615 non
1258 1571 1601 1614 animadvertens
1627 1571 1820 1614 Vossms

120 1658 239 1701 torvi
268 1659 502 1701 substituit.
563 1659 708 1714 Saepe
748 1657 836 1700 vidi
878 1657 995 1699 viros
1037 1656 1190 1699 doctos
1233 1668 1318 1697 non
1362 1655 1468 1696 satis
1509 1652 1734 1696 attendere
1766 1652 1822 1695 ad

121 1741 198 1784 has
227 1742 522 1798 oppositiones
552 1738 870 1796 epithetorum‚
901 1750 1034 1793 quare
1064 1750 1143 1779 nos
1175 1737 1335 1790 ubique
1366 1737 1409 1778 in
1442 1734 1506 1778 bis
1541 1735 1822 1777 Commenta-

121 1827 195 1868 riis
225 1827 280 1868 de
310 1839 362 1868 ea
389 1839 436 1868 re
462 1827 719 1869 monuimus.
779 1824 879 1867 Hoc
910 1824 1007 1866 loco
1039 1820 1165 1863 tardi
1195 1823 1324 1864 etiam
1349 1821 1555 1863 BAcmus
1588 1825 1747 1864 tuetur.
1766 1845 1827 1851 —

123 1909 357 1965 pecoris
386 1909 577 1964 gloria
607 1911 822 1950 taurus,
885 1904 1125 1947 Conserunt
1150 1904 1510 1946 Bnouctcmssms
1541 1907 1585 1945 et
1608 1903 1826 1944 Hssrmus

123 1992 259 2033 Ovm.
302 1991 395 2033 Art.
441 1991 535 2032 Am.
569 1989 606 2042 1,
645 1992 749 2031 290.
798 1988 937 2031 Vme-
970 1985 1125 2040 Eclog.
1158 1986 1212 2039 V,
1244 1989 1316 2028 33.
1347 2009 1408 2017 —
1454 1985 1738 2038 volucris,
1781 1989 1831 2026 ut

123 2074 268 2127 aquila
309 2078 385 2115 aut
425 2073 645 2128 accipiter.
705 2071 934 2115 Nobiliore
978 2071 1091 2114 enim
1136 2070 1336 2112 animalia
1381 2068 1450 2111 hic
1492 2069 1688 2122 cogitare
1731 2081 1829 2111 eum

121 2155 255 2200 vides,
286 2179 346 2187 —
398 2155 725 2212 receperit,
769 2154 1038 2198 revocaverit
1066 2153 1120 2196 ad
1152 2153 1373 2206 homines,
1419 2152 1576 2193 iterum
1607 2149 1832 2193 admiserit

124 2240 237 2281 inter
275 2238 467 2282 homines
498 2236 691 2292 (zuriick
729 2251 984 2295 genommen
1019 2236 1143 2291 hat).
1176 2259 1233 2268 —
1286 2235 1551 2290 Inceptis
1596 2232 1834 2286 chartis,

125 2323 297 2376 incepto
326 2321 477 2375 operi,
520 2319 821 2362 subtexam
863 2318 1142 2370 carmina,
1183 2329 1318 2359 novos
1351 2328 1503 2357 versus
1535 2314 1704 2358 addam.
1767 2314 1834 2356 De

125 2402 420 2459 metaphorice
460 2414 544 2444 usu
572 2401 800 2444 verborum
834 2407 1008 2445 texere,
1053 2398 1275 2446 intexere,
1318 2404 1574 2445 contexere,
1619 2395 1835 2445 detexere,

120 2493 381 2543 pertexere,
412 2482 646 2526 subtexere
678 2483 788 2527 dixit
819 2482 1191 2525 Baoucxnusms.
