2158 3750
653 239 838 292 LIBR.
873 239 966 290 IV.
1037 232 1403 289 APPENDIC.
1782 238 1883 288 465

183 387 566 444 deligavimus
612 385 777 430 novls
822 383 1099 438 floribus,
1146 381 1399 438 ligavimus,
1450 379 1662 423 cinximus
1705 392 1877 426 corona.

183 471 326 514 Carm.
356 471 518 515 ΡΜΑΡ.
549 482 615 513 nr.
642 471 727 512 84=
775 481 876 510 vere
917 481 1046 513 rosa,
1094 473 1336 508 auctumno
1360 462 1530 521 pomis,
1577 469 1754 504 aestate
1775 465 1881 522 fre-

182 559 371 610 quentor
398 550 566 608 Spicis‚
611 564 707 593 una
745 547 855 591 mihi
894 555 961 590 est
1002 546 1186 590 horrida
1218 546 1361 604 pestis
1393 545 1545 590 hiems.
1605 545 1717 590 Add.
1748 560 1878 590 carm.

179 638 254 678 85.
296 634 400 678 ibid.
442 658 501 667 —
562 635 834 678 Senexve
883 644 1093 675 corvus
1139 631 1459 687 impigerve
1505 630 1775 685 graculus
1822 653 1880 661 —

180 720 394 764 feriret
438 723 634 775 caput,
681 729 883 773 compara
928 715 1074 759 Carm.
1123 715 1286 759 Paul).
1328 716 1402 758 62.
1431 737 1492 746 —
1545 713 1725 757 debeo
1773 715 1880 759 tibi

179 801 346 847 nihil.
404 801 646 858 Adscripsit
678 801 1035 843 Bnoucxmrsms
1064 799 1188 852 Virg.
1221 798 1329 842 Aen.
1360 797 1440 851 XI,
1471 800 1554 841 51:
1600 806 1647 840 et
1688 797 1755 841 nil
1787 799 1878 841 iam

181 883 445 927 caelestibus
475 883 583 926 ullis
613 880 870 925 Debentem.
903 904 959 914 —
1005 881 1060 924 V.
1094 883 1150 922 16
1180 892 1246 935 sq.
1292 879 1523 923 lacebis
1551 881 1703 925 inter
1732 895 1880 938 arva,

180 969 397 1025 proiectus
441 968 486 1011 in
533 967 629 1010 viis.
658 987 719 997 ——
783 964 1040 1022 pallidus
1089 965 1237 1018 situ,
1292 964 1490 1008 absterso
1538 966 1670 1010 rubro
1718 969 1876 1013 colore.

180 1052 416 1095 Pnopnnw.
447 1050 525 1104 IV,
555 1053 599 1104 5,
629 1053 716 1094 70:
775 1047 1000 1091 immundo
1045 1047 1225 1105 pallida
1270 1046 1408 1089 mitra
1451 1046 1570 1096 situ,
1619 1063 1731 1105 quae
1777 1051 1885 1094 luri-

178 1135 306 1189 dum,
361 1133 603 1190 squalidum
652 1134 843 1176 colorem
890 1137 1180 1176 contraxerat.
1264 1133 1535 1187 Quamquam
1583 1134 1740 1188 passim
1783 1148 1885 1190 per-

178 1222 398 1261 mutantur
430 1217 474 1259 in
506 1216 627 1258 libris
663 1213 869 1272 pallidus
913 1218 958 1256 et
998 1211 1264 1271 squalidus,
1314 1217 1445 1267 atque
1489 1213 1619 1257 etiam
1662 1213 1743 1258 hoc
1785 1217 1882 1259 loco

178 1300 418 1359 squalidus
449 1299 665 1342 videbitur
694 1298 863 1341 melius.
926 1291 1098 1339 Tamen'
1129 1300 1179 1338 ut
1215 1309 1345 1339 carm.
1376 1297 1539 1339 PRIAP.
1569 1299 1642 1340 26.
1679 1296 1885 1353 pallidus

176 1387 296 1426 recte
329 1381 573 1425 defenditur
602 1395 628 1423 a
656 1382 926 1427 Bunmnno
956 1381 1230 1436 oppositione
1260 1393 1300 1423 v.
1333 1377 1488 1426 ruber,
1517 1379 1581 1422 sic
1611 1380 1739 1423 etiam
1771 1394 1882 1424 nunc

177 1465 311 1508 videri
342 1469 488 1521 potest
518 1469 648 1521 poeta
677 1465 720 1507 in
762 1468 908 1507 mente
951 1462 1112 1506 habere
1153 1463 1399 1519 oppositum
1429 1475 1599 1506 versum
1631 1467 1685 1507 8:
1732 1462 1885 1506 Ruber

178 1562 278 1589 cum
323 1545 508 1589 rubente
544 1545 748 1606 fascino,
783 1570 842 1578 —
910 1547 965 1590 V.
999 1550 1057 1589 19
1090 1561 1185 1602 sqq.
1229 1559 1424 1601 grave,
1471 1546 1668 1600 Gravi,
1713 1561 1808 1590 cum
1841 1550 1880 1590 vi

176 1628 362 1685 repetita
401 1641 524 1672 voce.
583 1628 700 1672 Tum
742 1628 835 1685 pia
881 1628 1011 1682 lege
1054 1631 1149 1671 estz
1189 1627 1315 1670 iusta.
1375 1627 1560 1683 Proprie
1589 1627 1782 1682 iungitur
1811 1629 1884 1671 ias

170 1712 385 1771 piumque
430 1717 482 1755 ut
527 1711 600 1754 ius
634 1711 810 1771 sasque
851 1718 956 1755 noto
1000 1724 1109 1766 usu,
1161 1710 1216 1754 cs.
1266 1711 1405 1755 Ovm.
1447 1711 1541 1752 Art.
1575 1712 1667 1753 Am.
1699 1710 1736 1764 I,
1776 1714 1881 1754 200.

176 1793 357 1837 Heroid.
388 1794 509 1847 VIII,
540 1795 583 1837 4.
614 1817 675 1826 -
704 1793 960 1846 noxiam,
995 1793 1192 1848 culpam,
1221 1792 1336 1847 quod
1369 1797 1461 1836 tum
1493 1793 1691 1847 quievisti
1722 1805 1881 1849 perpe-

176 1887 355 1918 ram-—
386 1876 651 1931 Patebit‚
681 1875 860 1920 verbum
891 1875 947 1918 de
978 1875 1044 1930 iis,
1075 1877 1148 1931 qui
1180 1876 1254 1918 alii
1284 1889 1331 1919 se
1361 1876 1569 1932 praebent
1599 1877 1644 1920 in
1674 1889 1723 1920 re
1753 1879 1882 1933 turpi,

175 1957 311 2000 Ovm.
343 1957 454 2011 Met,
482 1958 605 2014 XIV,
636 1962 748 2004 1332
789 1958 832 2002 si
860 1973 958 2001 mea
989 1958 1233 2018 virginitas
1263 1957 1439 2014 Pfioebo
1464 1961 1693 2016 patuisset
1724 1975 1881 2004 aman-

174 2039 227 2083 ti.
250 2065 312 2075 -
353 2042 442 2085 Pro
471 2043 801 2086 imminente
831 2047 981 2096 toro,
1014 2043 1130 2098 quod
1158 2043 1343 2098 intelligi
1374 2043 1547 2098 nequit,
1576 2044 1648 2086 alii
1679 2045 1884 2087 coniece-

172 2130 273 2169 runt
302 2123 574 2184 ingemente‚
622 2131 671 2170 ut
702 2126 902 2183 placebat
931 2126 1062 2169 etiam
1092 2125 1452 2180 BRothmmsm,
1496 2127 1631 2170 veluti
1658 2122 1882 2171 Itivnmu.

174 2211 267 2254 Sat.
298 2210 378 2264 lx,
407 2214 482 2255 78.
515 2210 647 2254 dicit:
693 2209 826 2253 testis
861 2208 970 2252 mihi
999 2207 1195 2251 lectulus
1227 2216 1274 2251 et
1304 2217 1383 2258 tu,
1416 2209 1499 2252 Ad
1525 2226 1653 2270 quem
1676 2210 1883 2268 pervenit

172 2292 278 2335 lecti
318 2309 469 2336 sonus-
539 2294 691 2337 Possis
733 2293 863 2336 etiam
905 2292 1135 2336 emendare
1176 2291 1465 2340 infremente,
1511 2295 1670 2336 collato
1712 2295 1883 2336 Ovmro

173 2377 341 2420 Amorr.
373 2375 454 2431 111,
483 2378 556 2433 14,
585 2379 671 2420 26:
703 2375 963 2435 spondaque
993 2375 1166 2419 lasciva
1197 2375 1445 2418 mobilitate
1473 2384 1652 2421 tremat.
1685 2399 1741 2408 -
1771 2377 1882 2420 Mox

172 2458 420 2503 lavante
458 2467 611 2516 arte,
649 2465 700 2504 ut
742 2465 895 2504 contra
935 2461 1099 2516 legitur
1137 2473 1208 2517 ap.
1252 2461 1389 2504 Ovm.
1434 2460 1528 2505 Art.
1561 2461 1657 2504 Am.
1687 2459 1744 2513 II,
1779 2461 1883 2504 480.

175 2543 377 2587 laudante
419 2544 714 2588 Btmmnnm
761 2552 862 2588 arte
910 2545 1062 2589 Venus
1109 2542 1240 2587 nulla
1283 2543 1412 2585 dulce
1452 2541 1625 2602 peregit
1668 2556 1792 2599 opus.
1826 2566 1884 2573 —-

173 2629 228 2671 V.
260 2631 320 2671 25
351 2641 447 2684 sqq.
489 2628 764 2683 Fovebit‚
797 2629 854 2673 cf.
885 2629 1022 2673 Ovm.
1055 2630 1222 2672 Amorr.
1254 2627 1333 2682 111,
1363 2632 1406 2681 7,
1437 2630 1510 2670 73.
1540 2624 1882 2668 —lucidum

171 2710 190 2754 ί
201 2723 379 2766 emur,
414 2709 586 2755 videtur
610 2723 708 2756 esse
737 2711 982 2765 candidum,
1015 2711 1265 2764 formosum,
1297 2716 1346 2753 ut
1376 2711 1513 2754 Ovm.
1546 2708 1727 2752 Heroid.
1758 2708 1881 2761 XIX,

175 2799 288 2841 133:
318 2795 472 2839 lucida
503 2795 733 2854 Alcyone,
764 2797 846 2841 nisi
879 2797 1152 2842 scribendum
1185 2794 1404 2838 lubricum
1436 2809 1492 2838 ex
1524 2795 1726 2839 Prrnonr
1758 2792 1884 2837 sche-

174 2880 253 2923 dis.
294 2903 354 2914 -
413 2880 631 2925 Bidens
674 2883 854 2926 amica
903 2882 1135 2926 Romuli
1181 2882 1335 2924 senis
1381 2891 1612 2932 memor,
1665 2882 1732 2921 est
1778 2890 1883 2921 anus

171 2962 440 3017 grandaeva,
472 2976 599 3018 quam
630 2963 809 3008 Romuli
839 2969 1036 3021 tempora
1067 2964 1185 3007 dicas
1215 2963 1402 3019 vidisse,
1434 2967 1478 3006 et
1509 2962 1576 3006 cui
1606 2961 1693 3005 duo
1719 2965 1881 3004 tantum

174 3045 326 3088 dentes
356 3051 599 3102 supersunt.
630 3070 691 3080 —
740 3048 1017 3102 Paratur,
1061 3048 1302 3091 adducitur.
1332 3070 1390 3079 —-
1426 3059 1659 3104 specus,
1705 3058 1882 3098 cunnus,

173 3126 409 3169 abditus
434 3127 660 3171 iacente
691 3129 952 3184 pantice,
983 3133 1222 3172 ventre.—
1256 3130 1407 3184 Vaga
1439 3129 1614 3185 pellis
1646 3133 1736 3170 est:
1768 3127 1884 3180 laxa,

175 3211 314 3253 carnis
357 3211 599 3253 macilentia
645 3211 782 3254 fluens
827 3215 872 3255 et
916 3210 1108 3254 flaccida.
1142 3234 1200 3242 —
1248 3224 1428 3254 annuo
1472 3211 1628 3266 gelu,
1674 3210 1774 3253 dum
1809 3222 1885 3265 per

177 3300 315 3338 totum
363 3308 518 3338 annum
566 3295 668 3350 gelu
712 3294 849 3339 adest.
926 3293 1182 3352 Metaphora
1228 3288 1308 3339 de'
1332 3293 1736 3352 septentrionalibus
1780 3291 1887 3334 locis

176 3381 326 3437 petita,
360 3386 407 3423 ut
437 3385 583 3424 monet
615 3381 872 3435 Selmena,
901 3393 1040 3425 annua
1073 3382 1169 3426 nive
1200 3381 1427 3426 damnatis,
1459 3404 1516 3413 --
1560 3380 1883 3423 Araneosus

1359 3469 1425 3513 30
