2158 3750
730 218 914 271 LlssR.
951 220 1045 270 lV.
1118 218 1332 271 CARM.
1370 221 1413 270 1.
1815 230 1917 274 389

224 367 376 404 ornatu
407 376 457 405 ac
489 361 697 416 dignitate
728 362 1023 418 imprimisque
1054 362 1264 406 latinitate
1296 363 1498 416 eminent,
1529 363 1570 405 in
1605 364 1801 406 omnibus
1828 365 1917 408 fere

223 448 417 489 lectionis
448 448 655 489 bonorum
687 452 911 502 poetarum
943 451 986 489 et
1017 447 1268 490 imitationis
1308 447 1391 489 etsi
1422 447 1673 503 plerumque
1705 448 1917 490 molestae

220 537 265 573 et
303 532 493 584 ieiunae,
535 531 738 586 vestigia..
758 535 942 573 exstant.
979 554 1035 562 —-
1083 531 1132 572 In
1164 531 1413 573 laudatione
1449 535 1593 573 autem
1625 536 1668 572 ct
1698 543 1918 573 commen-

221 615 395 657 datione
426 628 676 668 magnorum
707 616 896 657 virorum
929 615 1135 669 imprimis
1177 628 1226 657 se
1268 616 1430 657 iactare
1474 613 1718 657 debuerunt
1747 613 1917 654 illorum

220 698 436 741 hominum
477 698 690 753 ingenia,
719 702 764 740 et
807 711 864 753 ex
906 695 988 740 hoc
1029 709 1191 751 genere
1234 695 1479 739 habendum
1523 695 1713 738 arbitror
1740 694 1917 737 Tibullo

219 795 442 837 perperam
478 781 686 824 tributum
727 779 810 822 boc
850 790 1026 824 carmen
1068 779 1377 833 panegyricum
1413 778 1453 819 iu
1496 777 1756 830 Messalam,
1801 776 1918 831 quod

219 864 365 916 negari
408 863 558 916 nequit
601 842 746 907 nimis.
770 861 990 922 ieiunum,
1037 859 1176 912 magis
1221 857 1482 901 rhetoricum
1526 872 1654 913 quam
1685 839 1916 914 'poeticum

218 961 326 989 esse.
388 946 531 988 Etiam
562 957 712 987 versus
741 923 884 999 asperi
918 945 1066 1000 plures
1095 944 1322 986 intertexti
1351 944 1496 986 sunt.“
1555 944 1802 999 Disputavit
1832 957 1912 988 nu-

217 1042 293 1084 per
322 1029 365 1069 in
398 1026 578 1070 eandem
605 1012 864 1074 sententiam
895 1027 961 1068 vir
992 1026 1283 1081 doctissimus,
1315 1027 1479 1068 amicus
1512 1027 1756 1070 Aucus'rus
1787 1027 1917 1070 Wal-

216 1123 426 1153 cnssnrus
455 1111 500 1152 in
530 1111 656 1152 Poet.
682 1108 1029 1163 Latin-‘Reliqsp
1062 1123 1104 1163 p.
1133 1110 1222 1149 214
1242 1121 1336 1162 sqq.
1399 1107 1498 1162 Ego
1530 1112 1674 1150 tamen
1708 1109 1913 1151 BAccmo

216 1194 360 1249 potius
388 1193 626 1246 assentior,
666 1197 893 1246 auctorem¹
929 1192 1142 1248 poematis
1183 1205 1316 1236 unum
1353 1205 1410 1234 ex
1442 1192 1493 1234 iis
1523 1191 1750 1235 iuvenibus
1784 1193 1916 1236 fuisse

214 1276 432 1328 censenti,
475 1275 563 1332 qui,
592 1275 748 1334 cadem
780 1288 872 1331 -qua
901 1275 1104 1319 Tibullus
1145 1276 1304 1331 aliique
1346 1276 1522 1333 publica
1563 1277 1809 1320 calamitate
1849 1276 1918 1320 af-

213 1362 331 1404 flicti.
361 1342 405 1404 et
445 1345 760 1416 patriis-:bonis
797 1362 918 1414 exuti
961 1365 1119 1404 essent.
1192 1360 1324 1407 Quod
1355 1361 1469 1404 enim
1504 1362 1679 1403 maximi
1711 1361 1917 1403 momenti
1981 1344 1991 1350 ⁸

215 1444 350 1487 videri
381 1444 521 1505 debet-
537 1445 598 1487 ·in
623 1428 857 1497 iudicanda
886 1443 968 1487 hac
998 1446 1279 1499 quaestione,
1320 1444 1533 1488 Latinitas
1565 1448 1670 1501 pura
1702 1449 1792 1499 est,
1833 1458 1914 1487 nec

212 1527 270 1570 ab
302 1528 511 1592 Augustei
541 1520 703 1571 saeculi
744 1541 826 1571 usu
868 1529 1061 1582 recedit,
1094 1529 1445 1574 ,concedentibus
1485 1529 1707 1582 omnibuS‚
1753 1529 1916 1578 nullum

214 1613 256 1664 iu
283 1613 496 1655 moratione
543 1613 723 1668 reperiri
770 1613 949 1656 serioris
996 1613 1152 1656 aetatis
1199 1614 1442 1668 vestigium.
1522 1614 1579 1654 At
1624 1611 1915 1654 adulationem

213 1696 410 1747 ninnium,
455 1699 501 1737 et
543 1695 927 1750 exaggerationem
970 1694 1110 1738 laudis
1152 1699 1200 1738 et
1240 1707 1352 1749 quae
1392 1695 1474 1737 alia
1507 1692 1751 1740 huiusmodi
1783 1705 1915 1748 supra

208 1776 519 1830 indicavimus,
558 1779 733 1843 serioris
774 1780 934 1822 aetatis
970 1779 1126 1822 dices?
1187 1781 1351 1824 Verum
1382 1792 1466 1821 non
1498 1782 1618 1821 certa
1658 1778 1783 1831 signa
1813 1781 1913 1820 sunt

211 1859 313 1901 talia
355 1873 432 1916 per
462 1866 534 1926 ‚⁸⁸⁹
576 1873 716 1926 quae.
732 1849 861 1907 etiam
901 1860 956 1903 ab
998 1861 1173 1916 ingenio
1215 1865 1372 1917 poetae
1415 1861 1594 1914 eiusque
1624 1860 1763 1902 minus
1795 1859 1913 1902 culto

208 1943 369 1990 iudicio
403 1944 782 2005 repetimunt,
821 1956 874 1985 ac
918 1943 1063 1985 nescio
1105 1956 1160 1989 an
1192 1944 1365 1986 omnino
1411 1946 1502 1985 tota
1541 1941 1810 1984 tractationis
1843 1953 1914 1982 ars

205 2027 502 2093 imperfectior
527 2028 671 2074 etim
693 2028 795 2070 iude
827 2029 1015 2082 aliquam
1046 2028 1372 2071 excusationem
1403 2027 1583 2080 habeat,
1615 2026 1732 2081 quod
1764 2026 1917 2080 Virgi-

205 2109 346 2153 lianae
387 2122 573 2165 poeseos
615 2110 767 2166 epicae
801 2108 1120 2164 mgnificentia
1154 2108 1351 2152 ›nondum
1393 2110 1605 2152 exstabat.
1667 2109 1913 2163 Argumen-

206 2199 299 2237 tum
348 2206 479 2255 porro
528 2206 585 2236 ex
625 2193 773 2248 Valgii
814 2194 1034 2246 mentione
1076 2194 1183 2237 mira
1227 2193 1408 2248 petitum
1451 2193 1760 2236 infirmabimus
1803 2192 1914 2235 infra

206 2281 250 2322 in
276 2279 605 2337 Essplicationffi
648 2291 731 2322 nec
770 2278 1041 2320 Salassorum
1074 2257 1307 2333 praeterita
1339 2279 1384 2321 in
1415 2278 1542 2320 laude
1575 2278 1793 2320 Messalae
1829 2278 1911 2320 de-

208 2338 395 2405 bellatio·
411 2360 624 2407 eiunnodi
651 2346 848 2414 videtur,
887 2363 939 2405 ut
965 2361 1172 2402 seriorem
1205 2365 1392 2404 aetatem
1425 2361 1593 2415 probet.
1656 2362 1782 2405 Quae
1812 2374 1910 2405 cum

204 2445 402 2497 itasint,
441 2443 677 2498 genuinum
704 2441 845 2486 habeo
875 2437 1187 2498 ho'ccarmen,
1232 2444 1272 2486 b,
1306 2457 1345 2485 e.
1380 2455 1482 2485 vere
1513 2444 1720 2499 scriptum
1751 2457 1911 2488 consu-

208 2528 321 2568 latus
351 2525 568 2568 Messalae
597 2529 805 2580 tmpore
843 2530 892 2568 et
920 2523 1018 2568 huic
1052 2526 1253 2578 missum,
1300 2531 1451 2581 postea
1490 2539 1593 2568 vero
1633 2540 1730 2570 cum
1775 2529 1911 2572 altera

209 2615 346 2667 parte
362 2609 461 2662 libri
489 2610 632 2664 quarti
666 2608 847 2664 editum,
877 2605 967 2652 sive
999 2610 1113 2664 quod
1145 2610 1346 2652 Tibullus
1377 2614 1529 2652 auctor
1559 2610 1792 2665 videretur,
1821 2611 1912 2654 sive

207 2691 323 2747 quod
363 2696 542 2748 propter
585 2690 802 2734 Messalae
845 2704 1001 2734 nomen
1035 2705 1131 2734 cum
1164 2691 1420 2734 Tibullianis
1451 2693 1495 2735 id
1527 2694 1729 2748 coniungi
1763 2694 1910 2749 place-

207 2779 287 2818 ret.
347 2773 460 2818 Illud
491 2771 596 2821 mihi
622 2774 849 2831 probabile
881 2774 1074 2828 videtur,
1107 2755 1467 2829 quemadmodum
1499 2776 1590 2820 dixi
1621 2777 1664 2821 in
1698 2778 1798 2822 Vita
1828 2777 1908 2820 Ti-

209 2857 339 2912 bulli,
380 2855 462 2901 hoc
494 2856 731 2901 amicorum
761 2855 931 2901 cuidam
961 2870 1155 2901 meorum
1188 2859 1400 2913 placebat.
