2158 3750
716 242 894 293 LIBR.
935 244 975 292 Ι.
1046 241 1242 292 ELEG.
1285 243 1325 291 Ι.
1799 243 1866 288 25

172 394 299 437 habet
329 396 557 450 repetitio,
599 398 659 439 ita
690 399 914 441 transitum
947 397 1001 440 ad
1045 398 1268 452 sequentia
1310 399 1454 452 parat,
1499 399 1547 437 ut
1589 394 1772 450 saepius.
1809 416 1866 427 —

170 490 276 519 non
322 483 414 520 tua
455 484 585 520 sunt
628 479 765 521 duro
806 478 1151 534 praecordia
1197 479 1355 521 ferro
1395 477 1609 520 vincta.
1686 476 1864 530 Simpli-

169 560 339 601 cissima
385 561 550 603 ratione
598 560 825 602 Honssnus
874 555 1096 615 σιδήρεον,
1141 556 1323 612 χάλκεον
1370 555 1540 610 θυμόν,
1592 547 1698 616 ἦτορ
1747 559 1866 611 dicit,

169 655 422 696 quamquam
453 655 551 684 raro
573 642 697 684 -malo
723 652 881 693 sensu,
914 641 1165 694 plerumque
1197 642 1324 684 bono.
1386 643 1548 685 Postea
1577 653 1682 684 vero
1713 646 1865 683 ornata

170 724 288 766 vario
325 724 454 767 modo
492 724 654 766 locutio
693 727 784 775 eat,
825 734 924 764 cum
940 732 945 738 ·
963 727 1038 764 aut
1080 724 1416 777 circumdatum,
1459 724 1693 768 obductum
1734 723 1865 778 ferro,

168 819 270 848 aere
299 819 399 859 cor,
429 811 580 861 pectus
611 805 819 848 draken&
834 810 917 869 au}
939 805 1081 862 ipsum
1114 819 1191 848 cor
1221 819 1248 848 e
1278 805 1396 848 ferro
1425 819 1588 850 saxove
1618 807 1864 858 conflatum,

169 887 236 928 vei
274 887 316 928 in
358 887 489 929 corde
521 886 685 931 fen-um
718 893 774 928 an
925 947 930 951 ⁴
987 894 995 919 2
1014 891 1066 928 et
1096 887 1299 942 scopulos
1331 888 1488 933 inesse.
1564 889 1675 933 Vide
1706 890 1864 933 hrum

166 970 472 1012 Gssmunmm
511 974 570 1012 et‘
595 970 755 1012 Bizone
864 969 867 971 ’
897 957 899 961 ⁷
997 963 1181 1015 *Uknu
1225 970 1280 1013 ad
1313 969 1352 1014 h.
1385 973 1439 1024 1.‚
1484 971 1780 1014 Mrmscnmu..
1811 972 1866 1013 ad

167 1050 319 1093 Horat.
352 1050 387 1103 Ι,
417 1053 536 1104 3,.9.
606 1051 754 1095 emm.
795 1031 1151 1107 &me-m.
1183 1053 1260 1106 lv,
1291 1056 1393 1097 365.
1445 1054 1629 1097 Bmm.
1660 1054 1715 1096 ad
1750 1055 1861 1095 stat.

167 1134 304 1179 Theb.
324 1136 414 1188 lv,
447 1138 548 1178 340.
601 1114 864 1200 nonnam.
886 1137 948 1180 -ud
979 1135 1154 1184 Antinoi.
1185 1138 1281 1180 Lat.
1315 1139 1395 1193 111,
1427 1142 1530 1193 275,
1565 1144 1603 1183 1.
1664 1141 1865 1183 emam.

167 1221 211 1259 et
241 1218 431 1260 Gusmc.
477 1218 836 1264 advovidzflet.
870 1221 964 1273 VII,
1005 1226 1090 1266 33.
1123 1236 1203 1266 nos
1243 1223 1298 1266 ad
1338 1223 1478 1268 Pmn.
1527 1224 1702 1279 Fragm.
1747 1225 1864 1266 Scoi.

168 1314 207 1354 p.
242 1303 344 1342 643.
420 1301 548 1357 Apud
579 1295 801 1345 Tibullum
832 1301 967 1360 firro
998 1302 1151 1346 vincta
1191 1311 1316 1348 sunt:
1358 1306 1523 1349 inclusa
1553 1311 1600 1349 et
1638 1307 1869 1349 constricta

168 1383 308 1436 ferro,
342 1384 476 1427 veluti
505 1386 550 1428 in
581 1387 769 1429 carmine
799 1387 944 1444 Priafr.
963 1391 1048 1442 63,
1091 1401 1131 1432 v.
1163 1393 1204 1431 6.
1269 1389 1480 1432 ΑΝΤΗοι.
1513 1389 1684 1432 ΒΑΤῙΝ.
1717 1389 1866 1432 Burm.

168 1466 495 1525 estv‘n'getque
526 1467 638 1510 duro
670 1465 809 1509 barba
840 1467 995 1509 vincta
1026 1468 1258 1525 crystallo.
1320 1469 1436 1512 Infra
1467 1469 1502 1522 I,
1533 1473 1578 1524 9,
1608 1474 1680 1512 69.
1714 1469 1870 1512 habes:

168 1547 504 1591 aamrhcertos
541 1551 717 1594 vincire.
781 1551 1063 1607 Comparabis
1094 1554 1223 1595 etiam
1255 1554 1451 1607 Graeca,
1494 1559 1541 1596 ut
1577 1554 1870 1606 χαλκοδέτους

168 1627 302 1679 ariade
327 1633 467 1678 Sopn.
486 1635 585 1686 Ant.
605 1637 705 1678 945.
742 1641 787 1678 et
812 1632 1139 1686 ἐλεφαντόδετος
1167 1637 1285 1690 lyrae
1309 1636 1554 1692 epitheton3
1583 1638 1665 1679 alia
1684 1638 1870 1679 Hnsmr-

169 1727 274 1757 st
305 1717 444 1759 affert.
477 1737 534 1750 -—
566 1718 619 1759 V.
648 1719 718 1760 64.
751 1718 935 1760 necin
969 1723 1173 1761 tenero
1205 1724 1322 1761 stat
1354 1719 1459 1761 tibi
1494 1718 1670 1762 corde
1701 1719 1872 1773 silex,

166 1800 241 1842 ubi
285 1807 410 1842 stare
453 1805 522 1844 est
569 1801 831 1845 immobilem
859 1806 975 1845 'esse
1019 1806 1196 1845 notante
1240 1803 1428 1856 Vossm,
1474 1803 1870 1854 Wmmssnmcmo,

166 1882 431 1936 Huscmno,
462 1884 520 1927 cf.
549 1884 659 1927 infra
689 1885 747 1938 11,
775 1888 817 1939 4,
848 1889 892 1929 9.
925 1891 970 1928 et
1002 1887 1139 1931 Vmc.
1173 1889 1280 1930 Aen.
1318 1887 1391 1939 Vl,
1429 1889 1518 1929 470
1539 1902 1552 1929 ε
1598 1887 1692 1928 Nec
1725 1887 1871 1944 magis

166 1966 338 2021 incepto
371 1965 547 2008 vultum
585 1981 780 2010 sermone
812 1976 1040 2016 movetur,
1086 1983 1220 2027 quam
1260 1969 1301 2009 si
1346 1967 1463 2009 dara
1505 1967 1618 2009 silex
1660 1977 1745 2010 aut
1779 1975 1872 2011 stet

166 2049 398 2106 Marpesia
433 2058 603 2093 cautes.
638 2051 761 2096 Adde
792 2053 1004 2097 SAwrssn.
1034 2054 1088 2096 ad
1119 2053 1322 2109 Propert.
1352 2052 1428 2105 IV,
1464 2055 1535 2104 11,
1569 2053 1611 2095 4.
1676 2051 1870 2094 Coniun-

166 2133 233 2187 git
263 2139 405 2176 autem
437 2133 544 2177 duas
573 2135 813 2178 locutiones
843 2148 922 2192 per
951 2137 1357 2192 amplificationem,
1387 2115 1604 2177 ‘intentius'
1633 2135 1869 2178 admonens

167 2214 333 2258 Deliam
365 2228 420 2259 ne
447 2216 524 2258 flat
553 2214 686 2270 dura,
728 2216 830 2259 dum
861 2217 925 2259 sio
955 2217 1112 2260 laudat.
1147 2242 1206 2250 -
1247 2219 1300 2261 V.
1333 2220 1392 2260 65
1423 2231 1516 2272 sqq.
1562 2230 1668 2260 non
1712 2219 1870 2260 iuve-

172 2298 283 2350 nis,
313 2309 415 2339 non
446 2297 624 2352 virgo.
686 2297 875 2341 Attende
906 2297 1084 2340 formam
1116 2300 1213 2341 loci.
1278 2299 1458 2341 Dixerat
1486 2299 1541 2341 de
1571 2299 1722 2342 Deliae
1749 2301 1871 2342 luctu

172 2379 373 2433 dicetque
419 2379 563 2421 statim
607 2380 788 2433 iterum,
834 2380 1068 2436 interponit
1109 2393 1212 2423 vero
1264 2382 1405 2424 iocum
1451 2382 1507 2424 de
1539 2383 1657 2424 luctu
1689 2383 1868 2425 aliarum

171 2463 380 2515 virginum
412 2466 458 2503 et
487 2461 711 2514 iuvenum,
751 2460 922 2504 fidelem
962 2467 1197 2504 amatorem
1228 2468 1441 2506 mortuum
1477 2465 1602 2506 simul
1635 2466 1711 2519 qui
1742 2466 1870 2520 iuge-

171 2545 289 2588 bunt.
351 2543 632 2587 Nominamua
671 2543 822 2586 orbem
861 2556 940 2598 per
973 2543 1344 2599 interpositionem
1375 2547 1508 2589 talem
1538 2546 1718 2589 formam
1749 2561 1871 2590 com-

170 2628 406 2685 positionis.
426 2649 482 2661 —
515 2629 567 2670 V.
590 2631 662 2670 67.
692 2627 777 2670 Tu
807 2627 1004 2670 Manes
1034 2640 1100 2670 ne
1131 2628 1301 2671 laede
1332 2641 1488 2672 meos
1519 2634 1604 2674 etc.
1664 2630 1794 2673 Flere
1826 2635 1871 2672 et

169 2713 307 2755 crinea
330 2710 678 2755 solutos-babere
700 2716 1049 2765 consentaneum,
1081 2713 1118 2755 si
1145 2725 1248 2756 vero
1273 2713 1404 2755 etiam
1432 2713 1706 2757 abscinderet
1730 2715 1870 2758 crines

171 2797 294 2840 Deiia
324 2802 369 2839 et
398 2808 532 2851 genas
562 2797 795 2850 laceraret,
837 2809 973 2852 aegre
1000 2796 1163 2840 ferrent
1191 2796 1272 2840 hoc
1303 2798 1458 2840 Manes
1489 2804 1670 2852 poetae,
1713 2797 1870 2851 quibus

172 2879 298 2921 etiam
330 2878 374 2920 in
401 2878 521 2921 Orco
550 2876 1114 2935 cnm-mosaevpueuae.
1176 2879 1364 2922 Omnino
1394 2879 1506 2922 iaedi
1536 2893 1684 2923 manes
1715 2881 1870 2923 immo-

171 2961 268 3004 dico
296 2961 415 3003 luctu
447 2961 604 3016 passim
635 2962 823 3017 iegitur,
860 2966 1036 3018 praeter
1064 2964 1369 3007 Summanum
1401 2963 1456 3006 cf.
1489 2963 1782 3007 Bnoucxnus.
1815 2966 1871 3007 ad

173 3043 211 3084 h.
255 3044 280 3085 Ι.
325 3048 371 3086 et
413 3042 566 3086 Burni.
605 3043 711 3087 Sne.
743 3042 799 3086 ad
831 3042 1002 3088 Anthol.
1035 3043 1091 3089 T.
1122 3045 1179 3098 ΙΙ,
1211 3060 1253 3101 p.
1287 3049 1328 3088 9.
1365 3049 1435 3090 10.
1483 3052 1528 3090 et
1558 3047 1765 3091 chnm.
1813 3048 1870 3091 de

172 3127 279 3171 Fun.
314 3127 443 3170 Rom.
473 3126 550 3179 lv,
582 3130 653 3169 10.
689 3139 801 3181 quae
830 3129 915 3171 iam
943 3126 1163 3173 fluxurus
1194 3131 1352 3174 attulit.
1385 3151 1439 3163 -
1490 3144 1664 3183 parce
1694 3131 1777 3173 cri
1796 3132 1872 3173 ιιί-

174 3210 282 3251 bus.
324 3210 560 3251 Pnomm'r.
595 3209 629 3261 Ι,
662 3212 732 3262 17,
757 3212 840 3251 21:
873 3208 967 3252 Illa
999 3222 1090 3253 meo
1125 3226 1253 3255 caros
1283 3212 1492 3255 donasset
1516 3213 1684 3271 funere
1715 3213 1871 3255 crines.

174 3291 309 3331 Ovio.
344 3290 520 3334 Heroid.
555 3290 631 3342 xl,
665 3294 774 3333 115:
830 3305 915 3333 non
952 3291 1061 3335 mila·
1102 3301 1145 3335 te
1192 3293 1320 3336 licuit
1364 3295 1558 3337 lacrimis
1597 3295 1870 3353 perfundere

174 3375 329 3415 mstis.
365 3373 410 3414 in
441 3382 523 3415 tua
552 3390 637 3415 non
667 3382 820 3417 tonsas
844 3374 973 3434 ferre
997 3377 1233 3435 sepulchra
1261 3394 1418 3422 comas.
1484 3379 1707 3423 Ponebant
1734 3379 1873 3421 crines
