<?xml version="1.0" encoding="UTF-8"?>
<!DOCTYPE html PUBLIC "-//W3C//DTD XHTML 1.0 Transitional//EN"
    "http://www.w3.org/TR/xhtml1/DTD/xhtml1-transitional.dtd">
<html xmlns="http://www.w3.org/1999/xhtml" xml:lang="en" lang="en">
 <head>
  <title>
</title>
<meta http-equiv="Content-Type" content="text/html;charset=utf-8" />
  <meta name='ocr-system' content='tesseract 3.04.00' />
  <meta name='ocr-capabilities' content='ocr_page ocr_carea ocr_par ocr_line ocrx_word'/>
</head>
<body>
  <div class='ocr_page' id='page_1' title='image "./carminaexrecensi01tibuuoft_0202.png"; bbox 0 0 2086 3756; ppageno 0'>
   <div class='ocr_carea' id='block_1_1' title="bbox 177 247 1365 310">
    <p class='ocr_par' dir='ltr' id='par_1_1' title="bbox 177 247 1365 310">
     <span class='ocr_line' id='line_1_1' title="bbox 177 247 1365 310; baseline -0.005 0"><span class='ocrx_word' id='word_1_1' title='bbox 177 252 216 310; x_wconf 69' lang='lat'>4</span> <span class='ocrx_word' id='word_1_2' title='bbox 710 247 1017 307; x_wconf 88' lang='lat' dir='ltr'>TIBULLI</span> <span class='ocrx_word' id='word_1_3' title='bbox 1073 247 1215 309; x_wconf 75' lang='grc' dir='ltr'>ΜΒ.</span> <span class='ocrx_word' id='word_1_4' title='bbox 1252 247 1294 307; x_wconf 92' lang='grc' dir='ltr'>Ι.</span> <span class='ocrx_word' id='word_1_5' title='bbox 1326 260 1365 304; x_wconf 90' lang='lat'>1.</span> 
     </span>
    </p>
   </div>
   <div class='ocr_carea' id='block_1_2' title="bbox 170 399 1876 2955">
    <p class='ocr_par' dir='ltr' id='par_1_2' title="bbox 170 399 1876 2955">
     <span class='ocr_line' id='line_1_2' title="bbox 244 399 1673 482; baseline -0.002 -20"><span class='ocrx_word' id='word_1_6' title='bbox 244 404 324 462; x_wconf 80' lang='lat' dir='ltr'>Te</span> <span class='ocrx_word' id='word_1_7' title='bbox 366 403 573 462; x_wconf 85' lang='lat' dir='ltr'>bellare</span> <span class='ocrx_word' id='word_1_8' title='bbox 619 401 779 461; x_wconf 84' lang='lat' dir='ltr'>decet</span> <span class='ocrx_word' id='word_1_9' title='bbox 822 415 1000 474; x_wconf 87' lang='lat' dir='ltr'>terra,</span> <span class='ocrx_word' id='word_1_10' title='bbox 1057 399 1331 472; x_wconf 80' lang='lat' dir='ltr'>Messala,</span> <span class='ocrx_word' id='word_1_11' title='bbox 1387 400 1673 482; x_wconf 84' lang='lat' dir='ltr'>marique,</span> 
     </span>
     <span class='ocr_line' id='line_1_3' title="bbox 332 506 1557 590; baseline -0.003 -22"><span class='ocrx_word' id='word_1_12' title='bbox 332 514 404 568; x_wconf 87' lang='lat' dir='ltr'>Ut</span> <span class='ocrx_word' id='word_1_13' title='bbox 452 510 653 568; x_wconf 86' lang='lat' dir='ltr'>domus</span> <span class='ocrx_word' id='word_1_14' title='bbox 698 507 929 567; x_wconf 80' lang='lat' dir='ltr'>hostiles</span> <span class='ocrx_word' id='word_1_15' title='bbox 975 508 1259 590; x_wconf 84' lang='lat' dir='ltr'>praeferat</span> <span class='ocrx_word' id='word_1_16' title='bbox 1302 506 1557 565; x_wconf 83' lang='lat' dir='ltr'>exuvias:</span> 
     </span>
     <span class='ocr_line' id='line_1_4' title="bbox 174 611 1774 695; baseline -0.003 -20"><span class='ocrx_word' id='word_1_17' title='bbox 174 631 231 674; x_wconf 89' lang='grc'>55</span> <span class='ocrx_word' id='word_1_18' title='bbox 250 618 343 675; x_wconf 90' lang='lat' dir='ltr'>Me</span> <span class='ocrx_word' id='word_1_19' title='bbox 390 616 632 674; x_wconf 80' lang='lat' dir='ltr'>retinent</span> <span class='ocrx_word' id='word_1_20' title='bbox 672 615 923 675; x_wconf 86' lang='lat' dir='ltr'>vinctum</span> <span class='ocrx_word' id='word_1_21' title='bbox 965 615 1248 675; x_wconf 86' lang='lat' dir='ltr'>formosae</span> <span class='ocrx_word' id='word_1_22' title='bbox 1293 613 1476 674; x_wconf 86' lang='lat' dir='ltr'>vincla</span> <span class='ocrx_word' id='word_1_23' title='bbox 1520 611 1774 695; x_wconf 89' lang='lat' dir='ltr'>puellae,</span> 
     </span>
     <span class='ocr_line' id='line_1_5' title="bbox 325 721 1460 782; baseline -0.001 -2"><span class='ocrx_word' id='word_1_24' title='bbox 325 723 397 780; x_wconf 88' lang='lat' dir='ltr'>Et</span> <span class='ocrx_word' id='word_1_25' title='bbox 440 721 609 781; x_wconf 84' lang='lat' dir='ltr'>sedeo</span> <span class='ocrx_word' id='word_1_26' title='bbox 656 722 829 782; x_wconf 84' lang='lat' dir='ltr'>duras</span> <span class='ocrx_word' id='word_1_27' title='bbox 869 723 1078 782; x_wconf 85' lang='lat' dir='ltr'>ianitor</span> <span class='ocrx_word' id='word_1_28' title='bbox 1122 737 1249 782; x_wconf 85' lang='lat' dir='ltr'>ante</span> <span class='ocrx_word' id='word_1_29' title='bbox 1293 722 1460 780; x_wconf 87' lang='lat' dir='ltr'>fores.</span> 
     </span>
     <span class='ocr_line' id='line_1_6' title="bbox 242 828 1659 909; baseline -0.003 -20"><span class='ocrx_word' id='word_1_30' title='bbox 242 832 371 890; x_wconf 87' lang='lat' dir='ltr'>Non</span> <span class='ocrx_word' id='word_1_31' title='bbox 414 853 521 909; x_wconf 83' lang='lat' dir='ltr'>ego</span> <span class='ocrx_word' id='word_1_32' title='bbox 568 829 790 890; x_wconf 86' lang='lat' dir='ltr'>laudari</span> <span class='ocrx_word' id='word_1_33' title='bbox 834 854 1002 890; x_wconf 86' lang='lat' dir='ltr'>curo:</span> <span class='ocrx_word' id='word_1_34' title='bbox 1062 854 1188 889; x_wconf 88' lang='lat' dir='ltr'>mea</span> <span class='ocrx_word' id='word_1_35' title='bbox 1231 828 1426 900; x_wconf 89' lang='lat' dir='ltr'>Delia,</span> <span class='ocrx_word' id='word_1_36' title='bbox 1478 841 1659 886; x_wconf 85' lang='lat' dir='ltr'>tecum</span> 
     </span>
     <span class='ocr_line' id='line_1_7' title="bbox 326 937 1863 1021; baseline -0.003 -25"><span class='ocrx_word' id='word_1_37' title='bbox 326 938 479 996; x_wconf 87' lang='lat' dir='ltr'>Dum</span> <span class='ocrx_word' id='word_1_38' title='bbox 524 938 698 997; x_wconf 86' lang='lat' dir='ltr'>modo</span> <span class='ocrx_word' id='word_1_39' title='bbox 741 938 873 1011; x_wconf 89' lang='lat' dir='ltr'>sim,</span> <span class='ocrx_word' id='word_1_40' title='bbox 920 962 1130 1021; x_wconf 85' lang='lat' dir='ltr'>quaeso</span> <span class='ocrx_word' id='word_1_41' title='bbox 1167 937 1356 1018; x_wconf 77' lang='lat' dir='ltr'>segnis</span> <span class='ocrx_word' id='word_1_42' title='bbox 1393 937 1659 1018; x_wconf 88' lang='lat' dir='ltr'>inersque</span> <span class='ocrx_word' id='word_1_43' title='bbox 1697 957 1863 993; x_wconf 88' lang='lat' dir='ltr'>vocer</span> 
     </span>
     <span class='ocr_line' id='line_1_8' title="bbox 239 1042 1794 1127; baseline -0.002 -24"><span class='ocrx_word' id='word_1_44' title='bbox 239 1046 321 1104; x_wconf 92' lang='lat' dir='ltr'>Te</span> <span class='ocrx_word' id='word_1_45' title='bbox 368 1060 645 1127; x_wconf 79' lang='lat' dir='ltr'>spectem,</span> <span class='ocrx_word' id='word_1_46' title='bbox 704 1069 971 1127; x_wconf 88' lang='lat' dir='ltr'>suprema</span> <span class='ocrx_word' id='word_1_47' title='bbox 1010 1046 1152 1104; x_wconf 87' lang='lat' dir='ltr'>mihi</span> <span class='ocrx_word' id='word_1_48' title='bbox 1197 1069 1325 1104; x_wconf 90' lang='lat' dir='ltr'>cum</span> <span class='ocrx_word' id='word_1_49' title='bbox 1366 1043 1580 1104; x_wconf 86' lang='lat' dir='ltr'>venerit</span> <span class='ocrx_word' id='word_1_50' title='bbox 1621 1042 1794 1114; x_wconf 86' lang='lat' dir='ltr'>hora,</span> 
     </span>
     <span class='ocr_line' id='line_1_9' title="bbox 174 1152 1546 1212; baseline -0.001 -2"><span class='ocrx_word' id='word_1_51' title='bbox 174 1168 233 1210; x_wconf 84' lang='lat'>60</span> <span class='ocrx_word' id='word_1_52' title='bbox 333 1155 413 1212; x_wconf 91' lang='lat' dir='ltr'>Te</span> <span class='ocrx_word' id='word_1_53' title='bbox 460 1169 679 1212; x_wconf 87' lang='lat' dir='ltr'>teneam</span> <span class='ocrx_word' id='word_1_54' title='bbox 724 1153 973 1211; x_wconf 87' lang='lat' dir='ltr'>moriens</span> <span class='ocrx_word' id='word_1_55' title='bbox 1021 1152 1314 1211; x_wconf 83' lang='lat' dir='ltr'>deficiente</span> <span class='ocrx_word' id='word_1_56' title='bbox 1358 1176 1546 1210; x_wconf 83' lang='lat' dir='ltr'>manu.</span> 
     </span>
     <span class='ocr_line' id='line_1_10' title="bbox 239 1257 1710 1341; baseline -0.002 -22"><span class='ocrx_word' id='word_1_57' title='bbox 239 1260 430 1319; x_wconf 87' lang='lat' dir='ltr'>Flebis</span> <span class='ocrx_word' id='word_1_58' title='bbox 478 1275 531 1319; x_wconf 87' lang='lat' dir='ltr'>et</span> <span class='ocrx_word' id='word_1_59' title='bbox 571 1283 771 1319; x_wconf 88' lang='lat' dir='ltr'>arsuro</span> <span class='ocrx_word' id='word_1_60' title='bbox 816 1259 1066 1341; x_wconf 88' lang='lat' dir='ltr'>positum</span> <span class='ocrx_word' id='word_1_61' title='bbox 1105 1281 1224 1332; x_wconf 88' lang='lat' dir='ltr'>me,</span> <span class='ocrx_word' id='word_1_62' title='bbox 1281 1257 1478 1331; x_wconf 86' lang='lat' dir='ltr'>Delia,</span> <span class='ocrx_word' id='word_1_63' title='bbox 1534 1257 1710 1328; x_wconf 76' lang='lat' dir='ltr'>lecte,</span> 
     </span>
     <span class='ocr_line' id='line_1_11' title="bbox 329 1365 1682 1428; baseline 0.002 -3"><span class='ocrx_word' id='word_1_64' title='bbox 329 1367 616 1426; x_wconf 73' lang='lat' dir='ltr'>Tristibus</span> <span class='ocrx_word' id='word_1_65' title='bbox 660 1382 713 1427; x_wconf 90' lang='lat' dir='ltr'>et</span> <span class='ocrx_word' id='word_1_66' title='bbox 756 1366 1003 1427; x_wconf 83' lang='lat' dir='ltr'>lacrimis</span> <span class='ocrx_word' id='word_1_67' title='bbox 1051 1365 1243 1426; x_wconf 88' lang='lat' dir='ltr'>oscula</span> <span class='ocrx_word' id='word_1_68' title='bbox 1281 1366 1455 1426; x_wconf 84' lang='lat' dir='ltr'>mixta</span> <span class='ocrx_word' id='word_1_69' title='bbox 1499 1365 1682 1428; x_wconf 78' lang='lat' dir='ltr'>dabis·</span> 
     </span>
     <span class='ocr_line' id='line_1_12' title="bbox 241 1474 1718 1558; baseline -0.001 -25"><span class='ocrx_word' id='word_1_70' title='bbox 241 1474 461 1534; x_wconf 84' lang='lat' dir='ltr'>Flebis:</span> <span class='ocrx_word' id='word_1_71' title='bbox 527 1499 646 1535; x_wconf 87' lang='lat' dir='ltr'>non</span> <span class='ocrx_word' id='word_1_72' title='bbox 682 1490 780 1535; x_wconf 88' lang='lat' dir='ltr'>tua</span> <span class='ocrx_word' id='word_1_73' title='bbox 819 1490 952 1535; x_wconf 90' lang='lat' dir='ltr'>sunt</span> <span class='ocrx_word' id='word_1_74' title='bbox 997 1475 1142 1535; x_wconf 82' lang='lat' dir='ltr'>duro</span> <span class='ocrx_word' id='word_1_75' title='bbox 1186 1474 1524 1558; x_wconf 86' lang='lat' dir='ltr'>praecordia</span> <span class='ocrx_word' id='word_1_76' title='bbox 1563 1474 1718 1534; x_wconf 87' lang='lat' dir='ltr'>ferro</span> 
     </span>
     <span class='ocr_line' id='line_1_13' title="bbox 327 1580 1780 1664; baseline -0.002 -21"><span class='ocrx_word' id='word_1_77' title='bbox 327 1583 561 1656; x_wconf 84' lang='lat' dir='ltr'>Vincta,</span> <span class='ocrx_word' id='word_1_78' title='bbox 620 1607 724 1643; x_wconf 90' lang='lat' dir='ltr'>nec</span> <span class='ocrx_word' id='word_1_79' title='bbox 772 1583 833 1642; x_wconf 88' lang='lat' dir='ltr'>in</span> <span class='ocrx_word' id='word_1_80' title='bbox 874 1598 1226 1664; x_wconf 88' lang='lat' dir='ltr'>tenerostat</span> <span class='ocrx_word' id='word_1_81' title='bbox 1262 1584 1366 1643; x_wconf 90' lang='lat' dir='ltr'>tibi</span> <span class='ocrx_word' id='word_1_82' title='bbox 1412 1582 1583 1643; x_wconf 87' lang='lat' dir='ltr'>corde</span> <span class='ocrx_word' id='word_1_83' title='bbox 1629 1580 1780 1641; x_wconf 84' lang='lat' dir='ltr'>silex.</span> 
     </span>
     <span class='ocr_line' id='line_1_14' title="bbox 172 1690 1730 1773; baseline -0.001 -24"><span class='ocrx_word' id='word_1_84' title='bbox 172 1690 346 1750; x_wconf 83' lang='lat' dir='ltr'>65Illo</span> <span class='ocrx_word' id='word_1_85' title='bbox 390 1715 508 1749; x_wconf 88' lang='lat' dir='ltr'>non</span> <span class='ocrx_word' id='word_1_86' title='bbox 548 1691 766 1750; x_wconf 83' lang='lat' dir='ltr'>iuvenis</span> <span class='ocrx_word' id='word_1_87' title='bbox 810 1691 1018 1773; x_wconf 80' lang='lat' dir='ltr'>poterit</span> <span class='ocrx_word' id='word_1_88' title='bbox 1066 1691 1137 1750; x_wconf 83' lang='lat' dir='ltr'>de</span> <span class='ocrx_word' id='word_1_89' title='bbox 1182 1692 1382 1750; x_wconf 87' lang='lat' dir='ltr'>funere</span> <span class='ocrx_word' id='word_1_90' title='bbox 1427 1690 1730 1772; x_wconf 89' lang='lat' dir='ltr'>quisquam</span> 
     </span>
     <span class='ocr_line' id='line_1_15' title="bbox 326 1797 1768 1879; baseline -0.002 -22"><span class='ocrx_word' id='word_1_91' title='bbox 326 1798 602 1871; x_wconf 87' lang='lat' dir='ltr'>Lumina,</span> <span class='ocrx_word' id='word_1_92' title='bbox 658 1822 776 1857; x_wconf 89' lang='lat' dir='ltr'>non</span> <span class='ocrx_word' id='word_1_93' title='bbox 819 1799 1010 1879; x_wconf 84' lang='lat' dir='ltr'>virgO,</span> <span class='ocrx_word' id='word_1_94' title='bbox 1067 1799 1216 1858; x_wconf 84' lang='lat' dir='ltr'>sicca</span> <span class='ocrx_word' id='word_1_95' title='bbox 1259 1798 1469 1857; x_wconf 86' lang='lat' dir='ltr'>referre</span> <span class='ocrx_word' id='word_1_96' title='bbox 1517 1797 1768 1856; x_wconf 87' lang='lat' dir='ltr'>domum.</span> 
     </span>
     <span class='ocr_line' id='line_1_16' title="bbox 234 1903 1751 1988; baseline 0.001 -25"><span class='ocrx_word' id='word_1_97' title='bbox 234 1907 326 1963; x_wconf 92' lang='lat' dir='ltr'>Tu</span> <span class='ocrx_word' id='word_1_98' title='bbox 370 1906 572 1964; x_wconf 85' lang='lat' dir='ltr'>Manes</span> <span class='ocrx_word' id='word_1_99' title='bbox 619 1929 691 1964; x_wconf 84' lang='lat' dir='ltr'>ne</span> <span class='ocrx_word' id='word_1_100' title='bbox 738 1905 900 1965; x_wconf 89' lang='lat' dir='ltr'>laede</span> <span class='ocrx_word' id='word_1_101' title='bbox 943 1929 1129 1978; x_wconf 81' lang='lat' dir='ltr'>meOS,</span> <span class='ocrx_word' id='word_1_102' title='bbox 1190 1906 1291 1965; x_wconf 89' lang='lat' dir='ltr'>sed</span> <span class='ocrx_word' id='word_1_103' title='bbox 1334 1929 1505 1988; x_wconf 86' lang='lat' dir='ltr'>parce</span> <span class='ocrx_word' id='word_1_104' title='bbox 1552 1903 1751 1964; x_wconf 89' lang='lat' dir='ltr'>solutis</span> 
     </span>
     <span class='ocr_line' id='line_1_17' title="bbox 328 2011 1672 2095; baseline 0 -25"><span class='ocrx_word' id='word_1_105' title='bbox 328 2012 596 2072; x_wconf 87' lang='lat' dir='ltr'>Crinibus</span> <span class='ocrx_word' id='word_1_106' title='bbox 640 2027 694 2071; x_wconf 91' lang='lat' dir='ltr'>et</span> <span class='ocrx_word' id='word_1_107' title='bbox 735 2013 971 2086; x_wconf 86' lang='lat' dir='ltr'>teneris,</span> <span class='ocrx_word' id='word_1_108' title='bbox 1028 2011 1226 2086; x_wconf 84' lang='lat' dir='ltr'>Delia,</span> <span class='ocrx_word' id='word_1_109' title='bbox 1279 2036 1451 2095; x_wconf 84' lang='lat' dir='ltr'>parce</span> <span class='ocrx_word' id='word_1_110' title='bbox 1497 2011 1672 2092; x_wconf 83' lang='lat' dir='ltr'>geniS.</span> 
     </span>
     <span class='ocr_line' id='line_1_18' title="bbox 237 2119 1763 2200; baseline -0.001 -20"><span class='ocrx_word' id='word_1_111' title='bbox 237 2122 489 2192; x_wconf 76' lang='lat' dir='ltr'>Interea,</span> <span class='ocrx_word' id='word_1_112' title='bbox 548 2119 685 2179; x_wconf 88' lang='lat' dir='ltr'>dum</span> <span class='ocrx_word' id='word_1_113' title='bbox 725 2120 842 2179; x_wconf 87' lang='lat' dir='ltr'>fata</span> <span class='ocrx_word' id='word_1_114' title='bbox 886 2120 1109 2193; x_wconf 89' lang='lat' dir='ltr'>sinunt,</span> <span class='ocrx_word' id='word_1_115' title='bbox 1161 2121 1467 2200; x_wconf 86' lang='lat' dir='ltr'>iungamus</span> <span class='ocrx_word' id='word_1_116' title='bbox 1513 2142 1763 2179; x_wconf 88' lang='lat' dir='ltr'>amores:</span> 
     </span>
     <span class='ocr_line' id='line_1_19' title="bbox 175 2227 1740 2309; baseline -0.001 -22"><span class='ocrx_word' id='word_1_117' title='bbox 175 2246 235 2288; x_wconf 87' lang='lat'>70</span> <span class='ocrx_word' id='word_1_118' title='bbox 333 2230 454 2287; x_wconf 88' lang='lat' dir='ltr'>Iam</span> <span class='ocrx_word' id='word_1_119' title='bbox 501 2228 682 2287; x_wconf 87' lang='lat' dir='ltr'>veniet</span> <span class='ocrx_word' id='word_1_120' title='bbox 725 2228 975 2287; x_wconf 87' lang='lat' dir='ltr'>tenebris</span> <span class='ocrx_word' id='word_1_121' title='bbox 1019 2250 1173 2287; x_wconf 88' lang='lat' dir='ltr'>mors</span> <span class='ocrx_word' id='word_1_122' title='bbox 1221 2227 1495 2308; x_wconf 89' lang='lat' dir='ltr'>adoperta</span> <span class='ocrx_word' id='word_1_123' title='bbox 1538 2242 1740 2309; x_wconf 86' lang='lat' dir='ltr'>caput,</span> 
     </span>
     <span class='ocr_line' id='line_1_20' title="bbox 235 2333 1856 2417; baseline -0.001 -23"><span class='ocrx_word' id='word_1_124' title='bbox 235 2337 354 2394; x_wconf 86' lang='lat' dir='ltr'>Iam</span> <span class='ocrx_word' id='word_1_125' title='bbox 400 2335 670 2417; x_wconf 87' lang='lat' dir='ltr'>subrepet</span> <span class='ocrx_word' id='word_1_126' title='bbox 712 2335 864 2395; x_wconf 90' lang='lat' dir='ltr'>iners</span> <span class='ocrx_word' id='word_1_127' title='bbox 913 2349 1094 2408; x_wconf 80' lang='lat' dir='ltr'>aetaS,</span> <span class='ocrx_word' id='word_1_128' title='bbox 1151 2357 1337 2417; x_wconf 87' lang='lat' dir='ltr'>neque</span> <span class='ocrx_word' id='word_1_129' title='bbox 1382 2357 1570 2394; x_wconf 88' lang='lat' dir='ltr'>amare</span> <span class='ocrx_word' id='word_1_130' title='bbox 1618 2333 1856 2407; x_wconf 86' lang='lat' dir='ltr'>decebit,</span> 
     </span>
     <span class='ocr_line' id='line_1_21' title="bbox 320 2442 1435 2525; baseline 0 -24"><span class='ocrx_word' id='word_1_131' title='bbox 320 2442 524 2503; x_wconf 88' lang='lat' dir='ltr'>Dicere</span> <span class='ocrx_word' id='word_1_132' title='bbox 566 2466 671 2503; x_wconf 87' lang='lat' dir='ltr'>nec</span> <span class='ocrx_word' id='word_1_133' title='bbox 714 2466 856 2503; x_wconf 89' lang='lat' dir='ltr'>cano</span> <span class='ocrx_word' id='word_1_134' title='bbox 892 2442 1201 2503; x_wconf 88' lang='lat' dir='ltr'>blanditias</span> <span class='ocrx_word' id='word_1_135' title='bbox 1248 2442 1435 2525; x_wconf 86' lang='lat' dir='ltr'>capiti.</span> 
     </span>
     <span class='ocr_line' id='line_1_22' title="bbox 234 2549 1875 2632; baseline 0 -24"><span class='ocrx_word' id='word_1_136' title='bbox 234 2551 400 2609; x_wconf 88' lang='lat' dir='ltr'>Nunc</span> <span class='ocrx_word' id='word_1_137' title='bbox 421 2549 555 2609; x_wconf 77' lang='lat' dir='ltr'>levis</span> <span class='ocrx_word' id='word_1_138' title='bbox 578 2565 660 2609; x_wconf 86' lang='lat' dir='ltr'>est</span> <span class='ocrx_word' id='word_1_139' title='bbox 681 2550 977 2610; x_wconf 86' lang='lat' dir='ltr'>tractanda</span> <span class='ocrx_word' id='word_1_140' title='bbox 999 2553 1209 2622; x_wconf 79' lang='lat' dir='ltr'>VenUS,</span> <span class='ocrx_word' id='word_1_141' title='bbox 1245 2550 1382 2609; x_wconf 87' lang='lat' dir='ltr'>dum</span> <span class='ocrx_word' id='word_1_142' title='bbox 1402 2550 1664 2630; x_wconf 84' lang='lat' dir='ltr'>frangere</span> <span class='ocrx_word' id='word_1_143' title='bbox 1685 2564 1875 2632; x_wconf 84' lang='lat' dir='ltr'>postes</span> 
     </span>
     <span class='ocr_line' id='line_1_23' title="bbox 314 2656 1509 2739; baseline -0.001 -23"><span class='ocrx_word' id='word_1_144' title='bbox 314 2658 444 2718; x_wconf 86' lang='lat' dir='ltr'>Non</span> <span class='ocrx_word' id='word_1_145' title='bbox 486 2657 665 2739; x_wconf 88' lang='lat' dir='ltr'>pudet</span> <span class='ocrx_word' id='word_1_146' title='bbox 704 2672 757 2716; x_wconf 88' lang='lat' dir='ltr'>et</span> <span class='ocrx_word' id='word_1_147' title='bbox 803 2657 954 2715; x_wconf 85' lang='lat' dir='ltr'>rixas</span> <span class='ocrx_word' id='word_1_148' title='bbox 998 2657 1304 2715; x_wconf 84' lang='lat' dir='ltr'>inseruisse</span> <span class='ocrx_word' id='word_1_149' title='bbox 1342 2656 1509 2715; x_wconf 85' lang='lat' dir='ltr'>iuvat.</span> 
     </span>
     <span class='ocr_line' id='line_1_24' title="bbox 170 2763 1876 2846; baseline -0.001 -23"><span class='ocrx_word' id='word_1_150' title='bbox 170 2778 228 2824; x_wconf 89' lang='grc'>75</span> <span class='ocrx_word' id='word_1_151' title='bbox 243 2764 350 2823; x_wconf 84' lang='lat' dir='ltr'>Hic</span> <span class='ocrx_word' id='word_1_152' title='bbox 383 2787 487 2843; x_wconf 83' lang='lat' dir='ltr'>ego</span> <span class='ocrx_word' id='word_1_153' title='bbox 520 2764 636 2823; x_wconf 82' lang='lat' dir='ltr'>dux</span> <span class='ocrx_word' id='word_1_154' title='bbox 664 2763 938 2846; x_wconf 89' lang='lat' dir='ltr'>milesque</span> <span class='ocrx_word' id='word_1_155' title='bbox 969 2764 1185 2823; x_wconf 89' lang='lat' dir='ltr'>bonus:</span> <span class='ocrx_word' id='word_1_156' title='bbox 1230 2787 1346 2837; x_wconf 87' lang='lat' dir='ltr'>vos,</span> <span class='ocrx_word' id='word_1_157' title='bbox 1384 2763 1549 2844; x_wconf 84' lang='lat' dir='ltr'>signa</span> <span class='ocrx_word' id='word_1_158' title='bbox 1575 2763 1876 2846; x_wconf 89' lang='lat' dir='ltr'>tubaeque,</span> 
     </span>
     <span class='ocr_line' id='line_1_25' title="bbox 318 2870 1608 2955; baseline -0.001 -24"><span class='ocrx_word' id='word_1_159' title='bbox 318 2872 399 2931; x_wconf 89' lang='lat' dir='ltr'>lte</span> <span class='ocrx_word' id='word_1_160' title='bbox 440 2870 670 2955; x_wconf 87' lang='lat' dir='ltr'>procul,</span> <span class='ocrx_word' id='word_1_161' title='bbox 730 2871 952 2955; x_wconf 86' lang='lat' dir='ltr'>cupidis</span> <span class='ocrx_word' id='word_1_162' title='bbox 997 2871 1231 2932; x_wconf 81' lang='lat' dir='ltr'>vulnera</span> <span class='ocrx_word' id='word_1_163' title='bbox 1275 2871 1414 2932; x_wconf 90' lang='lat' dir='ltr'>ferte</span> <span class='ocrx_word' id='word_1_164' title='bbox 1459 2870 1608 2932; x_wconf 89' lang='lat' dir='ltr'>viris.</span> 
     </span>
    </p>
   </div>
   <div class='ocr_carea' id='block_1_3' title="bbox 287 3139 1528 3186">
    <p class='ocr_par' dir='ltr' id='par_1_3' title="bbox 287 3139 1528 3186">
     <span class='ocr_line' id='line_1_26' title="bbox 287 3139 1528 3186; baseline -0.004 -4"><span class='ocrx_word' id='word_1_165' title='bbox 287 3139 342 3182; x_wconf 89' lang='lat' dir='ltr'>V.</span> <span class='ocrx_word' id='word_1_166' title='bbox 361 3141 434 3182; x_wconf 73' lang='lat'>57.</span> <span class='ocrx_word' id='word_1_167' title='bbox 475 3139 817 3182; x_wconf 55' lang='lat' dir='ltr'>Licnmmwus:</span> <span class='ocrx_word' id='word_1_168' title='bbox 864 3153 995 3186; x_wconf 84' lang='lat' dir='ltr'>curo,</span> <span class='ocrx_word' id='word_1_169' title='bbox 1038 3154 1134 3181; x_wconf 84' lang='lat' dir='ltr'>mea</span> <span class='ocrx_word' id='word_1_170' title='bbox 1165 3139 1326 3181; x_wconf 82' lang='lat' dir='ltr'>Delia:</span> <span class='ocrx_word' id='word_1_171' title='bbox 1369 3147 1528 3180; x_wconf 77' lang='lat' dir='ltr'>tecam.</span> 
     </span>
    </p>
   </div>
   <div class='ocr_carea' id='block_1_4' title="bbox 168 3242 1871 3380">
    <p class='ocr_par' dir='ltr' id='par_1_4' title="bbox 168 3242 1871 3380">
     <span class='ocr_line' id='line_1_27' title="bbox 288 3242 1871 3300; baseline 0 -15"><span class='ocrx_word' id='word_1_172' title='bbox 288 3243 340 3286; x_wconf 86' lang='lat' dir='ltr'>V.</span> <span class='ocrx_word' id='word_1_173' title='bbox 359 3247 431 3286; x_wconf 75' lang='lat'>71.</span> <span class='ocrx_word' id='word_1_174' title='bbox 472 3257 655 3299; x_wconf 84' lang='lat' dir='ltr'>neque</span> <span class='ocrx_word' id='word_1_175' title='bbox 693 3246 786 3287; x_wconf 85' lang='lat' dir='ltr'>iure</span> <span class='ocrx_word' id='word_1_176' title='bbox 826 3245 1065 3300; x_wconf 83' lang='lat' dir='ltr'>praelatum</span> <span class='ocrx_word' id='word_1_177' title='bbox 1103 3259 1129 3288; x_wconf 82' lang='lat' dir='ltr'>a</span> <span class='ocrx_word' id='word_1_178' title='bbox 1160 3245 1481 3297; x_wconf 77' lang='lat' dir='ltr'><strong>LAGHMANNO‚</strong></span> <span class='ocrx_word' id='word_1_179' title='bbox 1525 3242 1653 3286; x_wconf 83' lang='lat' dir='ltr'>etiam</span> <span class='ocrx_word' id='word_1_180' title='bbox 1682 3242 1871 3286; x_wconf 58' lang='grc' dir='ltr'>Ἐπιεικ-</span> 
     </span>
     <span class='ocr_line' id='line_1_28' title="bbox 168 3326 594 3380; baseline 0.007 -14"><span class='ocrx_word' id='word_1_181' title='bbox 168 3336 333 3367; x_wconf 59' lang='lat' dir='ltr'>urs-usn</span> <span class='ocrx_word' id='word_1_182' title='bbox 374 3326 594 3380; x_wconf 85' lang='lat' dir='ltr'>praebent.</span> 
     </span>
    </p>
   </div>
  </div>
 </body>
</html>
