2158 3750
338 277 439 323 188
727 266 1199 320 COMMENTAR.
1239 266 1314 317 IN
1350 266 1638 318 TIBULLI

337 413 465 456 debet
494 415 543 455 ut
574 423 686 454 uxor
715 414 1041 466 corrumpatur3
1071 421 1206 464 quare
1237 407 1354 462 quod
1384 420 1497 450 nuuc
1529 407 1583 450 de
1614 420 1765 451 sorore
1795 407 1914 460 dicit,
1946 419 2029 448 uon

336 503 402 540 est
434 494 712 550 imprecatio,
744 493 822 536 sed
854 494 1120 549 comparatio
1160 492 1406 535 sarcastica.
1439 513 1442 516 ·
1470 491 1580 532 Cum
1610 491 1722 532 enim
1753 488 1858 533 haec
1887 489 2030 532 libidi-

332 578 456 619 nibus
487 576 683 631 pessimis
713 576 908 628 serviret,
938 576 1130 618 similem.
1151 574 1192 616 ei
1225 575 1316 616 vult
1346 586 1442 615 esse
1467 585 1663 614 uxorem.
1724 571 1863 614 Simul
1891 571 2034 614 discas

336 660 432 701 hine
463 643 606 701 veram
641 658 858 701 historiam
889 659 1068 702 subesse
1100 658 1305 710 carmiui;
1349 669 1490 710 neque
1520 656 1631 698 enim
1663 653 1770 699 haec
1800 653 1942 695 omnia
1969 653 2032 696 sic

334 741 509 783 finxerit
539 741 593 782 de
625 739 771 784 nihilo,
792 764 853 772 -—
882 734 1114 784 Pocula.
1173 739 1283 781 Erat
1314 739 1429 795 enim!
1458 737 1694 789 multibiba,
1727 735 1966 790 vinolenta,¹
1985 736 2035 774 ut

331 822 523 864 Damalis
565 836 634 878 ap.
677 823 796 867 Hon.
827 824 864 877 Ι,
894 827 968 877 36,
1001 827 1070 869 13.
1099 845 1161 854 —-
1210 823 1556 875 emeruisse,
1598 819 1862 871 confecisse,
1901 817 2038 860 veluti

333 906 474 948 Ovm·
504 907 675 950 Amorr.
705 907 785 960 ΙΙΙ,
820 911 889 961 11,
924 911 1006 953 13:
1051 907 1283 949 emeritum
1325 905 1467 951 latus.
1529 904 1656 947 Conf.
1698 903 1951 944 Buxentum.
1980 898 2037 941 ad

332 987 566 1044 Antholog.
610 990 807 1034 Lat.'T.
839 990 896 1042 ΙΙ,
942 1004 985 1044 p.
1017 993 1122 1030 509.
1153 1012 1214 1021 —
1265 989 1456 1040 Illam,
1503 998 1711 1030 sororem.
1773 980 2038 1027 convivia

334 1068 543 1113 ducere
585 1070 710 1112 dum
753 1075 835 1112 etc.
872 1069 912 1111 h.
947 1082 984 1111 e.
1028 1069 1221 1110 convivia
1263 1069 1504 1124 producere
1546 1067 1602 1110 ad
1646 1071 1790 1111 ortum
1828 1063 2035 1116 Luciferi,

333 1155 380 1193 et
418 1151 643 1195 Baccho
686 1156 775 1194 este
822 1150 1026 1206 potando.
1090 1150 1181 1192 Sed
1213 1151 1434 1204 quaeritur
1467 1163 1577 1204 quae
1617 1151 1675 1191 sit
1718 1152 1843 1192 rota
1872 1146 2036 1190 Luci-

332 1232 457 1275 feri.
531 1233 672 1275 Curru
715 1231 812 1275 vehi
854 1233 1104 1274 Luciferum
1149 1245 1246 1274 raro
1293 1233 1439 1286 legas,
1485 1231 1678 1286 reperias
1705 1235 1855 1285 tamen
1882 1229 2040 1273 frustra

330 1321 520 1370 negante
553 1318 744 1370 Voss10,
764 1320 838 1365 ‚ut
882 1317 1016 1359 Ovm.
1052 1317 1222 1358 Amorr.
1255 1315 1291 1366 Ι,
1323 1319 1366 1369 6,
1396 1319 1469 1358 65.
1499 1321 1564 1367 ,εἰ
1606 1315 1766 1369 Carni..
1788 1313 1834 1362 in
1875 1313 2039 1355 obitum

330 1398 576 1440 Maecenat.
622 1402 748 1452 132„
805 1398 884 1440 sed
930 1400 1062 1452 vulgo
1105 1399 1294 1453 equitem
1345 1411 1442 1440 eum
1489 1399 1654 1440 finxere
1699 1401 1892 1448 veteres,
1937 1394 2038 1438 vide

330 1479 562 1522 Humum
591 1486 635 1523 et
662 1481 980 1523 WssnNsnoRF.
1013 1480 1067 1522 ad
1100 1482 1224 1523 Poet.
1251 1481 1350 1524 Lat.
1379 1481 1484 1523 Min.
1518 1481 1574 1522 Τ.
1597 1481 1676 1534 lll,
1709 1495 1748 1536 p.
1771 1483 1876 1522 509.
1938 1478 2038 1521 Hoc

329 1563 427 1604 loc-o
460 1564 648 1630 Vossms
681 1563 936 1606 rotationem
969 1564 1158 1618 explicat
1188 1564 1279 1605 sive
1312 1563 1565 1617 circuitum,
1609 1563 1687 1605 sed
1718 1563 1780 1606 ita
1809 1569 1912 1605 orta
1939 1566 2039 1605 rota

330 1647 414 1689 dici
458 1649 632 1701 nequit,
678 1648 742 1690 uti
782 1648 867 1690 iam
908 1649 1316 1691 Wrmnunmcnms
1358 1649 1537 1692 monuit.
1601 1649 1728 1694 Quae
1757 1661 1843 1690 vox
1872 1648 2039 1702 suadet,

330 1735 380 1771 ut
409 1729 463 1771 ad
492 1731 691 1783 Dousm,
724 1731 1048 1775 Buoucmmsn
1079 1737 1124 1775 et
1157 1733 1326 1775 Vunpn
1356 1733 1618 1776 seutentiam
1645 1736 1929 1785 revertamur,
1959 1745 2040 1775 nu-
2101 1747 2104 1749 “

328 1824 411 1866 per
440 1814 571 1855 etiam
601 1814 655 1855 ab
693 1815 936 1859 Huscffluo
968 1792 1216 1871 defensam,
1250 1818 1323 1872 qui
1354 1822 1494 1860 rotam
1526 1829 1624 1860 esse
1652 1817 1793 1872 ipsum
1825 1817 1973 1859 orbem
2004 1828 2040 1858 s.

331 1893 496 1938 discum
527 1897 727 1951 planetae
757 1904 1034 1943 censuerunt.
1104 1901 1343 1956 Perspicue
1386 1901 1661 1944 annssrms
1698 1901 1756 1954 V,
1775 1903 1899 1950 ,5662
1947 1899 2040 1941 Nec

331 1977 465 2020 nimio
495 1979 601 2021 solis
632 1981 774 2022 maior
804 1990 906 2024 rota
935 1998 1015 2024 nec
1045 1983 1188 2042 minor
1217 1984 1354 2027 ardor
1383 1999 1476 2026 esse
1502 1993 1682 2042 potest.‚
1711 1984 1880 2027 nostris
1907 1998 2040 2042 quam

332 2058 534 2103 sensibus
566 2076 658 2103 esse
693 2062 888 2109 videtur.
948 2063 1008 2106 Et
1050 2065 1155 2108 ibid.
1193 2069 1306 2110 434:
1356 2062 1449 2108 H'ic
1479 2075 1768 2126 nequedum(
1791 2066 1898 2110 solis
1937 2075 2040 2110 rota

333 2143 452 2185 cerni
482 2143 645 2186 lumine
676 2144 805 2203 largo
836 2146 1081 2190 altivolans
1118 2157 1304 2205 poterat
1345 2165 1485 2208 neque
1524 2150 1676 2208 magni
1719 2149 1876 2192 sidera·
1914 2149 2042 2192 caeli.

332 2226 602 2269 Huscnxms
632 2227 851 2283 Aristoph.
884 2228 1197 2293 Tliesmophor.
1231 2234 1303 2274 17.
1334 2237 1572 2287 comparat,
1609 2233 1682 2287 qui
1714 2228 1943 2282 ὅφθαλμόν
1968 2231 2041 2275 di-

332 2312 391 2354 cit
421 2308 647 2362 (ἷντίμιμον
678 2308 800 2370 ἡλίου
829 2314 988 2370 τροχῷ,
1020 2319 1064 2356 et
1097 2315 1331 2357 APOLLON·
1364 2315 1519 2359 RHOD.
1551 2315 1631 2370 ΙῙῘ,
1657 2319 1788 2362 1229.
1818 2317 1893 2372 qui
1917 2319 2037 2375 περί-

330 2411 487 2452 τροχον
523 2401 674 2450 φέγγος
705 2393 841 2454 ἡλίου.
906 2398 1030 2442 Nove
1072 2399 1209 2443 Ovln.
1254 2399 1365 2444 Met.
1395 2400 1496 2454 XV,
1529 2403 1632 2444 192.
1678 2400 1788 2445 adeo
1832 2399 1903 2442 dei
1940 2400 2038 2457 cly-

324 2494 461 2536 peum
494 2480 603 2523 dixit
633 2472 710 2537 prs
733 2483 839 2525 orbe
870 2484 987 2526 solis.
1054 2483 1243 2528 Vossms
1273 2485 1346 2539 qui
1376 2483 1489 2526 huno
1523 2497 1695 2527 sensum
1726 2497 1767 2527 v.
1794 2491 1898 2526 rota
1925 2484 2042 2540 apud

331 2562 551 2607 Tibullum
584 2565 774 2608 ieiunum
817 2564 969 2620 habet,
1013 2567 1208 2610 timuisse
1251 2566 1422 2610 videtur
1454 2580 1508 2609 ne
1546 2567 1682 2609 inanis
1713 2571 1761 2610 et
1785 2567 1949 2610 inutilis
1977 2567 2042 2610 sic

331 2645 541 2689 inferatur
572 2648 929 2703 circumscriptio.
989 2648 1039 2690 Iu
1068 2661 1156 2702 quo
1187 2651 1332 2690 tamen
1363 2648 1540 2690 fallitur.
1602 2648 1802 2691 Tibullus
1828 2647 2039 2696 volvendo
2103 2700 2105 2702 ῃ

331 2732 494 2773 moveri
535 2731 784 2774 Luciferum
830 2730 1061 2783 credebat,
1104 2743 1239 2784 quare
1274 2743 1373 2772 cum
1413 2743 1525 2773 nunc
1566 2731 1706 2786 ipsum
1749 2729 1804 2772 de
1842 2735 1964 2790 motu
1995 2735 2039 2772 et

332 2817 431 2855 ortu
475 2812 569 2855 eius
616 2818 796 2866 agatur,
841 2812 952 2854 bene
1000 2811 1151 2854 orbem
1191 2811 1425 2855 volubilem
1470 2813 1670 2870 planetae
1718 2815 1939 2854 memorat.
1980 2834 2040 2843 —

332 2902 627 2952 provocet.
661 2897 796 2939 Ovm.
831 2896 942 2939 Met.
974 2895 1051 2948 IV,
1089 2899 1201 2938 629:
1246 2895 1350 2936 dum
1380 2895 1572 2954 Luczser
1601 2896 1726 2954 ignes
1756 2903 1904 2938 evocet
1934 2895 2037 2938 Au·
2107 2933 2113 2940 ..

333 2993 485 3026 rome,
518 2993 679 3019 currus
711 2978 897 3020 Aurora
931 2978 1128 3024 diurnos.
1159 2979 1238 3032 XI,
1271 2982 1386 3023 296:
1435 2980 1513 3037 quj
1542 2988 1676 3022 vocat
1705 2979 1950 3024 Auroram.
1979 3003 2038 3011 ·—

332 3061 387 3102 V.
420 3063 476 3102 63
507 3074 571 3115 sq.
623 3065 814 3114 queat,
872 3073 956 3102 non
1001 3066 1067 3102 est
1113 3062 1330 3117 optantis,
1385 3063 1629 3118 precantis,
1683 3061 2039 3117 quemadmodum
2114 3070 2118 3086 ³

333 3148 452 3183 recte
498 3143 900 3185 Wuxnssamcmus
943 3144 1134 3197 notavit,
1177 3143 1254 3186 sed
1295 3145 1567 3200 suspicantis.
1640 3146 1720 3188 llla
1761 3150 1836 3188 tua
1875 3159 2039 3200 sorore,

333 3223 488 3276 credo,
519 3225 605 3276 ait,
639 3226 754 3267 nulla
786 3227 1036 3269 lascivarum
1068 3229 1224 3270 artium
1256 3230 1446 3284 peritior.
1513 3231 1652 3284 Atque
1684 3234 1731 3271 ut
1762 3228 1911 3281 credo,
1942 3230 2037 3287 opi-

333 3319 440 3349 nor,
484 3306 584 3352 ὶόως
627 3307 668 3349 ἰη
711 3309 785 3350 tali
827 3313 1039 3354 sententia
1083 3325 1342 3356 sarcasmum
1371 3313 1556 3372 liabent,
1597 3315 1659 3357 sic
1690 3313 1770 3357 hoc
1803 3315 1898 3357 loco
1928 3328 2034 3359 cou-

334 3387 560 3434 iuuctivus.
594 3413 647 3422 —-
704 3406 934 3448 operum
979 3395 1166 3437 varias
1210 3396 1388 3450 vices,
1433 3396 1615 3450 formas,
1657 3398 1841 3452 figuras,
1885 3397 2035 3442 modos

2148 236 2158 276 ε

2148 277 2158 343 Ξ

2144 378 2158 422 ᾗ
