2158 3750
672 250 979 309 TIBULLI
1035 252 1174 311 LlB.
1208 252 1276 310 11.
1311 262 1350 308 1.
1775 248 1857 309 ,41

239 402 326 462 llli
371 404 539 465 etiam
581 420 773 466 tauros
810 405 979 488 primi
1025 403 1287 466 docuisse
1329 403 1592 464 feruntur

318 513 619 574 Servitium
664 529 718 575 et
759 513 1014 596 plaustro
1058 513 1427 597 supposuisse
1470 527 1668 574 rotam.

241 621 403 680 Tunc
443 621 622 680 victus
658 621 848 681 abiere
890 620 1029 694 feri,
1082 636 1218 681 tunc
1263 621 1479 681 consita
1515 643 1756 704 ponmS,

323 729 486 787 Tunc
530 727 678 788 bibit
720 727 968 808 irriguas
1011 727 1212 788 fertilis
1251 728 1451 789 hortus
1493 752 1703 812 aquaS,

167 849 227 892 45
244 834 433 895 Aurea
477 850 614 896 tunc
659 858 888 917 pressos
933 834 1180 916 pedibus
1225 835 1385 895 dedit
1426 860 1536 896 uva
1576 837 1828 919 liquores

319 941 610 1025 Mixtaque
651 965 854 1003 securo
895 956 979 1002 est
1019 942 1214 1002 sobria
1253 941 1489 1027 lympha
1531 966 1705 1004 mem.

236 1049 393 1107 Rura
433 1048 626 1109 ferunt
661 1073 903 1123 messeS‚
959 1047 1131 1110 calidi
1176 1073 1307 1110 cum
1346 1049 1551 1110 sideris
1596 1066 1752 1111 aestu

317 1156 786 1239 Deponit.flavas
828 1181 1020 1218 annua
1061 1172 1212 1218 terra
1257 1181 1463 1218 comas,

241 1264 397 1324 Rure
435 1263 572 1326 levis
617 1289 791 1326 verno
832 1264 1002 1326 flores
1049 1266 1172 1349 apis
1216 1266 1427 1347 ingerit
1464 1264 1650 1339 alve0‚

170 1386 230 1430 50
335 1373 628 1457 Compleat
669 1389 733 1434 ut
776 1373 932 1435 dulci
976 1373 1175 1434 sedula
1220 1374 1383 1435 melle
1427 1373 1602 1436 favos.

234 1481 505 1564 Agricola
543 1482 775 1543 assiduo
813 1484 1065 1566 primum
1109 1483 1344 1543 satiatus
1391 1498 1579 1544 aratro

332 1590 589 1651 Cantavit
627 1591 1036 1651 certo'rustica
1081 1590 1253 1650 verba
1298 1590 1446 1674 pede

248 1700 322 1759 Et
363 1714 522 1760 satur
561 1699 742 1762 arenti
787 1700 1034 1784 primum
1083 1715 1167 1760 est
1208 1698 1536 1760 modulatus
1582 1722 1757 1760 avena

337 1809 610 1882 Carmen,
657 1822 721 1868 ut
757 1823 988 1869 ornatos
1029 1807 1241 1869 diceret
1286 1822 1413 1867 ante
1459 1807 1630 1880 de08‚

177 1927 236 1972 55
253 1914 522 1996 Agricola
567 1930 622 1976 et
662 1916 841 1976 minio
886 1916 1172 1990 suffusus,
1233 1915 1491 1988 Bacche,
1547 1914 1775 1974 rubenti

326 2023 554 2084 Primus
597 2024 890 2107 inexperta
935 2023 1095 2084 duxit
1139 2024 1210 2083 ab
1254 2038 1370 2083 arte
1415 2022 1637 2083 choros

248 2130 394 2191 Huic
442 2130 608 2192 datus
651 2155 684 2192 a
727 2131 930 2215 plene,
985 2131 1354 2192 memorabile
1397 2154 1638 2205 1111111113,
1696 2129 1826 2191 ovili

335 2239 469 2298 Dux
507 2240 731 2322 pecoris
770 2239 966 2300 hircus
1002 2255 1234 2299 auxerat
1274 2239 1469 2300 hircus
1515 2261 1660 2298 oves.

250 2348 406 2405 Rure
450 2370 595 2428 puer
636 2370 809 2406 verno
854 2347 1101 2428 primum
1150 2347 1219 2406 de
1264 2346 1402 2406 flore
1449 2369 1721 2406 coronam

184 2470 244 2510 00
339 2453 498 2514 Fecit
539 2468 594 2513 et
638 2454 884 2536 antiquis
931 2454 1202 2537 imposuit
1239 2453 1498 2513 Laribus,

258 2566 412 2624 Rure
454 2562 619 2622 etiam
662 2563 867 2622 teucris
909 2586 1102 2622 curam
1142 2561 1462 2621 exhibitura
1499 2559 1703 2642 puellis

334 2669 508 2730 Molle
549 2669 695 2750 gerit
739 2683 898 2751 tergo
945 2669 1135 2732 lucida
1179 2669 1354 2730 vellus
1397 2667 1533 2730 ovis,

307 2907 357 2949 V.
380 2909 452 2949 4¹.
503 2907 672 2963 primi
719 2907 815 2950 libri
860 2907 1026 2963 optimi.
1058 2930 1115 2937 —
1195 2904 1306 2947 Mox
1353 2898 1572 2944 domuisse
1614 2923 1668 2931 —-
1714 2897 1897 2941 servitio

186 2990 278 3032 siue
308 2988 463 3032 idonea
497 3002 627 3032 causa
656 2990 843 3034 Vossius
875 2994 922 3032 et
952 2990 1170 3032 Bscmus.

306 3097 360 3141 V.
374 3099 449 3139 58.
475 3096 639 3139 Versus
662 3101 905 3152 corruptus.
955 3096 1072 3138 Sana
1092 3094 1290 3137 videntur
1312 3091 1466 3135 verba:
1497 3091 1619 3133 Dux
1651 3086 1896 3145 pecoris,

191 3179 342 3222 mirum
384 3192 488 3222 vero
518 3179 556 3222 si
593 3191 677 3221 uon
709 3179 881 3235 scripsit
915 3183 1044 3234 poeta
1076 3176 1168 3218 dux
1210 3176 1365 3218 hircus
1402 3173 1591 3231 pecoris.
1653 3172 1766 3215 Tum
1798 3170 1899 3213 libri

189 3267 462 3314 auxerat,
496 3261 748 3314 lmus-erat,
777 3259 1021 3313 hauserat,
1053 3274 1132 3316 pro
1160 3273 1246 3315 quo
1274 3258 1406 3314 vulgo
1437 3257 1629 3299 eluxerat
1662 3256 1821 3311 legitur
1845 3253 1900 3296 de

190 3345 434 3388 coniectura
474 3343 682 3386 Munss'ri.
