2158 3750
342 302 442 351 176
733 290 1203 346 COMMENTAR.
1239 291 1314 341 IN
1353 292 1636 344 TIBULLI

342 454 528 484 memus
555 438 709 492 virgil.
740 440 848 480 Aen.
878 437 912 489 1,
939 439 1013 480 30.
1040 439 1112 479 32.
1159 436 1256 478 Su„
1291 435 1414 479 lux..
1447 434 1503 488 11,
1530 436 1744 478 543-545.
1794 435 1884 479 Res
1914 447 2043 490 saepe

339 526 475 568 obvia.
508 545 563 555 -·-
607 520 759 567 Quid
790 532 871 563 me
901 520 1158 575 spernis,
1199 519 1296 561 ait.
1356 517 1543 560 Fallitur
1575 517 1774 561 Vossms.
1834 518 1934 560 Non
1965 518 2045 560 Ti·

339 607 456 650 bullo
496 603 602 647 haec
633 603 857 658 queritur,
902 614 1032 657 quem
1063 600 1209 659 potius
1240 599 1412 643 celabat
1441 600 1661 652 dolorem,
1706 612 1787 642 nec
1815 612 1855 642 v.
1885 604 1960 643 67.
2002 600 2044 641 in

339 690 418 731 hac
460 701 508 730 re
549 685 781 741 quidquam
812 683 998 740 probat,
1046 682 1123 727 sed
1154 682 1327 738 puellae
1359 680 1540 724 absenti.
1603 681 1751 727 Quare
1779 679 2046 735 aptissimum

338 769 511 826 spernis
551 782 616 825 pr.
655 766 852 824 spernit,
894 767 959 809 uti
998 767 1188 809 restituit
1218 765 1558 808 Lacmrfflmxs.
1586 788 1645 796 —
1700 765 1882 818 vinci,
1927 763 2050 806 donis

337 852 580 908 corrumpi,
626 855 676 892 ut
715 849 920 892 observat
958 848 1378 892 thnssnmcmus.
1439 848 1515 891 Sic
1544 847 1604 900 II,
1632 850 1675 901 4,
1705 851 1790 890 33:
1834 846 1914 888 sed
1945 860 2049 903 pre-

338 935 454 976 tium
496 933 536 976 si
571 931 745 991 grande
771 930 935 988 feras,
973 929 1184 972 custodia
1222 929 1348 972 victa
1390 936 1475 971 est.
1535 928 1656 972 Idem
1687 929 1799 972 bene
1829 935 2049 983 comparat

336 1020 459 1061 νικᾶν
488 1019 793 1061 Dauom-nnn.
825 1014 882 1058 de
912 1013 1074 1057 Coton.
1104 1029 1145 1070 p.
1176 1017 1280 1056 309.
1312 1036 1371 1044 —
1400 1012 1538 1069 Ipse
1568 1013 1729 1067 deus,
1761 1015 1920 1067 Amor,
1961 1013 2054 1056 de-

340 1103 423 1145 dit
464 1101 675 1143 fallere
707 1109 899 1154 posse,
942 1096 1190 1138 facultatem
1221 1094 1425 1149 fallendi,
1468 1097 1510 1138 in
1542 1109 1629 1151 quo
1649 1096 1823 1155 fallere
1853 1098 2053 1141 absolute

339 1185 555 1239 positum,
597 1181 857 1224 observante
886 1178 1268 1222 Wunnnnmcmo
1301 1177 1369 1220 hic
1403 1182 1448 1220 et
1478 1179 1534 1221 ad
1561 1179 1599 1233 I,
1628 1183 1673 1233 2,
1705 1184 1780 1224 55.
1851 1181 1920 1224 Ad
1952 1195 2052 1224 sen-

339 1267 518 1310 tentiam
552 1263 664 1307 conf.
697 1262 776 1316 IV,
807 1265 850 1315 6,
880 1264 951 1305 12.
969 1283 1029 1293 -
1057 1259 1312 1316 cupidis,
1347 1259 1604 1313 amantibus,
1632 1261 1817 1304 Veneris
1845 1262 2053 1305 fruendae

340 1349 577 1404 cupiditate
618 1348 782 1401 captis,
825 1350 872 1387 ut
915 1356 1078 1400 saepe,
1127 1356 1169 1388 v.
1199 1357 1240 1387 c-
1282 1343 1393 1386 infra
1423 1342 1482 1396 ΙΙ,
1511 1346 1556 1395 5,
1586 1345 1659 1386 54.
1703 1343 1784 1398 111,
1818 1347 1862 1398 4,
1890 1347 1965 1389 52.
1997 1369 2053 1378 -—

340 1433 395 1475 V.
413 1435 472 1474 5⁴1
499 1443 592 1484 sqq.
624 1430 815 1472 Venus
845 1426 1075 1470 furtiva.
1135 1425 1333 1471 Vidimus
1365 1426 1468 1467 talia
1499 1426 1631 1468 etiam
1662 1425 1698 1480 1,
1728 1429 1775 1480 2,
1802 1430 1859 1469 17
1881 1440 1976 1482 sqq.
1995 1451 2051 1459 —

340 1521 397 1559 ut
426 1529 528 1559 nec
559 1514 697 1556 dent
728 1513 955 1565 oscula,
986 1516 1035 1554 ut
1067 1512 1197 1554 etiam
1229 1511 1377 1554 oscula
1408 1523 1494 1553 non
1525 1510 1630 1552 dent
1661 1524 1867 1556 sonum.
1890 1535 1952 1545 —
1981 1512 2086 1555 Et.
2148 1551 2158 1567 ‚-

338 1613 366 1653 p
380 1611 407 1640 o
419 1611 441 1640 s
453 1610 473 1640 s
485 1610 513 1640 ιι
525 1609 566 1639 m
578 1627 591 1649 ,
623 1598 761 1637 mutat
791 1593 1152 1636 constructionem
1166 1624 1179 1646 ,
1210 1605 1265 1635 ne
1296 1591 1448 1634 eadem
1478 1593 1595 1636 ratio
1626 1592 1789 1636 diutius
1820 1595 2050 1638 continue-

341 1686 424 1723 tur.
442 1703 501 1711 —
530 1679 586 1723 V.
603 1681 660 1721 63
674 1690 768 1731 sqq.
801 1677 841 1718 V
854 1676 907 1718 el
929 1689 954 1719 c
965 1687 1048 1718 um
1072 1689 1100 1730 p
1115 1687 1137 1716 r
1148 1687 1175 1717 ο
1189 1674 1396 1728 mittit,
1426 1678 1559 1729 atque
1579 1675 1710 1719 etiam
1725 1688 1824 1719 cum
1845 1676 2057 1732 promittit

342 1768 515 1807 noctem
548 1775 628 1805 nec
658 1765 746 1803 stat
777 1760 1006 1816 promisso,
1035 1760 1206 1803 tristem
1233 1764 1408 1802 noctem
1439 1759 1586 1814 exigo,
1616 1763 1668 1802 ut
1693 1771 1909 1815 uunquam
1929 1765 2056 1816 opta-
2143 1761 2158 1770 ”

340 1848 396 1889 tis
436 1846 580 1902 potiar
621 1849 665 1887 et
707 1843 908 1886 omnibus
955 1843 1096 1886 modis
1126 1856 1153 1885 a
1186 1844 1332 1898 puella
1370 1842 1509 1886 ludar.
1569 1842 1762 1886 Transiit
1788 1854 1892 1884 vero
1922 1854 1950 1884 a
1982 1854 2056 1885 se-

341 1929 480 1973 cunda
511 1941 695 1984 persona
727 1939 842 1969 nunc
870 1925 927 1968 ad
956 1925 1148 1978 tertiam,
1178 1925 1222 1967 in
1253 1938 1342 1980 quo
1373 1922 1442 1968 hic
1474 1925 1591 1967 nulla
1621 1924 1817 1967 offensio.
1878 1922 1962 1966 Est
1990 1923 2054 1964 al-

340 2018 432 2055 tera
463 2023 562 2067 pars
592 2010 876 2064 querelarum.
955 2008 1016 2049 Ut
1053 2019 1140 2049 non
1176 2007 1351 2062 probari
1382 2007 1522 2062 possit
1547 2005 1678 2061 hinc,
1723 2018 1854 2062 supra
1885 2006 2056 2061 spernit

341 2107 381 2136 v.
412 2097 486 2136 55.
528 2091 800 2135 scribendum
844 2101 956 2131 esse.
1030 2089 1144 2130 Ante
1186 2101 1309 2129 suam
1339 2093 1478 2131 artem
1509 2086 1840 2131 commendabat
1869 2089 2056 2144 puellae,

342 2191 457 2220 nunc
487 2177 695 2220 malitiam
727 2174 898 2230 puellae
929 2172 1150 2225 describit,
1181 2177 1230 2214 ut
1259 2170 1486 2214 commode
1515 2171 1687 2214 tertiam
1720 2182 1948 2226 personam
1978 2169 2057 2212 ad·-

342 2260 578 2303 hibeat.—
607 2256 928 2314 promittit,
959 2257 1160 2299 absolute
1190 2260 1240 2298 ut
1263 2269 1428 2313 negare
1459 2260 1504 2298 et
1534 2253 1651 2296 nolle
1679 2255 1892 2307 dicuntur,
1922 2253 1979 2298 cf.
2002 2254 2058 2296 ad

342 2343 378 2396 I,
420 2343 465 2395 4,
512 2344 584 2384 15.
617 2364 674 2372 -
733 2340 934 2383 multis
982 2340 1173 2394 malis,
1226 2340 1452 2395 intelligit,
1510 2343 1561 2382 ut
1609 2339 1836 2394 sequentia
1885 2337 2058 2391 docent,

340 2431 534 2479 aestum,
566 2427 856 2479 anxietatem,
887 2425 1084 2469 dolorem
1115 2426 1246 2469 animi
1276 2425 1380 2469 dum
1410 2428 1587 2482 sperat,
1623 2427 1875 2480 exspectat,
1905 2422 2058 2467 venire

341 2521 436 2552 eam
465 2508 603 2552 credit
631 2509 804 2563 quoties
834 2509 1022 2551 sonitum
1053 2507 1200 2562 audit,
1229 2521 1332 2551 mox
1363 2521 1470 2551 vero
1501 2507 1702 2551 delusum
1731 2520 1812 2564 spe
1840 2518 1890 2549 se
1916 2505 2056 2549 videt.

340 2591 525 2634 Sensum
567 2589 680 2632 bene
725 2590 857 2633 etiam
899 2589 1119 2633 Hermus
1163 2595 1463 2646 perspexerat.
1542 2591 1692 2637 Quare
1735 2602 1822 2633 non
1871 2587 2057 2630 debebat

339 2673 612 2716 Huscnxms
656 2673 799 2716 denuo
846 2674 1148 2717 commendare
1191 2672 1350 2715 multis
1389 2672 1556 2720 modis,
1599 2664 1718 2728 quod
1764 2674 1956 2728 explicat
2000 2670 2057 2714 de

340 2755 536 2811 corporis
571 2756 690 2798 vario
721 2760 843 2798 motu
872 2754 955 2799 huc
986 2756 1087 2798 illuc
1116 2756 1159 2797 in
1191 2755 1307 2796 lecto
1337 2755 1511 2809 iactati,
1559 2757 1695 2799 veluti
1725 2753 1914 2799 Achilles
1951 2753 2056 2796 facit
2133 2754 2137 2760 ¹

339 2837 465 2880 Hom.
497 2838 547 2881 Il.
578 2837 744 2891 XXIV,
774 2841 923 2883 4-13.
996 2839 1209 2882 Similiter
1249 2839 1456 2883 Vunpms
1503 2839 1674 2882 dixerat
1717 2837 1876 2880 multis
1915 2836 2056 2880 modis

341 2934 438 2964 esse
470 2926 618 2976 aestu,
659 2922 891 2965 iactatIone
921 2924 1141 2979 corporis,
1183 2923 1315 2978 fletu,
1355 2923 1547 2979 gemitu,
1588 2923 1812 2979 suspiriis,
1851 2919 2056 2977 querelis,

338 3004 565 3048 similibus.
626 3004 717 3046 Sed
747 3004 889 3046 ieiuna
921 3003 1028 3047 haec
1067 3004 1325 3048 observante
1363 3006 1544 3049 Vossro.
1607 3005 1814 3049 Tibullus
1839 3005 1942 3060 quid
1975 3020 2055 3051 vo-

340 3086 495 3139 luerit,
541 3098 727 3141 sequens
765 3084 976 3129 distichon
1009 3087 1115 3130 satis
1146 3086 1301 3141 docet,
1344 3092 1394 3129 ut
1424 3087 1531 3132 dixi.
1565 3110 1626 3120 —
1672 3086 2055 3142 quodcunque

341 3173 626 3223 movetur,
665 3170 710 3211 in
741 3171 972 3214 cuiuslibet
1006 3172 1070 3215 rei
1102 3175 1248 3226 motu,
1280 3172 1414 3215 veluti
1444 3172 1855 3214 thnssumcnms
1883 3171 2054 3215 confert

342 3249 440 3294 Cle.
471 3251 599 3296 Catil.
632 3252 668 3306 Ῑ,
698 3257 750 3296 7:
785 3253 1009 3313 quidquid
1035 3255 1334 3314 increpuerit,
1365 3254 1609 3297 Catilinam
1639 3252 1799 3297 timeri.

461 3334 515 3377 V.
545 3334 715 3378 GT-ad
747 3337 890 3380 finem.
950 3337 1180 3381 Exitus.
1242 3337 1449 3382 Minae.

464 3416 514 3460 V.
547 3420 622 3462 67.
695 3419 971 3465 Desistas
1018 3423 1318 3467 lacrimare
1370 3433 1525 3478 puer.
1609 3418 1708 3463 Non
1759 3418 1843 3463 fert
1887 3419 2048 3463 diutius
2128 3430 2135 3445 ⁵

2144 2483 2158 2598 ἐ
