2158 3750
650 306 831 358 LIBR.
870 304 935 357 11.
1008 305 1208 357 ELEG.
1246 307 1337 358 111.
1752 321 1851 364 241

162 457 236 494 aut
264 451 492 494 collocatio
526 455 644 494 certe
674 451 902 494 verborum
933 452 1043 493 scita
1085 451 1127 493 in
1159 463 1272 494 novo
1302 459 1513 495 commate
1543 456 1745 511 supplere
1777 457 1855 499 de-

162 534 293 576 bebat
321 533 437 588 quod
466 534 615 587 deest3
659 533 888 577 dicendum
919 534 1051 587 igitur
1081 534 1233 576 saltem
1265 538 1382 577 erat:
1421 543 1467 575 et
1501 543 1666 591 pastas
1697 543 1856 592 potum

163 630 230 672 pr.
271 624 317 660 et
354 622 505 674 potum
546 622 707 674 pastas.
778 617 891 660 Nam
929 617 994 659 sic
1037 616 1208 661 demum
1238 617 1439 662 distincta
1471 622 1687 676 oppositio
1717 622 1858 666 rerum

163 702 247 744 erit
286 706 331 743 et
360 705 480 743 recte
509 699 775 743 conformata
812 699 1051 742 sententia:
1097 702 1215 743 Deus
1246 702 1426 745 stabulis
1458 705 1859 763 expellere—vaccas

164 785 318 826 solitus
348 788 415 826 est
444 784 565 839 ipse,
606 787 653 825 et
681 795 781 824 cum
812 781 1023 837 pavisset,
1059 783 1188 824 etiam
1220 788 1368 838 potum
1400 784 1558 828 ducere
1589 786 1641 830 ad
1674 788 1860 841 fiumina.

163 866 291 911 Nunc
334 871 479 909 autem
517 866 708 908 imitator
748 864 918 918 Virgilii
961 864 1092 906 etiam
1139 864 1334 907 ordinem
1380 867 1608 911 verborum
1656 868 1861 925 Virgilia-

166 962 266 993 num
298 949 498 1000 retinuit,
529 946 643 1004 apud
672 947 935 990 memmr
965 946 1139 1002 quidem
1171 948 1405 1003 optimum,
1437 951 1538 1004 quia
1565 952 1655 994 illic
1686 967 1864 1009 praece-

165 1031 230 1074 dit
254 1045 417 1088 pasce‚
461 1029 531 1072 cui
574 1030 823 1085 oppositum
865 1034 986 1072 recte
1023 1034 1092 1072 est
1123 1037 1310 1086 potum,
1356 1030 1471 1086 apud
1503 1032 1720 1078 Tibullum
1763 1050 1865 1079 vero

163 1117 332 1169 falsum,
363 1127 460 1158 cum
495 1115 606 1157 alius
635 1115 693 1157 sit
719 1115 993 1158 antecedens
1023 1127 1189 1158 versus.
1251 1115 1372 1159 Bene
1401 1123 1595 1161 senserat
1623 1120 1738 1175 quod
1769 1124 1867 1165 volo

163 1199 430 1250 Pommus,
460 1198 533 1252 qui
555 1196 750 1253 scripsit:
781 1198 884 1253 Ipse
914 1195 1022 1239 deus
1052 1195 1216 1239 solitus
1246 1196 1441 1240 stabulis
1469 1201 1684 1257 expellere
1707 1218 1868 1247 vaccas

165 1283 222 1322 In
258 1295 436 1322 nemora
465 1287 510 1320 et
538 1286 701 1336 pastas
729 1277 832 1320 inde
860 1277 1029 1336 referre
1062 1277 1259 1324 domum,
1302 1280 1374 1323 ubi
1405 1287 1524 1326 certe
1555 1286 1868 1340 oppositionem

167 1378 310 1408 rerum
342 1365 501 1407 claram
533 1377 618 1406 non
651 1363 935 1407 desiderabis.
1006 1363 1151 1418 Atque
1191 1362 1299 1407 haec
1338 1363 1555 1410 hactenus.
1615 1367 1731 1411 Exin
1771 1382 1869 1412 cum

166 1459 275 1489 nova
307 1447 459 1489 lacuna
488 1450 717 1500 sequatur,
749 1446 1001 1490 Ponrnms
1034 1446 1149 1499 quod
1182 1447 1396 1490 coniecit:
1437 1449 1531 1504 ipse
1561 1458 1607 1491 et
1639 1452 1871 1507 spumanti

155 1526 320 1585 fertur
359 1526 621 1569 mulcti-alia
657 1542 791 1569 succo
833 1526 1044 1583 Implesse
1078 1527 1301 1583 expressis
1327 1529 1503 1584 primus
1548 1530 1605 1572 ab
1649 1532 1872 1581 uberibus,

166 1612 211 1654 in
242 1625 296 1654 eo
327 1616 512 1654 mentem
546 1616 702 1667 poetae
733 1617 854 1655 recte
886 1612 1116 1655 divinatam
1159 1624 1244 1654 non
1281 1612 1455 1667 dubito,
1496 1616 1569 1669 qui
1601 1629 1714 1659 nunc
1741 1619 1870 1660 etiam

168 1695 224 1738 de
266 1696 379 1738 lacte
420 1700 466 1738 et
508 1708 637 1738 caseo
679 1694 841 1738 dixisse
886 1695 1058 1737 videtur
1105 1708 1254 1738 amans
1299 1698 1557 1740 rusticarum
1603 1712 1746 1742 rerum
1794 1699 1872 1741 de-

168 1779 439 1834 scriptiones.
498 1778 592 1820 Iam
616 1778 816 1820 convenit
843 1789 1019 1820 versus:
1053 1775 1088 1816 E
1107 1782 1125 1818 t
1155 1779 1400 1821 miscere
1430 1793 1576 1823 novo
1606 1780 1873 1824 docuisse

169 1862 416 1916 coagula
460 1861 626 1903 lacte.
688 1860 1067 1902 Constructionem
1111 1872 1152 1901 v.
1202 1859 1380 1902 miscere
1422 1875 1519 1904 cum
1561 1863 1746 1905 ablativo
1777 1863 1876 1906 vide

170 1944 306 1989 Ovm.
338 1945 446 1987 Met.
478 1944 556 1998 IV,
589 1947 659 1988 14.
711 1944 831 1988 Fast.
864 1944 941 1998 VI,
976 1947 1076 1990 170.
1150 1943 1261 1986 Add.
1308 1945 1566 1988 Rumam.
1607 1946 1780 1988 Dictata
1820 1948 1873 1990 ad

171 2028 297 2071 Ovid.
343 2028 520 2071 Heroid.
566 2043 610 2084 p.
647 2031 721 2072 43.
781 2029 851 2072 Ad
894 2027 1088 2086 coagula
1133 2040 1264 2083 porro
1309 2028 1421 2070 conf.
1463 2029 1675 2073 VARRON.
1720 2030 1775 2072 de
1806 2031 1877 2072 Re

170 2109 300 2155 Rust.
330 2110 388 2164 II,
421 2114 492 2164 11,
520 2112 574 2153 4:
622 2111 675 2150 In
704 2108 841 2152 lactis
874 2109 984 2152 duos
1015 2109 1192 2168 congios
1224 2109 1401 2152 addunt
1433 2111 1672 2169 coagulum
1701 2112 1881 2170 magni*

171 2194 328 2235 tudine
358 2193 491 2241 oleae,
530 2201 585 2235 ut
615 2201 754 2240 coeat,
787 2194 907 2253 quod
935 2193 1090 2236 melius
1121 2192 1365 2250 leporinum
1396 2201 1441 2235 et
1471 2194 1711 2237 haedinum
1745 2210 1880 2253 qua-m

171 2277 403 2336 agninum.
462 2275 565 2319 Alii
585 2291 672 2332 pro
706 2276 894 2335 coagulo
928 2275 1105 2317 addunt
1137 2274 1190 2316 cle
1218 2275 1308 2330 fici
1338 2290 1461 2318 ranzo
1491 2276 1564 2317 lac
1604 2285 1650 2317 et
1688 2284 1879 2323 acetum,

175 2360 452 2418 adsJaergunt
491 2359 598 2400 item
629 2358 735 2401 aliis
775 2359 951 2418 aliquot
992 2357 1150 2405 rebus,
1195 2358 1316 2416 quod
1346 2359 1505 2400 Graeci
1537 2358 1769 2415 appellant
1801 2359 1884 2400 alii

179 2438 314 2484 ὄπὸν
361 2443 508 2498 (Hon-
539 2443 591 2486 ll.
625 2443 677 2496 V,
705 2442 835 2496 902.)
879 2440 963 2483 alii
999 2437 1270 2496 δάκρυον.
1332 2441 1467 2484 PLIN·
1503 2441 1599 2494 Vll,
1630 2443 1704 2482 23.
1731 2454 1765 2484 s.
1797 2444 1880 2484 63:

172 2526 254 2581 fici
286 2541 447 2569 succus
483 2525 660 2568 lacteus
698 2524 816 2566 aceti
853 2531 1068 2565 naturam
1109 2520 1260 2566 habet.
1321 2523 1488 2580 Itaque
1532 2521 1717 2580 coaguli
1756 2521 1881 2564 modo

177 2609 252 2651 lac
292 2607 534 2652 contrahit.
594 2610 740 2663 Atque
782 2605 890 2649 hanc
933 2619 1024 2648 rem
1069 2605 1268 2648 docuisse
1309 2611 1399 2647 tum
1433 2605 1671 2660 Apollinem
1703 2619 1786 2648 non
1819 2608 1884 2648 in-

180 2696 281 2748 epte
324 2691 482 2734 dixerit
522 2690 746 2743 Tibullus,
792 2693 841 2731 ut
885 2688 1094 2730 sententia
1143 2700 1227 2729 non
1271 2686 1429 2730 habeat
1478 2687 1594 2741 quod
1642 2687 1882 2744 displiceat.

177 2776 412 2818 Praeterea
456 2786 482 2816 e
526 2773 722 2828 sequenti
773 2773 871 2815 loco
913 2772 967 2814 de
1013 2772 1176 2814 fiscella
1223 2775 1427 2814 contexta
1474 2777 1593 2827 patet
1636 2770 1882 2816 huiusmodi

181 2859 284 2915 quid
314 2873 340 2901 a
369 2857 545 2901 Tibullo
576 2857 645 2901 hic
674 2859 893 2915 scriptum.
956 2857 1046 2900 Sed
1078 2857 1151 2911 qui
1179 2857 1375 2911 sequitur
1408 2862 1700 2912 pentameter,
1732 2871 1883 2912 quam-

183 2954 310 2998 quam
342 2946 469 2984 acute
491 2954 519 2983 a
540 2940 836 2983 LAcmumw
862 2945 1009 2983 nostro
1040 2940 1292 2982 emendatur
1321 2940 1407 2981 sic:
1441 2942 1638 2981 Lacteus
1668 2947 1713 2980 et
1740 2940 1884 2981 mixtu

183 3025 460 3084 subriguisse
501 3023 674 3082 liquor,
721 3024 951 3067 Munss'rus
993 3024 1136 3065 mistis
1178 3026 1451 3075 coniecerat,
1508 3024 1578 3065 vix
1620 3025 1884 3082 probabitur,

184 3114 355 3155 iunctus
397 3115 445 3153 ut
487 3108 583 3151 fieri
621 3107 754 3151 debet
796 3121 894 3151 cum
935 3109 1219 3152 antecedente
1251 3123 1392 3152 versu.
1459 3110 1569 3153 Vide
1603 3112 1887 3156 senteutiamx

184 3197 344 3240 Fertur
387 3195 542 3251 Apollo
582 3193 765 3247 coagula
807 3193 989 3237 miscere
1029 3193 1228 3236 docuisse
1271 3207 1368 3236 cum
1414 3194 1524 3235 lacte
1565 3198 1608 3235 et
1641 3194 1706 3235 lac
1737 3206 1887 3236 revera

187 3279 371 3334 riguisse
412 3278 574 3319 mixtu:
624 3288 724 3317 num
769 3287 931 3329 quaeso
972 3281 1058 3318 tam
1100 3289 1278 3330 magna,
1324 3281 1410 3317 tam
1444 3275 1650 3318 mirabilis
1681 3274 1786 3317 haec
1819 3289 1888 3318 res

192 3366 281 3412 est,
328 3366 375 3402 ut
415 3362 488 3402 tali
531 3360 818 3402 affirmatione
860 3362 1115 3415 pentametri
1157 3374 1266 3416 opus
1298 3359 1464 3402 suerit?
1526 3358 1624 3413 Ego
1659 3359 1811 3401 dubito
1843 3363 1886 3401 et

190 3443 376 3486 ieiunum
408 3441 544 3485 liabeo
576 3448 917 3499 pentametrum3
947 3444 1131 3486 alienum
1165 3449 1229 3485 est
1264 3443 1305 3484 in
1339 3443 1584 3494 levioribus,
1621 3440 1888 3483 tenuioribus

1349 3532 1411 3576 16
