2158 3750
678 308 859 360 LIBR.
898 310 963 360 11.
1034 307 1234 360 ELEG.
1269 308 1361 360 111.
1754 316 1854 363 2⁴3

162 457 321 498 Cremu.
357 452 523 497 Verriu.
558 452 610 504 V,
641 455 713 494 65.
778 450 871 492 Alia
923 449 1054 491 multa
1096 447 1280 491 afferunt
1323 449 1397 503 qui
1451 447 1576 492 hodie
1609 449 1663 492 de
1701 451 1857 494 talibus

159 538 366 580 scribunt.
426 534 731 592 Imperfectum
762 539 807 576 et
838 531 1315 588 plusquamperfectum
1346 533 1570 588 coniungit
1615 535 1851 579 Pnopssnw.

160 619 197 672 1,
231 623 298 672 1⁴1,
329 622 403 663 21.
434 621 509 662 22.
548 618 605 671 Π,
632 620 701 671 13,
732 620 807 659 50.
835 639 895 648 -
929 617 1045 658 ille.
1108 615 1208 658 Non
1236 615 1330 659 sine
1359 616 1400 658 vi
1431 621 1497 658 est
1527 629 1760 672 pronomen
1789 620 1853 662 sic

163 703 347 758 positum
377 701 421 744 in
450 699 657 757 apodosi,
700 697 756 741 cf.
787 696 843 740 ad
872 696 909 749 1,
939 698 981 748 4,
1016 698 1090 738 68.
1133 701 1179 738 et
1210 695 1308 739 vide
1339 696 1449 739 infra
1488 697 1544 751 ll,
1580 701 1624 751 4,
1654 702 1727 744 36.
1774 700 1854 754 111,

159 786 203 835 2,
233 787 277 825 2.
324 783 403 836 lv,
433 785 505 835 13,
534 785 578 823 8.
637 779 699 822 Et
726 790 839 821 nunc
881 775 1053 830 quidem
1099 775 1396 821 affirmationis
1438 781 1521 822 vim
1563 780 1763 835 adiuvat,
1810 783 1853 827 in

168 865 351 908 laudatis
406 875 511 906 vero
565 862 671 905 iocis
725 859 1033 912 hortationem,
1092 861 1457 915 exsecrationem,
1516 866 1750 918 querelam.
1796 889 1855 899 -

163 948 216 990 V.
246 949 306 989 2⁷
339 959 405 1000 sq.
464 945 640 987 Delos
669 941 764 985 ubi
807 953 951 984 nuuc
981 945 1077 983 tua
1107 941 1233 984 est?
1294 943 1446 986 Genus
1479 944 1647 989 dicendi
1682 950 1857 993 notissi-

159 1043 274 1073 mum
304 1030 347 1072 iu
377 1027 712 1083 exprobratione
736 1032 814 1068 aut
843 1023 1060 1068 desiderio
1092 1024 1192 1066 boni
1223 1025 1385 1068 amissi.
1448 1027 1619 1071 Laudat
1649 1032 1852 1074 Sm‘rms

159 1111 307 1167 Eurip.
333 1109 555 1154 Plioeniss.
584 1112 716 1162 1682,
745 1108 819 1151 ubi
852 1107 948 1151 vide
979 1108 1367 1152 Vancxnuutmn.
1432 1111 1700 1157 Huscnxms
1734 1117 1855 1171 Virg.

158 1199 265 1239 Aen.
300 1195 352 1248 V,
385 1197 489 1237 391.
529 1198 764 1250 comparat.
838 1191 961 1237 Adde
1004 1192 1174 1248 copiam
1224 1195 1523 1250 exemplorum
1570 1210 1640 1252 ap.
1685 1196 1853 1243 Halm.

157 1277 212 1319 ad
245 1277 372 1320 ovid.
404 1276 581 1320 Heroid.
612 1276 689 1330 IV,
718 1277 821 1318 150.
883 1273 983 1316 Non
1017 1279 1165 1316 autem
1202 1272 1269 1316 liic
1300 1288 1398 1318 cum
1431 1277 1569 1320 ironia
1601 1278 1731 1334 dicit,
1775 1279 1855 1324 sed

159 1360 383 1402 miserans.
443 1361 715 1414 Quamquam
753 1357 867 1401 euim
902 1355 1048 1400 laudat
1077 1356 1302 1400 consilium
1334 1360 1543 1415 Apollinis
1585 1374 1667 1418 pro
1707 1375 1856 1408 amore

161 1445 304 1487 omnia
344 1443 594 1496 tolerantis,
640 1443 756 1499 ipsas
796 1441 990 1496 singulas
1032 1452 1131 1492 res,
1178 1452 1288 1494 quas
1319 1455 1472 1496 passus
1512 1448 1580 1486 est
1611 1446 1856 1501 praeclarus

160 1527 292 1581 deus,
334 1539 420 1568 non
450 1526 592 1582 potuit
618 1538 703 1568 nou
734 1525 938 1568 flebiliter
968 1535 1157 1567 narrare.
1232 1523 1379 1567 Habet
1410 1526 1543 1580 igitur
1574 1527 1755 1571 formula
1785 1527 1855 1572 hic

157 1611 340 1653 alterum
369 1622 571 1663 censum,
612 1615 661 1652 ut
697 1610 836 1653 Ovm.
869 1606 1050 1650 Heroid.
1083 1607 1162 1660 lv,
1196 1610 1295 1653 150.
1327 1631 1384 1639 —-
1431 1609 1710 1666 Delphica
1748 1613 1852 1667 Py-

157 1694 279 1748 tho,
309 1707 406 1737 cum
434 1694 641 1751 templum
670 1692 774 1735 illud
806 1692 980 1748 proprie
1008 1689 1168 1745 Pytho,
1199 1686 1227 1748 ἡ
1254 1689 1414 1743 Πυθώ,
1446 1693 1677 1741 diceretur.
1742 1699 1853 1742 vide

157 1778 526 1822 adumbrationem
568 1775 832 1834 Delphorum
874 1789 902 1819 a
949 1776 1184 1819 Manno
1227 1775 1385 1820 factam
1427 1778 1469 1821 in
1510 1780 1718 1824 Pmmm
1757 1782 1856 1826 edi-

159 1864 278 1907 tione
306 1868 468 1907 nostra.
502 1885 561 1893 —
608 1861 834 1917 Nempe.
897 1860 1059 1904 Confer
1097 1859 1152 1903 ad
1183 1861 1218 1914 1,
1249 1865 1293 1915 2,
1326 1865 1399 1904 59.
1462 1862 1561 1907 Hoc
1602 1865 1699 1908 loco
1741 1854 1854 1923 ἦθος

157 1947 343 1989 dolentis
385 1947 499 1990 ineat
539 1958 597 1989 ex
635 1945 807 1989 insolita
849 1956 908 1987 re.
941 1966 999 1975 -
1053 1957 1207 1997 casa,
1251 1945 1500 2000 pastoritia,
1548 1947 1604 1990 cf.
1639 1950 1764 1994 Voss.
1795 1952 1852 1994 ad

163 2030 285 2084 Virg.
318 2028 475 2083 Eclog.
503 2028 541 2081 Ι,
572 2030 645 2070 79.
690 2026 751 2080 ΙΙ,
777 2029 852 2068 29.
925 2023 1130 2067 Ceterum
1174 2024 1289 2068 conf.
1335 2026 1475 2068 Ovm.
1519 2029 1613 2073 Art.
1657 2033 1752 2073 Am.
1796 2032 1854 2085 11,

154 2117 268 2158 240:
327 2111 550 2170 Cynthius
590 2108 777 2154 Admeti
818 2121 981 2150 vaccas
1017 2106 1199 2164 pavisse
1239 2107 1470 2151 Pheraeos
1511 2113 1679 2154 Fertur
1718 2122 1765 2155 et
1805 2115 1854 2157 in

67 2241 72 2244 ι
149 2210 300 2253 parva
328 2193 558 2236 delituisse
587 2207 710 2236 casa.
743 2215 800 2224 -
842 2192 896 2236 V.
927 2193 988 2232 29
1019 2203 1113 2244 sqq.
1173 2190 1212 2232 F
1225 2191 1408 2234 elices
1441 2193 1579 2236 olim
1609 2195 1701 2240 scil.
1735 2210 1853 2240 mor-

156 2283 279 2324 tales.
342 2281 408 2323 De
438 2278 623 2322 formula
653 2279 1060 2320 Wuunssnmcmus
1100 2281 1320 2331 comparat
1361 2277 1489 2320 Ovid.
1520 2279 1700 2324 Heroid.
1732 2282 1855 2337 XIX,

161 2368 262 2407 111.
283 2386 338 2396 --
371 2361 580 2405 Veneri
609 2359 855 2410 servire,
887 2356 1050 2399 locutio
1080 2356 1211 2399 etiam
1240 2358 1346 2399 alias
1377 2359 1504 2401 obvia
1535 2365 1583 2403 ut
1612 2362 1689 2414 IV,
1711 2367 1754 2415 5,
1784 2367 1854 2417 13,

163 2447 263 2490 coll.
294 2446 588 2488 Mna-scusat-
619 2442 675 2486 ad
700 2441 856 2484 Horat.
888 2441 924 2492 1,
953 2442 1028 2492 33,
1057 2452 1100 2494 p.
1131 2441 1260 2492 301„
1291 2453 1403 2484 nunc
1433 2455 1529 2485 cum
1562 2450 1764 2500 respectu
1796 2447 1852 2490 ad

159 2529 381 2572 servitium
412 2525 625 2583 Apollinis
654 2524 784 2577 dicta,
817 2522 1032 2577 significat
1060 2519 1153 2564 hice
1187 2535 1268 2578 pro
1297 2535 1446 2567 amore
1477 2525 1635 2581 facere,
1666 2530 1854 2574 tolerare

157 2613 314 2656 omnia.
375 2610 643 2666 Magnopere
672 2608 784 2651 enim
817 2611 932 2649 errat
964 2606 1318 2648 Baoucnnssms
1353 2607 1407 2650 de
1437 2609 1670 2653 concubitu
1700 2618 1854 2668 aperto

158 2698 378 2753 cogitans,
413 2707 525 2751 quae
555 2706 624 2736 res
653 2692 709 2735 ab
739 2690 823 2734 boc
854 2703 970 2733 nexu
1002 2701 1146 2732 rerum
1180 2690 1305 2746 plane
1336 2692 1475 2734 aliena
1506 2699 1574 2736 est
1604 2700 1650 2738 et
1681 2709 1735 2739 ne
1766 2710 1853 2741 uno

157 2779 331 2836 quidem
355 2778 505 2822 -verbo
543 2780 800 2834 praeparata
831 2774 872 2817 in
916 2772 1285 2817 antecedentibus.
1319 2798 1375 2805 —
1430 2782 1726 2834 aeternos,
1771 2782 1854 2825 im-

157 2863 362 2907 mortales
392 2861 500 2905 deos
535 2873 620 2904 nou
661 2859 815 2917 puduit
851 2859 906 2903 ad
947 2861 1134 2903 infimam
1177 2860 1421 2902 mortalium
1453 2861 1740 2908 conditionem
1772 2865 1852 2909 de-

157 2944 380 2989 scendere.
410 2966 470 2976 —
521 2942 743 2986 Fabula
782 2954 925 2985 nunc
967 2941 1073 2984 ille
1116 2946 1218 2984 est.
1286 2940 1410 2984 Nunc
1452 2943 1616 2987 ridetur
1655 2945 1762 2989 deus
1794 2948 1851 2990 ob

158 3029 245 3071 tale
273 3026 509 3070 servitium.
569 3023 756 3067 Locutio
786 3024 898 3066 lecta
927 3036 1056 3079 supra
1097 3022 1130 3075 Ι,
1159 3026 1203 3075 4,
1232 3026 1304 3066 83.
1341 3047 1396 3055 -
1447 3027 1536 3068 cui
1579 3040 1676 3070 sua
1719 3042 1853 3072 cura

154 3109 310 3168 puella
343 3116 439 3155 est,
490 3107 530 3153 h.
561 3119 599 3150 e.
629 3107 703 3162 qui
733 3106 918 3162 puellam
959 3109 1100 3158 amat,
1147 3105 1290 3148 omnia
1321 3120 1400 3162 pro
1431 3121 1575 3151 amore
1608 3111 1775 3167 perpeti
1806 3117 1852 3155 et

158 3194 304 3238 sabula
332 3192 395 3236 sic
423 3191 518 3235 fieri
548 3189 724 3241 mavult,
754 3199 884 3242 quum
910 3186 1019 3229 deus
1043 3198 1142 3229 esse
1170 3200 1254 3230 non
1281 3194 1461 3232 amatus.
1525 3191 1623 3234 Vox
1655 3194 1851 3248 puella

161 3275 379 3333 emphasin
421 3273 551 3317 habet
581 3273 771 3316 adiutam
806 3272 962 3327 copula
992 3277 1105 3326 est,
1151 3272 1207 3315 de
1237 3286 1322 3327 qua
1354 3286 1401 3319 re
1434 3274 1517 3318 vid.
1549 3275 1604 3318 ad
1633 3276 1669 3330 Ι,
1704 3280 1742 3330 1,
1773 3281 1850 3322 34.

164 3359 226 3401 De
256 3359 412 3402 ceterin
441 3358 710 3402 Huscnxms
742 3356 911 3400 confert
937 3357 1074 3400 Ovm.
1108 3357 1216 3401 Met.
1245 3358 1362 3412 VIII,
1393 3362 1506 3403 727:
1539 3362 1657 3402 Cura
1682 3360 1751 3416 pii
1782 3360 1852 3402 dis

161 3450 292 3490 sunt,
346 3448 390 3486 et
435 3444 578 3499 aptius
623 3443 1024 3485 Wusossamcmus
1074 3442 1198 3485 ovid.
1245 3443 1423 3485 Heroid.
1467 3442 1586 3495 XVI,
1629 3446 1710 3485 96:
1764 3441 1854 3483 Sed

1276 3532 1335 3575 10
1357 3528 1380 3555 ²ss
