2158 3750
337 246 440 292 382
730 234 1198 290 COMMENTAR.
1234 235 1309 287 lN
1347 236 1633 288 TIBULLI

649 751 1272 817 COMMENTARIUS
1327 754 1407 816 IN
1451 753 1762 814 TIBULLl

843 895 1125 966 LIBRUM
1162 912 1535 976 QUARTUM.

768 1151 1617 1215 CARMEN51.

917 1307 1006 1350 AD
1056 1304 1473 1349 MESSALAM.

945 1666 1463 1722 INTRODUCTIO.
1632 1736 1633 1739 Ν
1953 1645 1959 1651 ’
2126 1661 2152 1727 5

348 1855 466 1930 Μ.
504 1879 600 1924 Val.
630 1877 828 1939 Messala·
852 1877 1086 1932 Corvinus,
1122 1890 1251 1934 quem
1283 1890 1341 1921 ex
1370 1876 1665 1933 superioribus
1695 1877 1916 1931 nodutus,
1946 1878 2046 1920 ann.

347 1967 449 2006 723.
482 1975 580 2006 cum
612 1962 800 2004 Caesare
831 1963 1069 2005 Octaviano
1099 1963 1371 2006 consulatum
1401 1961 1578 2014 inierat,
1610 1973 1696 2015 quo
1730 1951 1925 2016 tempore
1956 1959 2053 2002 bel-

347 2048 437 2089 lum
478 2049 630 2089 contra
669 2045 901 2088 Antonium
942 2045 1157 2097 instabat3
1201 2056 1335 2099 quare
1373 2047 1528 2086 auctor
1572 2041 1696 2085 huius
1738 2042 1937 2086 carminis
1979 2041 2053 2095 qui

348 2131 432 2173 iam
466 2130 568 2172 olim
596 2140 753 2183 magna
786 2131 910 2183 parte
939 2139 1144 2182 agrorum
1175 2127 1404 2183 spoliatum
1438 2139 1486 2169 se
1519 2126 1760 2181 significat,
1793 2137 1903 2168 nova
1934 2124 2055 2181 peri-

351 2214 448 2255 cula
488 2213 644 2255 timens
683 2211 967 2267 patrocinium
1011 2211 1199 2254 consulis
1241 2211 1409 2266 egregii
1452 2210 1586 2253 ambit
1626 2209 1771 2252 oblato
1804 2207 1885 2251 hoc
1919 2217 2055 2264 pane-

349 2295 502 2350 gyrico
533 2297 761 2350 poemate,
805 2293 879 2335 ubi
923 2306 1072 2336 onmes
1114 2293 1264 2336 laudes
1306 2293 1388 2336 viri
1430 2292 1531 2336 data
1573 2305 1708 2348 opera
1739 2293 2066 2348 complectitur,x

349 2390 485 2433 seque
525 2378 567 2420 ei
605 2378 649 2420 in
690 2381 947 2434 perpetuum
987 2377 1206 2421 addictum
1248 2379 1490 2435 profitetur.
1552 2377 1734 2420 Constat
1763 2375 1932 2419 diversa
1958 2367 2059 2420 'esse

350 2463 539 2506 virorum
570 2461 796 2504 doctorum
827 2460 882 2503 de
911 2461 1101 2504 carmine
1141 2460 1223 2504 hoc
1255 2462 1433 2515 eiusque
1465 2465 1642 2505 auctore
1671 2461 1854 2515 iudicia3
1899 2465 1978 2504 nos
2010 2465 2065 2503 ut:

351 2545 501 2591 ordine
541 2551 747 2601 agamus,
791 2547 974 2601 primum
1016 2547 1154 2602 ipsius
1195 2547 1395 2590 carminis
1436 2547 1646 2590 rationem
1677 2546 2057 2599 considerabimus,

353 2627 511 2674 deinde
541 2629 596 2673 de
623 2634 802 2672 auctore
830 2628 1036 2673 dicemus.
1098 2629 1240 2684 Igitur
1261 2634 1561 2684 argumentum
1585 2628 1666 2672 hoc
1691 2633 1782 2672 est:
1813 2629 1863 2671 In
1888 2631 2056 2672 exor-

353 2712 446 2756 dio
488 2692 620 2770 poeta
661 2717 841 2756 excusat
877 2713 1116 2755 exilitatem
1147 2713 1309 2767 ingenii
1338 2713 1418 2756 sui.
1491 2713 1771 2756 cantaturum
1804 2725 1852 2755 se
1883 2712 2059 2756 Messa-

351 2794 464 2850 latii,v
503 2796 608 2840 licet
642 2797 777 2839 virtus
819 2796 998 2851 egregia
1040 2796 1261 2839 deterrere
1303 2798 1441 2853 possit
1479 2796 1719 2850 infirmium
1769 2797 1932 2852 quodsi
1953 2803 2060 2840 vero

356 2879 486 2924 etium
517 2881 656 2936 impar
690 2879 1038 2935 deprehendatur
1069 2894 1240 2925 carmen
1274 2882 1430 2924 debitis
1461 2871 1735 2924 laudibffs‘et
1764 2881 1859 2936 ipse
1888 2879 2073 2924 hunfflis.

355 2963 554 3006 conditor
591 2967 800 3019 appareat
840 2962 969 3004 tantis
1011 2963 1144 3015 actis,
1185 2968 1303 3006 certe
1334 2965 1523 3007 voluisse
1552 2963 1657 3007 satis
1686 2975 1796 3005 esse.
1858 2962 2060 3005 Ostendit
2148 2939 2156 2995 s

356 3044 512 3088 deinde
543 3046 753 3101 exemplis
786 3057 840 3087 ex
869 3043 1139 3098 mythologia
1169 3049 1215 3087 et
1247 3046 1367 3088 cultu
1397 3045 1578 3089 deorum
1609 3045 1758 3102 petitis
1789 3045 1918 3088 etiam
1949 3044 2056 3087 deos

356 3143 489 3184 parva
518 3129 630 3171 dona
659 3141 745 3171 non
776 3139 1006 3184 respuere,
1046 3134 1260 3185 rogatque
1290 3131 1353 3174 sic
1384 3130 1615 3174 Messalam
1646 3133 1697 3172 ut
1726 3136 1904 3184 parvum
1935 3126 2060 3169 labo-

356 3221 449 3251 rem
493 3210 681 3264 benigne
727 3212 929 3266 excipiat.
1006 3213 1102 3254 Alia
1146 3216 1400 3266 argumenta
1441 3207 1647 3268 relinquit
1687 3211 1807 3264 aliis,
1855 3215 1902 3253 at
1947 3216 2053 3254 suae

359 3291 576 3336 Camenae
608 3293 893 3348 quodcunque
925 3297 1103 3350 possint,
1133 3296 1179 3339 id
1210 3309 1335 3360 omne
1361 3296 1578 3340 Messalae
1605 3298 1747 3339 vovet.
1810 3292 1921 3336 Esse
1947 3294 2061 3335 enim

359 3377 590 3422 maximam
622 3377 926 3435 praestantiam
957 3379 1063 3434 viri,
1099 3380 1172 3435 qui
1206 3380 1335 3425 etiam
1367 3379 1509 3436 gentis
1537 3378 1741 3433 antiquae
1773 3376 1953 3431 gloriam
1986 3388 2063 3419 su—
