2158 3750
290 256 318 295 8
691 243 1156 299 COMMENTAR.
1190 244 1265 295 IN
1302 243 1589 297 TIBULLI

297 397 415 436 recte
439 392 649 436 debeatur
679 389 871 434 militiae.
932 387 1030 430 Etsi
1059 391 1203 430 autem
1234 390 1333 430 ante
1358 388 1500 430 omnia
1530 385 1585 430 ad
1614 384 1792 429 istorum
1816 388 1986 442 tempo-

294 489 388 518 rum
417 475 627 517 rationem
657 477 797 516 totum
828 473 971 515 locum
1002 484 1268 524 revocamus,
1300 484 1385 513 non
1415 475 1559 513 tamen
1587 471 1845 525 negligimus
1873 470 1988 525 quod

292 556 463 599 aliunde
492 559 640 597 notum
669 559 797 608 atque
833 552 902 595 hic
933 567 960 595 a
990 553 1173 596 Vmfflto
1205 556 1249 594 et
1280 552 1521 594 Huscmuo
1563 553 1747 595 maxime
1786 552 1990 595 observa-

296 644 385 680 tum
415 640 495 689 est,
526 638 699 679 omnino
729 650 755 678 a
786 636 968 678 Graecis
990 635 1243 690 Latinisque
1275 648 1423 677 aurum
1453 639 1498 677 et
1520 647 1650 689 agros
1676 639 1725 676 ut
1749 633 1836 676 duo
1865 646 1992 688 prae-

296 718 504 761 stantiora
534 717 780 760 divitiarum
814 730 976 772 genera
1005 730 1138 772 saepe
1170 716 1428 758 coniunctim
1459 716 1714 768 memorari3
1745 715 1852 758 haec
1881 715 1993 758 enim

297 798 543 841 observatio
575 812 629 842 eo
671 800 861 854 pertinet
892 802 942 841 ut
985 798 1115 840 etiam
1157 798 1328 853 poetica
1368 797 1509 840 unitas
1550 797 1719 840 distichi
1759 797 1996 840 illustretur

298 879 558 923 luculenter.
619 881 712 924 Sed
741 883 880 938 ipsum
911 883 1198 936 iugerum,
1230 886 1279 923 ut
1309 894 1553 936 pergamus,
1589 895 1645 925 ex
1672 880 1855 924 actubus
1886 879 1997 923 duo-

302 963 383 1005 bus
416 965 666 1020 constabat,
695 970 819 1009 actus
849 971 994 1009 autem
1025 965 1278 1020 quadratum
1309 970 1427 1018 erat,
1461 965 1582 1007 cuius
1610 965 1724 1007 latus
1755 968 1926 1007 centum
1953 966 1999 1005 et

296 1048 448 1103 viginti
499 1049 673 1104 pedum.
760 1050 870 1093 Cum
923 1050 1058 1104 igitur
1099 1055 1260 1093 certam
1302 1062 1543 1092 mensuram
1583 1049 1738 1102 iugera
1779 1045 2001 1097 haberent,

298 1143 440 1184 neque
470 1131 555 1172 alia
584 1143 766 1185 magna,
798 1132 882 1173 alia
913 1144 1046 1186 parva
1075 1137 1247 1185 essent,
1274 1145 1405 1187 porro
1435 1135 1627 1174 notatum
1659 1135 1725 1174 est
1753 1143 1779 1172 a
1809 1131 1999 1182 Sumo,

299 1214 656 1266 Bnorscxmrsm,
703 1214 911 1266 Vum’m,
955 1213 1172 1267 Hanno,
1214 1213 1484 1265 Huscmsso,
1526 1216 1745 1267 praestare
1774 1211 2002 1254 lectionem

301 1297 502 1350 multa,
533 1301 578 1339 et
610 1295 728 1339 nihili
759 1297 928 1339 BAcnn
960 1302 1029 1340 est
1060 1298 1222 1354 opinio,
1253 1310 1473 1340 mensuras
1503 1309 1704 1351 agrorum
1731 1308 1818 1339 nou
1850 1308 2002 1340 curare

303 1377 463 1420 debere
493 1378 756 1421 concitatum
787 1383 945 1434 poetae
977 1380 1178 1424 animum.
1253 1380 1340 1424 Qui
1371 1393 1537 1448 maggza
1565 1379 1840 1435 praeferunt,
1883 1391 2004 1422 com-

303 1463 456 1514 parant
488 1460 572 1502 ista
615 1461 838 1503 notissima
868 1474 1034 1518 magna
1074 1459 1219 1501 millia
1257 1461 1436 1504 VALER.
1468 1461 1635 1503 Fucc.
1667 1461 1784 1504 Aac.
1815 1461 1870 1515 V,
1898 1462 2003 1504 274.

305 1545 350 1582 et
380 1554 570 1598 magnas
601 1540 794 1599 legiones
820 1542 1004 1586 HonA‘r.
1035 1543 1129 1585 Sat.
1153 1542 1190 1596 Ι,
1213 1546 1257 1596 6,
1283 1545 1338 1595 4;
1370 1542 1446 1585 sed
1475 1543 1628 1597 iugera
1654 1555 1733 1599 per
1760 1555 1810 1586 se
1839 1556 2006 1600 magna

311 1622 458 1666 dicere
490 1624 554 1667 sic
584 1628 751 1667 tantum
776 1623 845 1667 hic
871 1628 992 1667 recte
1022 1626 1235 1683 potuisset
1265 1624 1479 1678 Tibullus,
1507 1625 1545 1666 si
1576 1625 1671 1680 ipse
1700 1624 1837 1666 multo
1866 1624 2005 1666 mino-

304 1716 398 1746 rem
427 1705 581 1759 iugero
613 1719 766 1760 agrum
798 1704 1048 1759 habuisset,
1085 1706 1200 1760 quod
1233 1719 1318 1748 non
1349 1706 1582 1760 credibile3
1610 1708 1676 1749 sin
1708 1707 1805 1762 ipse
1833 1718 2006 1761 quoque

305 1789 460 1843 iugera
491 1791 596 1832 talia
626 1788 839 1851 habebat,
880 1790 1028 1847 inepta
1058 1795 1125 1833 est
1154 1789 1346 1846 phrasis3
1392 1791 1466 1845 qui
1499 1803 1602 1833 vero
1629 1790 1693 1833 ita
1719 1777 2007 1846 interpretanss-

307 1875 404 1924 tur,
433 1884 637 1927 magnum
666 1887 890 1930 campum,
933 1887 1137 1929 magnum
1168 1875 1352 1930 spatium
1384 1874 1616 1929 significari
1646 1875 1690 1918 in
1717 1875 1870 1929 iugera
1899 1873 2010 1917 divi-

306 1968 430 2009 sum,
478 1962 706 2012 praeterea
750 1971 835 2001 non
880 1963 1082 2000 accurate
1121 1959 1483 2013 interpretantur,
1532 1962 1580 2000 ut
1624 1971 1778 2002 censor
1816 1957 2009 2000 lenensis

310 2035 524 2079 Husclikii
553 2051 651 2081 ann.
682 2041 814 2082 1815.
845 2037 1152 2094 Ephemeridd.
1186 2042 1369 2081 nr.203.
1401 2054 1444 2095 p.
1470 2043 1567 2083 187.
1630 2041 1833 2084 Ceterum
1863 2040 2010 2083 multa

313 2120 443 2163 etiam
475 2122 685 2177 exemplis
717 2123 909 2178 plurimis
939 2123 1106 2165 collatis
1135 2124 1412 2166 confirmatur
1443 2123 1497 2166 ab
1527 2123 1719 2167 Hermo
1750 2128 1796 2166 et
1825 2123 2010 2167 Huscn-

310 2217 404 2247 ruo.
440 2225 502 2238 -
553 2210 767 2249 teneat.
829 2207 1018 2250 Sensus:
1080 2206 1275 2264 Colligat
1316 2221 1480 2248 aarum
1521 2205 1570 2248 in
1615 2205 1727 2248 bello
1769 2213 1815 2247 et
1860 2214 2012 2248 teneat

300 2285 449 2341 finita
479 2286 646 2346 militia
674 2287 814 2330 etiam
843 2287 1005 2347 iugera
1036 2288 1194 2332 multa.
1255 2289 1358 2332 Non
1388 2294 1482 2332 erat
1511 2289 1626 2344 quod
1657 2291 1752 2344 quis
1781 2288 1850 2332 hic
1872 2289 2013 2333 offen*-

311 2368 452 2411 deret·
476 2392 538 2403 —
567 2370 622 2414 V.
650 2373 694 2413 3.
720 2374 767 2415 4.
831 2374 1005 2418 Quem
1029 2396 1087 2404 —
1117 2373 1351 2428 fugent,
1381 2375 1455 2428 qui
1486 2387 1628 2428 neque
1655 2373 1843 2416 interdiu
1871 2387 2012 2430 neque

309 2455 442 2494 noctu
483 2455 652 2495 terrore
697 2458 822 2497 vacet
862 2455 906 2497 in
951 2456 1105 2498 vicinia
1147 2454 1296 2500 hostis.
1359 2457 1666 2500 Coniunctivos
1696 2458 1848 2514 accipe
1884 2462 1934 2501 ut
1973 2459 2012 2502 si

311 2534 484 2578 Graece
516 2531 562 2576 ὃν
592 2531 669 2587 ἄν,
717 2522 752 2591 ᾧ
783 2533 836 2579 ἄν
867 2537 1030 2581 dictum
1061 2543 1190 2582 esset.
1221 2563 1282 2571 —-
1332 2540 1496 2583 labor
1540 2541 1826 2584 assiduus·
1899 2541 2012 2585 Nam

309 2616 632 2672 frumentatum,
662 2624 882 2674 aquatum,
913 2621 1122 2674 lignatum
1151 2621 1269 2663 missi
1298 2622 1472 2675 milites,
1503 2622 1564 2664 ait
1594 2623 2013 2679 Wunmsnmcmus,

312 2699 581 2743 vexabantur
610 2705 656 2744 et
686 2701 970 2744 turbabantur
999 2701 1055 2743 ab
1087 2701 1302 2744 assidente
1345 2701 1482 2745 hoste.
1555 2704 1647 2746 Sed
1687 2705 1789 2748 talia
1825 2707 2012 2750 maxime

310 2784 530 2839 respicere
582 2797 669 2828 non
727 2784 860 2828 fuerit
909 2784 1141 2840 poeticum.
1220 2785 1358 2828 Immo
1405 2791 1506 2830 sunt
1554 2789 1728 2831 omnino
1775 2794 2013 2845 perpetuae

312 2880 487 2922 pugnae
517 2882 673 2923 graves
704 2882 802 2912 cum
833 2867 1044 2922 hostibus,
1077 2870 1149 2923 qui
1179 2869 1309 2912 modo
1338 2870 1524 2914 interdiu
1552 2871 1682 2914 modo
1711 2876 1844 2916 noctu
1872 2874 2014 2917 laces—

312 2956 426 3003 sunt,
459 2957 725 3007 oppugnant,
754 2953 948 3006 irruunt3
978 2954 1094 2997 unde
1125 2955 1418 3008 intelligenter
1442 2955 1665 2998 Mssmuus
1695 2968 1831 3011 meus,
1861 2955 2014 2999 doctor

314 3032 509 3076 eruditus
541 3035 585 3076 in
625 3036 863 3089 Gymnasio
897 3037 1148 3092 Bremeusi,
1195 3053 1275 3095 pro
1306 3041 1508 3095 exemplo
1540 3044 1760 3095 comparat
1791 3039 1927 3084 Cass.
1957 3040 2014 3084 de

311 3112 424 3157 Bell.
450 3116 566 3160 Gall.
591 3117 690 3171 Vll,
713 3120 795 3160 41:
824 3119 1016 3161 Summis
1048 3119 1184 3176 copiis
1215 3128 1370 3163 castra
1399 3129 1662 3179 oppugnata
1693 3121 2014 3172 demonstrant,

311 3210 409 3237 cum
445 3195 593 3241 crebro
629 3198 795 3257 integri
826 3201 1014 3259 defessis
1045 3203 1327 3246 succederent
1357 3211 1620 3262 nostrosque
1649 3204 1833 3248 assiduo
1862 3204 2028 3248 labore'

311 3277 627 3336 defatigarent
659 3285 742 3325 etc.
805 3283 870 3324 Ac
902 3288 1092 3327 terret
1122 3284 1191 3328 hic
1227 3287 1375 3341 labor,
1418 3300 1516 3330 cum
1559 3287 1615 3330 sit
1655 3288 1924 3344 periculosus
1965 3293 2011 3332 et

310 3359 544 3414 perniciem
583 3361 770 3406 minetur
813 3369 888 3406 aut
931 3365 1084 3409 afferat
1126 3368 1296 3422 multis,
1345 3373 1393 3413 ut
1432 3370 1660 3414 Somrocn.
1691 3369 1876 3416 Philoct.
1905 3372 2007 3414 864.
