2158 3750
250 186 331 238 22
774 183 1080 239 TIRULLI
1140 183 1278 240 Llss.
1314 185 1357 243 l.
1388 197 1429 240 6.

325 335 399 394 At
444 334 582 394 mihi
628 336 674 394 si
723 334 949 407 eredaS,
1007 333 1159 393 illam
1205 358 1412 418 sequar
1455 359 1603 397 unus
1649 336 1722 396 ad
1769 318 1922 395 aras:

409 443 572 501 Tunc
616 441 755 501 mihi
800 465 916 500 non
960 441 1138 501 oculis
1182 442 1255 502 sit
1298 443 1551 503 timuisse
1589 444 1744 502 meiS.

256 565 314 610 25
331 552 543 632 Saepe,
597 548 747 609 velut
789 573 1038 630 gemmas
1085 551 1205 611 eius
1250 552 1591 635 signumque
1628 551 1961 634 probarem,

408 659 519 716 Per
561 680 788 738 causam
831 658 1063 719 memini
1107 683 1195 720 me
1234 660 1480 740 tetigisse
1525 683 1792 720 manum:

290 827 293 830 ,
325 768 506 848 Saepe
548 790 705 827 mero
750 791 1012 829 somnum
1042 770 1238 852 peperi
1282 769 1403 842 tibi,
1449 784 1503 829 at
1538 759 1661 852 ipse
1694 768 1960 830 bibebam

410 873 618 935 Sobria
661 876 957 959 supposita
1003 876 1211 960 pocula
1255 878 1434 938 victor
1477 902 1640 960 aqua.

319 982 449 1042 Non
497 1006 603 1063 ego
649 998 701 1044 te
745 984 882 1045 laesi
928 984 1214 1068 prudens:
1284 986 1515 1067 ignosce
1558 986 1770 1045 fatenti.
1822 1003 1824 1006 ·

255 1107 317 1151 30
415 1091 587 1151 Iussit
619 1090 830 1152 Amor:
896 1108 1092 1152 contra
1131 1094 1258 1176 quis
1302 1095 1446 1154 ferat
1482 1118 1639 1154 arma
1682 1093 1858 1154 deos?

244 1253 246 1279 ;
322 1198 423 1259 Ille
464 1223 568 1279 ego
618 1223 772 1272 sum,
831 1223 935 1260 nec
980 1223 1069 1259 me
1109 1200 1222 1260 iam
1272 1201 1460 1261 dicere
1502 1224 1632 1261 vera
1676 1202 1946 1284 pudebit,

414 1306 670 1367 Instabat
715 1321 831 1368 tota
878 1307 969 1367 cui
1014 1322 1111 1367 tua
1154 1323 1320 1368 nocte
1366 1309 1539 1369 canis,

332 1415 493 1495 Quid
522 1429 714 1476 tenera
754 1416 857 1476 tibi
898 1416 1139 1498 coniuge
1172 1419 1358 1500 opus?
1395 1433 1492 1477 tua
1526 1418 1574 1477 si
1603 1417 1757 1478 bona
1784 1418 1967 1478 nescis

417 1524 684 1598 Servare,
745 1524 957 1584 frustra
1003 1524 1172 1585 clavis
1214 1526 1360 1586 inest
1403 1526 1640 1586 foribus.

261 1634 415 1691 35Tc
460 1647 639 1705 tenet,
687 1631 947 1692 absentes
989 1633 1129 1692 alios
1175 1633 1424 1716 suspirat
1469 1658 1688 1694 amores

412 1741 483 1799 Et
525 1739 754 1799 simulat
798 1740 988 1800 subito
1035 1741 1396 1800 condoluisse
1437 1757 1621 1824 caput.

332 1847 410 1907 At
444 1847 585 1907 mihi
624 1847 959 1908 servandam
1008 1849 1234 1909 credas:
1297 1873 1414 1909 non
1460 1873 1623 1913 saeva
1669 1873 1868 1910 recuso

415 1956 701 2030 Verbera,
749 1957 998 2016 detracto
1044 1981 1161 2016 non
1203 1981 1308 2037 ego
1352 1957 1535 2018 vincla
1572 1958 1800 2041 pedum.

335 2066 481 2123 Tum
528 2064 729 2147 procul
774 2065 1000 2137 absitiS,
1058 2065 1318 2147 quisquis
1358 2065 1490 2125 colit
1534 2081 1651 2127 arte
1697 2065 1950 2149 capiHOS,

264 2186 324 2232 40
422 2173 492 2232 Et
536 2171 660 2232 fluit
701 2172 884 2232 effuso
932 2174 1021 2233 cui
1062 2188 1194 2253 toga
1239 2171 1363 2233 laxa
1404 2173 1566 2233 sinu:

387 2435 441 2477 V.
459 2437 534 2478 25.
573 2448 595 2478 ε
610 2435 665 2491 ig
680 2449 704 2479 u
719 2449 745 2479 u
761 2450 799 2480 m
814 2450 841 2492 q
855 2450 882 2479 u
896 2450 944 2490 e,
986 2442 1119 2480 recte.
1182 2436 1341 2480 Putida
1374 2435 1443 2480 hic
1476 2435 1730 2479 disiunctiva
1765 2435 1974 2491 particula

264 2513 510 2572 signumve.

385 2622 440 2666 V.
461 2625 534 2666 34.
590 2623 870 2675 Servare,
926 2623 1151 2665 frustra
1205 2636 1303 2666 cum
1357 2622 1531 2678 optimis
1582 2622 1714 2664 etiam
1753 2621 1976 2677 Excerpta

268 2703 480 2746 Flusuw.
552 2704 637 2746 Alii
680 2704 956 2760 interponunt
996 2703 1070 2747 ab.
1103 2728 1162 2735 -—
1233 2705 1286 2748 V.
1309 2707 1383 2746 38.
1421 2703 1695 2746 detracto
1737 2704 1893 2746 PAms.
1930 2708 1976 2746 et

268 2785 544 2830 Rssoumsm.
618 2787 763 2840 Vulgo
806 2785 1016 2831 detrecto,
1088 2785 1288 2829 Nondum
1334 2800 1438 2829 vero
1480 2785 1582 2828 mihi
1622 2791 1792 2828 constat
1831 2790 1975 2829 tersae

267 2869 451 2911 orationi
483 2868 645 2910 Tibulli
685 2867 791 2910 illud
823 2869 960 2921 magis
997 2870 1227 2911 convenire
1266 2881 1393 2923 quam
1435 2867 1531 2913 hoc.
1562 2892 1622 2900 -
1685 2869 1737 2911 V.
1753 2871 1827 2911 39.
1868 2867 1975 2909 colis

268 2952 398 3004 vulgo
432 2950 487 2993 de
516 2951 764 2993 coniectura
793 2951 966 2992 erm.
991 2973 1048 2981 --
1110 2951 1162 2993 V.
1179 2953 1251 2993 40.
1282 2948 1447 3004 Effluit
1480 2949 1823 3003 Laminitano&
1857 2950 1973 3004 quod

267 3046 378 3074 sane>
409 3033 448 3075 in
479 3033 710 3087 plerisque.
772 3030 872 3085 Ego
899 3045 1000 3074 vero
1032 3032 1188 3074 iterum
1215 3032 1366 3087 scripsi
1395 3031 1511 3086 quod
1542 3032 1582 3073 in
1614 3033 1709 3073 aliis
1741 3031 1809 3073 Et
1841 3031 1977 3073 fluit

268 3127 366 3157 cum
400 3115 615 3166 Hmffllo,
661 3114 844 3166 Vossxo,
892 3114 1288 3166 Wunnunmcmo,
1330 3113 1533 3164 Baculo,
1577 3113 1672 3155 vide
1703 3113 1972 3168 Explicatio-

272 3211 382 3239 nem.
446 3197 520 3239 Sic
550 3203 594 3236 et
614 3196 762 3251 fluere
796 3196 965 3237 transiit
999 3196 1040 3237 in
1072 3194 1252 3250 effluere
1288 3195 1383 3238 Liv.
1404 3196 1510 3247 Vll,
1540 3200 1611 3238 33.
1647 3197 1704 3240 cf.
1732 3196 1970 3241 Damam.

271 3280 325 3322 ad
369 3280 463 3321 Liv.
483 3277 744 3329 XXXVIII,
775 3280 859 3329 49,
892 3280 932 3320 4.
966 3283 1010 3320 et
1041 3279 1096 3320 ad
1128 3278 1207 3322 Sil.
1235 3278 1332 3320 ltal-
1364 3278 1451 3331 111,
1485 3282 1557 3321 57.
