2158 3750
309 231 412 278 296
704 221 1062 276 COMMENT
1069 221 1175 273 AR.
1208 221 1284 272 ΙΝ
1322 223 1607 274 TIBULLI

312 369 390 424 lv,
421 372 504 413 721
537 381 632 423 sqq.
661 389 721 398 -
779 367 1042 411 madidus
1086 366 1339 423 Baccho,
1387 366 1430 412 11.
1464 381 1502 411 e.
1548 380 1679 423 sapa,
1725 373 1774 413 ut
1815 372 2010 415 Ovmms

314 451 456 495 docet.
517 451 621 492 Fuit
660 453 807 493 autem
852 463 959 506 sapa
1000 455 1187 494 mustum
1226 451 1457 494 decoctum
1499 463 1638 506 usque
1677 451 1734 494 ad
1774 452 2010 508 dimidium,

312 544 362 578 ut
392 536 556 579 Vnum
586 532 692 576 dicit
720 547 790 590 ap.
820 533 933 578 Non.
967 549 1007 579 c.
1040 538 1111 579 17:
1142 549 1206 580 nr.
1239 539 1339 589 14.‚
1372 535 1455 578 etsi
1487 536 1682 579 anms
1710 533 1833 588 XIV,
1863 538 1906 577 9.
1934 548 2012 578 us-

313 629 398 672 que
429 615 486 658 ad
514 616 688 659 tertiam
730 621 898 673 partem
953 617 1182 661 decoctum
1222 616 1371 660 refert.
1432 618 1497 661 Ac
1529 622 1633 673 puta
1661 616 1842 659 hornum
1871 617 2016 660 vinum

312 699 474 753 fuisse,
504 699 634 742 etiam
666 700 862 744 Hunno
894 705 1120 754 monente,
1153 702 1315 757 quippe
1347 699 1464 755 quod
1495 700 1579 742 iam
1611 699 1834 741 biberetur
1860 698 2016 741 Pauli*

313 781 410 825 buS.
482 781 685 825 Ceterum
726 781 782 825 de
821 783 1039 826 locutione
1081 782 1292 824 madidas
1335 782 1436 824 vino
1475 782 1576 825 vide
1616 782 1671 824 ad
1710 781 1745 835 Ι,
1786 783 1832 835 2,
1871 783 1915 823 3.
1955 801 2016 812 -

317 863 631 920 concinet,
673 867 931 910 carminibus
962 867 1200 924 pastoritiis
1231 866 1472 910 celebrabit
1512 866 1669 909 festum
1701 870 1746 908 et
1773 865 1898 907 deam
1927 864 2018 907 Pa·-

316 947 417 1001 lem‚
448 949 583 991 veluti
612 950 656 992 in
690 949 1016 993 Ambarvalibus
1047 963 1177 1005 supra
1202 951 1260 1003 11,
1286 953 1328 994 1.
1357 963 1458 993 rura
1490 954 1536 992 et
1566 949 1624 991 dii
1655 949 1823 991 rurales
1853 959 2018 990 canna·-

318 1034 402 1084 tur,
431 1037 561 1087 poeta
594 1033 654 1075 ibi
688 1034 873 1077 faciente
903 1035 1019 1090 quod
1051 1024 1201 1077 rustici
1234 1036 1365 1088 vulgo
1390 1034 1534 1077 facere
1564 1032 1777 1076 solebant.
1801 1054 1852 1063 —
1885 1035 2020 1073 tuuc

318 1116 524 1169 procul
568 1121 693 1159 este
735 1118 882 1172 lupi,
928 1123 1032 1161 tunc
1062 1118 1258 1160 desistite
1290 1118 1480 1160 insidiari
1509 1117 1721 1170 stabulis,
1751 1127 1849 1159 cum
1880 1117 2011 1158 etiam

316 1195 372 1239 ad
402 1209 480 1239 vos
506 1199 716 1242 arcendos
744 1199 899 1242 Palilia
946 1201 1202 1255 pertineant.
1232 1223 1291 1231 —
1323 1199 1461 1254 Ille,
1493 1199 1719 1242 commode
1749 1200 2023 1255 oppositione
2103 1211 2119 1222 ·’

319 1281 584 1334 pronominis
611 1284 749 1325 utitur
778 1288 878 1339 post
908 1284 1036 1338 lupos
1066 1290 1343 1327 memoratos.
1368 1307 1428 1315 —
1458 1283 1732 1326 solemnis
1762 1293 2023 1334 acervos,

320 1359 362 1403 h·
397 1374 437 1407 e.
467 1377 590 1407 more
620 1366 801 1408 solemni
832 1372 1081 1423 congestos,
1114 1371 1375 1420 exstructos,
1407 1367 1543 1409 veluti
1571 1364 1778 1408 solemnis
1805 1363 1924 1422 ignis
1956 1367 2025 1406 est

323 1445 460 1489 Ovm.
504 1446 638 1492 Trist.
681 1449 759 1501 lll,
807 1452 878 1503 13,
922 1453 1085 1492 Ῑθυ-
1144 1451 1293 1492 levis
1341 1450 1621 1505 stipulae,
1669 1445 1863 1504 epitheto
1906 1446 2026 1490 vocis
2108 1420 2116 1476 {

322 1533 557 1583 consueto,
607 1528 676 1572 hic
709 1536 852 1573 tamen
885 1537 933 1574 ut
964 1532 1090 1574 simul
1122 1532 1247 1574 facile
1281 1532 1481 1587 laeteque
1512 1532 1666 1574 ardens
1698 1532 1858 1587 stipula
1889 1529 2028 1585 signi-

320 1611 476 1654 ficetur
505 1613 690 1658 adiecto,
708 1638 767 1645 —-
799 1616 1127 1670 transiliet,
1155 1617 1395 1661 Pnopnnw.
1426 1617 1503 1670 IV,
1534 1618 1577 1669 4,
1609 1619 1683 1658 77.
1711 1613 1910 1657 laudatus
1938 1614 2026 1658 iam

321 1693 376 1735 ab
408 1695 519 1738 aliis.
549 1717 611 1729 —
660 1696 715 1740 V.
746 1700 802 1739 91
836 1712 930 1753 sqq.
992 1699 1204 1753 Sequitur
1242 1701 1419 1743 tertium
1450 1699 1670 1742 felicitatis
1700 1698 1900 1754 publicae
1930 1709 2028 1739 mo·
2113 1702 2131 1745 ,Τ

320 1781 528 1822 mentum.
589 1777 766 1822 Erravit
805 1779 1025 1824 Hermus
1070 1779 1183 1824 hunc
1231 1782 1375 1825 locum
1419 1793 1476 1824 ex
1517 1780 1803 1823 antecedente
1837 1777 2027 1836 pendere

321 1859 517 1915 credens,
547 1863 668 1916 quasi
699 1863 856 1906 Palilia
886 1865 1016 1906 etiam
1050 1865 1257 1908 matronis
1312 1863 1620 1907 fecunditatem
1647 1862 1884 1915 attulerint,
1914 1859 2031 1916 quod

323 1943 498 1986 nonita
538 1957 635 1987 esse
667 1945 863 1988 viderunt
923 1947 1135 2000 Voss1US‚
1179 1947 1610 2000 Wunnnumcmus,
1659 1946 1940 1989 Husomrms.
1969 1965 2030 1975 —

325 2023 346 2065 f
353 2028 480 2069 etus
517 2026 693 2070 dabit.
753 2021 939 2084 Proprie
971 2030 1054 2072 dici
1087 2030 1196 2074 dare
1227 2029 1387 2072 liberos
1422 2031 1477 2073 de
1509 2029 1786 2085 parentibus,
1817 2028 1891 2083 qui
1923 2039 2028 2084 pro-

324 2114 475 2153 creant
502 2111 679 2165 liberos,
709 2116 757 2154 ut
788 2113 993 2155 cirrum„
1029 2113 1147 2166 LXI,
1170 2117 1272 2156 212.
1334 2114 1740 2157 Wrmnssnmcmus
1771 2118 1934 2157 monet.
1964 2134 2024 2143 —

324 2195 679 2250 comprensis
722 2195 986 2249 auribus,
1034 2201 1100 2238 est
1145 2209 1380 2252 puerorum
1421 2201 1466 2239 et
1513 2197 1763 2239 amantium.
1835 2196 2030 2239 Potnux

325 2274 551 2319 Onomast.
582 2275 639 2328 X,
674 2279 785 2318 1002
833 2277 990 2318 εἰδέναι
1031 2278 1078 2318 δὲ
1121 2274 1172 2318 οὐ
1212 2278 1378 2327 φαῦλον
1419 2272 1486 2319 ὅτι
1512 2273 1660 2335 χύτρα
1690 2279 1764 2319 καὶ
1792 2273 2032 2333 φιλήματος

325 2351 438 2406 ε’ῗὸος
469 2347 544 2417 ἧν,
587 2354 715 2401 ὅπότε
745 2355 803 2401 vc}
832 2362 990 2402 παιδία
1022 2362 1164 2419 φιλοίη
1195 2363 1285 2404 τοῖν
1317 2358 1438 2405 ὤτων
1467 2357 1855 2416 ἐπιλαμβανόμενα.
1917 2363 2034 2406 Am-

325 2454 490 2485 STAEN.
530 2441 674 2498 Epist.
713 2443 749 2496 I,
792 2446 845 2486 1:
895 2440 1036 2496 Κάγώ
1075 2447 1164 2485 τῶν
1205 2440 1328 2486 ὤτων
1370 2445 1585 2501 λαβομένη
1627 2448 1726 2501 τρίς
1765 2458 1812 2487 σε
1851 2438 2033 2501 φιλήσω.

328 2526 518 2582 Copiose
563 2527 832 2570 illustrarunt
867 2540 959 2570 rem
991 2529 1220 2582 Sm'rms,
1259 2526 1645 2582 Bnoucxntssms,
1685 2529 1917 2581 Vunpms,
1963 2527 2038 2570 ubi

328 2611 452 2666 plura
478 2610 592 2655 vide.
626 2611 800 2654 -Sentis
841 2624 969 2666 quam
1025 2612 1082 2654 sit
1123 2613 1265 2654 suavis
1307 2611 1378 2655 hic
1419 2613 1556 2656 locus.
1589 2635 1649 2643 -
1699 2611 2036 2666 advigilare

328 2694 552 2749 nepoti,
582 2692 623 2736 h.
655 2706 694 2737 e.
725 2693 906 2749 vigilare
936 2692 1050 2748 apud
1083 2692 1368 2736 dormientem
1397 2706 1595 2749 puerum.
1657 2694 1858 2737 Suu-nus
1889 2692 2032 2736 Theb.

329 2777 365 2831 I,
399 2780 497 2822 147.
542 2784 819 2835 comparatus
859 2792 885 2822 a
925 2779 1284 2821 BROUcKHtJSIo:
1330 2793 1418 2819 non
1447 2777 1688 2834 impacatis
1718 2793 1873 2836 regum
1903 2775 2036 2820 advi-

326 2860 527 2920 gilantia
549 2862 714 2905 somnis
737 2862 858 2908 Pila,
888 2861 927 2904 h.
957 2875 994 2905 e.
1030 2862 1188 2905 milites
1234 2863 1388 2916 vigiles
1420 2861 1732 2904 dormientibus
1761 2861 1952 2916 regibus.
1976 2883 2036 2892 --

329 2947 384 2990 V.
416 2950 475 2989 95
504 2959 598 3002 sqq.
659 2946 831 2989 Iuvabit
859 2945 1056 2989 conferre
1105 2947 1241 2991 Vnus.
1272 2947 1438 3000 Georg.
1464 2945 1523 2999 ΙΙ,
1559 2948 1648 2988 514
1688 2957 1782 2999 sqq.
1826 2944 1901 2986 ubi
1941 2944 2037 2987 lau—-

329 3028 435 3072 dans
467 3033 597 3087 poeta
637 3030 767 3073 vitam
807 3030 1038 3084 rusticam,
1099 3035 1328 3087 postquam
1361 3030 1416 3073 de
1444 3030 1617 3085 frugum
1651 3034 1862 3086 proventu
1894 3029 2039 3072 foetu-

330 3125 415 3164 que
445 3119 651 3168 pecor'um
686 3113 820 3165 dixit,
867 3117 911 3154 et
954 3113 1008 3155 de
1051 3115 1162 3156 natis
1212 3114 1372 3156 circum
1406 3114 1553 3155 oscula
1584 3113 1776 3168 parentis
1807 3111 2037 3167 pendenti-

332 3190 414 3234 bus
444 3198 489 3234 et
518 3206 629 3247 quae
659 3198 758 3235 sunt
790 3192 1057 3247 huiusmodi,
1083 3199 1307 3249 postremo
1339 3195 1470 3236 etiam
1501 3195 1661 3236 festum
1693 3195 1838 3236 rurale
1870 3193 2036 3236 descri-

333 3273 396 3316 bit
431 3274 567 3316 instar
596 3275 786 3317 omnium
819 3287 974 3329 unum,
1019 3275 1135 3329 quod
1168 3275 1343 3319 Baccho
1383 3281 1482 3331 post
1512 3275 1768 3318 vindemiam
1801 3274 2034 3317 celebrant.

334 3357 445 3400 Nam
478 3358 553 3401 ubi
588 3357 643 3402 de
670 3352 673 3355 ’
674 3357 909 3416 felicitate
941 3361 1127 3404 rusticae
1159 3360 1272 3403 vitae
1315 3360 1482 3414 agitur,
1528 3360 1623 3413 quis
1655 3355 1883 3414 festorum
1913 3367 2034 3399 rura-
