2086 3756
858 195 1163 249 TIBULLI.
1690 213 1856 246 Lxxm

293 342 358 390 In
393 339 567 391 medio
616 339 842 392 carmine
881 317 995 392 dixi
1028 337 1298 409 propriam
1333 336 1510 390 sedem
1546 355 1656 390 esse
1696 342 1855 390 uber-

150 435 269 486 tatis
298 435 656 499 Tibullianae3
692 433 778 486 hic
811 435 986 485 locum
1024 452 1176 487 suum
1211 436 1371 487 habet
1406 435 1498 485 illa
1532 433 1747 499 insignis
1771 451 1857 484 re-

152 546 271 579 rum
307 530 557 588 varietas,
608 545 715 595 qua
753 527 938 578 Albius
976 529 1106 580 alios
1153 547 1335 581 omnes
1382 539 1562 596 poetas
1609 508 1859 593 elegiacos

151 633 379 689 superat.
449 620 632 683 Qualis
665 622 826 686 igitur
859 622 988 674 haec
1025 620 1140 674 est?
1211 624 1457 676 Profecto
1492 623 1537 674 si
1577 621 1691 674 talis
1727 629 1861 672 esset

149 719 371 769 varietas
409 718 691 768 affectuum
728 717 1012 779 celebrata,
1058 727 1117 767 ut
1161 727 1281 783 post
1327 736 1496 785 pauca
1540 718 1606 768 ab
1651 717 1755 767 alio
1791 713 1859 765 ad

152 811 293 863 aliud
328 823 640 880 properaret
675 830 882 880 semper
928 815 1060 864 haee
1097 813 1288 878 elegia,
1339 831 1601 882 nusquam
1644 828 1858 863 morans

153 906 347 957 (liutius
386 917 436 957 et
468 907 715 959 inhibens
754 924 989 971 cursum,
1025 923 1236 972 vagam,
1272 909 1572 973 confusam,
1610 907 1860 959 intolera-

150 1001 310 1052 bilem
346 1000 636 1054 diceremus
682 1020 863 1054 omnes
898 1002 1205 1055 huiusmodi
1242 1003 1701 1071 compositionem:
1765 1020 1860 1070 op-

150 1115 362 1165 pressus
408 1098 744 1151 multitudine
790 1100 1089 1153 indistincta
1135 1118 1314 1152 rerum
1358 1100 1585 1152 nescires
1622 1096 1751 1167 quid
1786 1099 1862 1148 le-

150 1193 335 1258 gisseS,
382 1193 510 1262 quid
545 1196 782 1247 sentires.
863 1196 1148 1249 Enimvero
1190 1198 1293 1247 tale
1333 1194 1462 1264 quid
1497 1197 1670 1246 bonus
1706 1204 1864 1262 poeta

154 1288 473 1340 committere
521 1289 735 1359 nequit,
784 1289 879 1342 sed
917 1308 1036 1343 cum
1083 1290 1252 1342 omnis
1290 1291 1453 1356 elegia
1485 1289 1642 1343 latius
1679 1288 1863 1356 depin-

153 1401 274 1448 gere
313 1394 449 1434 amet
483 1401 570 1435 res
606 1394 658 1435 et
693 1401 876 1436 sensus
914 1402 1050 1452 quos
1084 1396 1286 1450 tractat,
1322 1385 1476 1435 etiam
1512 1386 1607 1435 ubi
1644 1384 1863 1435 celerior

152 1477 367 1529 affectus
408 1487 618 1543 regnat,
671 1476 986 1530 morandum
1033 1497 1176 1530 nunc
1214 1480 1300 1530 hic
1335 1497 1477 1530 nunc
1522 1479 1628 1530 illic
1665 1476 1862 1529 diutius

153 1583 255 1636 est,
291 1582 343 1623 et
375 1570 654 1639 ponendae
691 1573 1094 1646 explicationes,
1142 1572 1546 1640 descriptioneS,
1589 1583 1650 1623 ut
1681 1571 1864 1638 imagi-

151 1687 244 1720 nes
291 1685 474 1722 rerum
521 1686 798 1736 expressae
849 1670 1103 1721 exsistant
1148 1665 1473 1742 (Gemc‘ihlde).
1565 1670 1740 1738 Atque
1791 1668 1864 1719 ita

152 1765 275 1816 fecit
309 1764 570 1830 Tibullus,
606 1768 739 1815 cuius
773 1769 993 1815 carmina
1024 1767 1166 1834 plena
1203 1765 1581 1834 descriptionibus
1613 1765 1785 1815 talibus
1819 1773 1864 1815 et

152 1864 294 1928 quasi
329 1864 524 1929 picturis
569 1872 782 1914 constant
828 1864 1086 1914 maioribus
1130 1865 1471 1931 minoribusque
1521 1863 1690 1912 multis.
1775 1859 1861 1913 Sic

149 1973 201 2007 v.
240 1973 284 2007 c.
333 1955 392 2006 in
430 1956 593 2022 elegia
638 1957 680 2022 I,
720 1962 771 2009 3.
810 1957 973 2008 habes
1013 1956 1246 2024 primum
1294 1955 1522 2024 depictas
1573 1956 1862 2006 anxietates

151 2051 402 2105 discessus
414 2091 430 2119 ‚
468 2072 587 2106 cum
620 2054 679 2105 in
713 2056 912 2106 bellum
946 2055 1049 2105 iret
1082 2065 1266 2122 poeta,
1312 2065 1424 2104 tum
1459 2053 1651 2106 Isidem
1688 2054 1864 2104 colen-

151 2161 255 2201 tem
303 2151 542 2216 Deliam,
606 2167 735 2203 mox
786 2151 912 2226 legis
964 2148 1368 2217 descriptionem
1421 2167 1613 2200 aureae
1668 2148 1862 2213 aetatiS,

66 2260 70 2263 ’
152 2255 262 2295 tum
295 2245 463 2313 Elysii
506 2256 560 2296 et
599 2246 834 2311 Tartari,
892 2247 1119 2314 denique
1156 2249 1387 2314 puellam
1424 2245 1568 2298 vides
1606 2244 1749 2296 domi
1796 2244 1863 2296 ad

150 2341 421 2390 lucernam
456 2357 576 2391 cum
625 2339 824 2391 ancillis
864 2338 1133 2391 sedentem
1174 2340 1348 2391 subito
1394 2341 1604 2391 obviam
1652 2355 1862 2390 currere

153 2436 369 2487 intranti
394 2437 631 2487 amatori.
700 2436 972 2502 Proprius,
1007 2436 1163 2502 plane
1199 2435 1450 2502 proprius
1485 2435 1571 2485 hic
1607 2452 1733 2486 usus
1769 2434 1862 2485 Ti·

151 2532 331 2582 bullo:
368 2532 569 2582 habent
594 2532 748 2582 etiam
775 2530 863 2581 alii
891 2549 1074 2583 omnes
1108 2531 1320 2596 elegiaci
1341 2541 1528 2598 poetae
1559 2530 1862 2598 descriptio-

154 2642 273 2690 nes,
323 2636 383 2678 ut
428 2644 527 2693 par
563 2636 668 2692 est,
717 2625 808 2680 sed
845 2627 981 2677 hanc
1018 2626 1321 2680 varietatem
1359 2626 1769 2695 descriptionum
1804 2628 1861 2678 in

154 2719 338 2773 eodem
382 2722 611 2774 carmine
660 2740 818 2774 nemo
867 2734 1080 2790 praeter
1118 2724 1407 2775 Tibullum.
1493 2725 1680 2776 Debeo
1719 2743 1860 2776 nunc

148 2819 397 2870 lectorem
430 2821 611 2887 paullo
647 2821 810 2886 magis
845 2819 1178 2872 introducere
1218 2820 1281 2871 -in
1329 2821 1423 2872 has
1462 2820 1664 2888 copias,
1717 2819 1860 2889 quod

149 2915 222 2968 ita
255 2915 442 2967 faciam
471 2926 531 2966 ut
559 2916 717 2968 simul
749 2917 887 2983 leges
920 2917 1203 2981 ostendam,
1241 2916 1529 2968 secundum
1559 2935 1688 2986 quas
1720 2935 1860 2968 com-

151 3011 432 3078 positiones
467 3015 656 3064 harum
693 3011 1099 3081 descriptionum
1135 3015 1320 3065 sactae.
1395 3011 1542 3076 Quae
1577 3031 1662 3064 res
1701 3023 1753 3063 et
1793 3010 1860 3062 ad

150 3107 630 3174 interpretationem
667 3109 1044 3160 accuratiorem
1079 3108 1378 3173 utilissima,
1432 3126 1528 3159 nec
1571 3109 1695 3159 artis
1731 3125 1859 3175 poe-

153 3205 281 3254 ticae
318 3203 562 3259 studiosis
600 3205 999 3257 contemnenda.
1085 3205 1305 3261 Videbis
1345 3223 1469 3261 vero
1510 3208 1677 3273 ubique
1712 3216 1857 3257 totum

149 3302 347 3363 positum
382 3298 438 3350 in
474 3300 762 3355 maioribus
798 3312 850 3354 ct
887 3301 1132 3356 minimis.
