2086 3756
873 163 1183 218 TIBULLI.
1710 188 1867 221 cxmn

162 312 299 364 Nam
334 320 394 364 ut
433 329 574 364 nunc
611 312 774 365 verbo
809 307 978 362 dicam
1014 309 1158 381 quod
1198 327 1281 362 res
1318 321 1411 378 est,
1449 312 1680 379 primum
1717 332 1869 382 aper-

164 417 272 457 tum
308 405 584 458 discrimen
619 406 758 457 inter
799 406 1148 457 elocutionem
1170 406 1369 457 Tibulli
1403 417 1455 458 et
1477 405 1735 475 Lygdami
1767 411 1869 461 hoc

163 512 319 568 puta,
355 499 499 569 quod
540 498 788 567 proprius
824 498 974 562 vigor
1008 499 1337 551 Tibullianae
1379 499 1621 553 dictionis
1660 506 1803 555 abest
1840 524 1871 556 a

162 594 420 662 Lygdami
444 592 634 645 verbis.
701 590 966 657 Loquitur
986 595 1198 659 quaevis
1225 594 1439 660 pagina3
1476 605 1651 647 tamen
1678 614 1871 664 operae

159 689 389 754 pretium
426 683 678 751 exemplis
714 685 915 751 aliquot
949 702 1064 734 rem
1098 686 1361 737 illustrare
1400 688 1658 742 disertius.
1737 690 1871 742 Cum

160 780 346 829 flebilis
382 780 450 828 sit
485 778 760 847 utriusque
794 787 982 843 poetae
1017 777 1202 842 Musa,
1257 779 1373 830 vide
1409 783 1539 831 mihi
1575 803 1625 836 v.
1649 803 1693 834 c.
1728 787 1871 835 hunc

158 874 486 940 praeclarum
520 873 697 938 locum
730 870 932 938 Tibulli
965 870 1043 934 ΙΙ,
1071 871 1133 934 4,
1165 878 1195 921 7
1225 888 1369 939 sqq-3
1417 874 1613 924 frustra
1649 895 1872 944 quaeras

161 967 303 1036 apud
320 965 654 1037 *Lygdamum
683 967 771 1020 vel
800 983 868 1017 ex
901 976 1048 1033 parte
1085 966 1271 1017 similia
1293 968 1375 1018 his
1405 970 1642 1022 nervosis
1672 974 1871 1024 verbis:

298 1059 347 1119 Ο
387 1079 482 1127 ego
519 1078 587 1111 ne
626 1061 825 1128 possim
861 1061 992 1112 tales
1028 1060 1221 1112 sentire
1264 1039 1529 1127 doloreS‚>

374 1152 548 1216 Quam
580 1155 792 1204 mallem
824 1153 883 1207 in
918 1151 1102 1219 gelidis
1135 1154 1406 1206 montibus
1445 1172 1555 1207 esse
1591 1156 1752 1225 lapis,

256 1296 258 1299 .
296 1248 448 1300 Stare
482 1249 570 1301 vel
603 1248 802 1320 insanis
838 1257 1013 1300 cautes
1044 1249 1278 1299 obnoxia
1311 1250 1499 1314 ventiS,

372 1342 645 1408 Nausraga
680 1357 838 1410 quam
871 1341 1008 1394 vasti
1044 1339 1294 1392 tunderet
1325 1341 1472 1393 unda
1507 1341 1693 1394 maris!

300 1436 458 1488 Nunc
498 1446 550 1486 et
585 1453 762 1490 amara
800 1432 909 1484 dies
948 1445 1001 1485 et
1034 1436 1202 1486 noctis
1240 1438 1470 1487 amarior
1505 1438 1695 1488 umbra
1733 1448 1837 1490 est:

374 1528 567 1582 Omnia
602 1546 726 1579 nam
759 1527 898 1580 tristi
933 1538 1175 1596 tempora
1210 1530 1333 1580 felle
1370 1528 1600 1582 madent.

159 1622 264 1676 Sed
299 1624 719 1691 comparabimus
755 1622 957 1690 aliquot
1002 1623 1148 1674 locos
1185 1624 1463 1692 utriusque
1515 1635 1703 1691 poetae
1737 1626 1875 1677 inter

157 1735 231 1790 se,
272 1729 331 1769 ut
367 1718 556 1769 clarius
591 1715 768 1768 videas
797 1714 1095 1787 discrimen.
1165 1717 1410 1769 Tibullus
1448 1717 1573 1769 dicit
1606 1720 1671 1785 ΙΙ,
1701 1726 1748 1785 6,
1773 1724 1872 1772 15:

297 1815 435 1864 Acer
468 1813 665 1878 Amor,
716 1812 907 1862 fractas
943 1812 1146 1862 utinam
1181 1820 1274 1861 tua
1312 1813 1416 1862 tela
1452 1814 1684 1878 sagittaS,

370 1906 428 1958 Si
465 1907 616 1966 licet,
668 1906 947 1970 exstinctas
986 1904 1372 1975 adspiciamque
1410 1904 1574 1958 faces!

300 2002 385 2053 Tu
419 2001 670 2052 miserum
696 2010 940 2068 torques,
987 2009 1048 2058 tu
1082 2017 1167 2050 me
1203 2000 1335 2050 mihi
1373 1999 1488 2050 dira
1523 2001 1729 2069 precari

370 2095 614 2162 Cogiset
651 2093 840 2144 insana
873 2104 1046 2145 mente
1083 2092 1313 2144 nefanda
1346 2095 1514 2162 loqui.

297 2191 409 2242 Iam
447 2190 587 2240 mala
620 2188 852 2240 finissem
885 2189 1017 2251 leto,
1065 2186 1160 2239 sed
1196 2187 1408 2238 credula
1442 2188 1605 2241 vitam

370 2282 500 2350 Spes
538 2283 684 2334 fovet
719 2292 768 2332 et
798 2283 915 2332 fore
953 2297 1066 2332 cras
1100 2297 1311 2349 semper
1345 2282 1418 2332 ait
1452 2281 1658 2332 melius-

158 2374 455 2446 Lygdamus
495 2377 594 2441 ΙΙΙ,
627 2381 690 2439 2,
724 2375 871 2426 inin:

300 2468 407 2534 Qui
441 2449 645 2537 primus
682 2486 856 2520 caram
891 2467 1075 2522 iuveni
1113 2484 1396 2536 carumque
1436 2465 1641 2534 puellae

374 2565 582 2632 Eripuit
615 2566 892 2628 iuvenem,
937 2564 1140 2615 ferreus
1176 2563 1266 2612 ifle
1302 2562 1422 2613 fuit.

296 2661 481 2711 Durus
523 2669 576 2709 et
610 2658 699 2709 ille
739 2659 867 2722 fuit,
907 2657 1000 2726 qui
1034 2667 1242 2709 tantum
1279 2657 1418 2707 ferre
1461 2654 1724 2722 dolorem,

366 2754 566 2806 Vivere
602 2763 655 2804 et
677 2764 871 2821 >erepta
912 2754 1139 2819 coniuge⁴
1162 2751 1266 2820 'qui
1300 2752 1490 2818 potuit.

297 2849 422 2903 Non
461 2865 556 2914 ego
595 2848 778 2899 firmus
813 2849 871 2898 in
907 2847 1037 2912 hoc,
1094 2863 1206 2900 non
1240 2847 1382 2899 haec„
1405 2846 1658 2912 patientia
1693 2856 1875 2898 nostro

365 2942 609 3008 Ingenio:
661 2942 856 3007 frangit
887 2941 1046 2991 fortia
1083 2939 1243 2991 corda
1279 2938 1460 2991 dolor:

299 3036 410 3087 Nec
446 3036 576 3086 mihi
616 3053 742 3087 vera
776 3036 926 3103 loqui
960 3033 1136 3103 pudor
1173 3045 1250 3085 est
1283 3035 1526 3101 vitaeque
1567 3033 1722 3082 fateri

368 3132 474 3182 Tot
509 3125 648 3180 mala
683 3146 959 3197 perpessae
999 3127 1168 3181 taedia
1204 3138 1327 3179 nata
1366 3144 1532 3179 meae.

302 3226 441 3292 Ergo
481 3242 601 3276 cum
635 3234 847 3275 tenuem
881 3224 1035 3276 fuero
1070 3232 1299 3275 mutatus
1335 3221 1393 3272 in
1430 3220 1670 3273 umbram
1695 3244 1782 3266 —-.
