2158 3750
653 268 836 320 LIBR.
874 267 966 320 111.
1038 263 1240 318 ELEG.
1276 263 1372 317 IV.
1747 264 1847 318 349

149 411 329 455 donaeina
362 410 461 454 ulla
490 424 583 453 neco
609 417 746 468 ponet
776 408 970 468 vestigia
1002 407 1131 456 lecto,
1162 407 1318 452 inferet
1346 404 1515 464 pedem.
1575 404 1683 449 lbid.
1710 404 1747 458 Ι,
1779 408 1851 458 18,

148 500 230 540 11:
281 510 369 538 non
409 493 558 537 altera
600 501 753 536 nostro
798 491 971 535 Limine
1004 491 1233 552 formosos
1271 487 1434 533 intulit
1478 486 1576 530 ulla
1612 485 1760 544 pedes.
1791 507 1853 518 --

148 580 201 623 V.
233 582 307 622 25.
340 581 413 621 26.
477 576 738 622 Accedimus
766 574 823 618 ad
856 578 1107 631 corruptum
1151 574 1320 627 locum,
1362 571 1437 627 qui
1467 568 1597 613 certis
1627 555 1852 612 coniect’u-

146 664 207 706 ris
235 662 377 706 sanari
408 661 480 706 vix
513 661 687 719 poterit.
762 659 829 703 Ae
856 658 1128 702 Huscmuus
1161 657 1336 714 quidem
1367 669 1465 700 cum
1495 654 1688 699 Hermo
1717 653 1850 698 etiam

146 749 339 804 spurium
369 760 469 791 eum
504 746 697 799 censuit,
745 742 866 800 quod
894 756 979 788 non
1010 742 1263 786 concedam.
1323 739 1570 796 Descriptio
1601 737 1846 789 huiusmodi

146 830 328 885 longior,
358 834 452 872 tota
480 826 743 885 specialibus
774 825 906 870 rebus
934 830 1158 879 contexta,
1197 824 1235 867 si
1267 822 1400 866 habet
1429 822 1675 878 generalius
1707 820 1850 878 quod-

146 911 243 954 dam
273 910 461 962 dictum,
510 907 682 963 singula
710 904 830 964 quod
858 906 1205 962 complectatur,
1254 903 1418 948 laudari
1459 903 1542 948 hoc
1582 904 1728 949 debet.
1786 904 1853 948 Ac

106 980 109 982 Δ
145 999 374 1040 senserunt
404 993 604 1051 plerique
633 1003 785 1042 omnes
815 991 974 1048 opinor
1003 995 1155 1048 aptum
1184 1003 1284 1034 esse
1313 988 1543 1033 distichon.
1610 989 1703 1034 Sed
1741 1003 1852 1046 quo-

145 1080 274 1124 modo
314 1077 675 1123 emendabimus?
745 1076 1073 1122 LAcmunnus
1114 1079 1245 1119 acute
1289 1075 1490 1119 coniicit:
1547 1072 1727 1117 heroum
1770 1089 1849 1120 nec

144 1163 256 1206 tulit
286 1162 386 1205 ulla
415 1162 603 1210 domus,
645 1159 826 1216 reliquis
866 1158 1056 1203 intactis.
1129 1157 1231 1213 Ego
1272 1162 1416 1201 tamen
1460 1168 1614 1201 vereor
1651 1169 1707 1201 ne
1749 1162 1850 1214 post

144 1245 384 1290 hexametri
413 1244 575 1289 verba:
607 1257 693 1288 nou
724 1243 888 1287 vidisse
916 1248 993 1287 aut
1021 1241 1172 1286 tulisse
1202 1241 1432 1285 formosius
1458 1241 1689 1297 quidquam
1719 1242 1852 1286 ullam

146 1330 335 1386 priorem
365 1334 582 1382 aetatem,
628 1327 814 1370 debilior
854 1326 913 1370 sit
952 1326 1036 1369 iste
1065 1325 1281 1369 sententia
1312 1329 1359 1368 et
1388 1325 1554 1378 minus,
1599 1337 1727 1380 quam
1769 1336 1851 1367 ex·-

145 1418 333 1472 spectes‚
363 1411 722 1456 antecedentibus
750 1411 897 1454 addat.
960 1409 1131 1456 Quodsi
1163 1407 1366 1452 hariolari
1394 1408 1509 1461 licet,
1539 1407 1684 1463 potius
1715 1406 1855 1450 Hm(-

145 1512 216 1544 mr
245 1500 517 1544 coniecturae
546 1497 788 1555 praeferam
817 1497 862 1540 in
892 1494 1172 1540 hexametro:
1204 1494 1310 1536 Non
1338 1491 1455 1535 vidit
1486 1490 1732 1550 quidquam
1751 1497 1855 1546 etc„

143 1583 187 1624 in
219 1585 492 1638 pentametro
522 1593 654 1623 veroa
696 1578 944 1621 humanum
974 1591 1052 1619 nec
1084 1573 1192 1634 suit
1234 1573 1354 1616 illud
1394 1589 1538 1630 opus-‚-
1584 1574 1648 1617 sic
1689 1574 1853 1617 ultimis
1885 1592 1888 1596 ·

143 1664 288 1707 verbis
331 1663 463 1707 deum
501 1662 639 1707 fnisse
677 1662 920 1717 significat,
967 1659 1086 1717 quod
1127 1658 1318 1702 nondum
1359 1658 1488 1702 dixit.
1549 1658 1615 1702 Ac
1655 1659 1853 1714 potuisse

142 1758 284 1802 opus
311 1746 375 1788 ita
403 1745 490 1789 dici
516 1758 605 1789 non
631 1743 880 1798 dubitatum
909 1743 1060 1787 docuit
1082 1743 1306 1795 Vunmus,
1335 1744 1381 1784 et
1409 1741 1504 1797 ipse
1524 1739 1633 1798 fuit
1662 1740 1851 1797 probans

142 1842 242 1872 cum
273 1831 464 1874 Smne.
525 1830 603 1874 Sic
633 1829 813 1873 Insa-m.
838 1829 943 1883 XII,
967 1831 1050 1872 162
1082 1828 1186 1885 Qua
1215 1832 1344 1869 nocte
1372 1839 1474 1868 eum
1505 1823 1848 1882 (Alexandrum)

141 1920 286 1956 mater
314 1912 546 1971 Olympias
575 1912 799 1970 concepit,
843 1910 950 1956 visa
985 1927 1070 1969 per
1100 1909 1292 1970 quietem
1322 1916 1393 1952 est
1423 1924 1522 1951 cum
1551 1909 1726 1968 ingenti
1757 1926 1855 1953 ser-

136 2004 272 2054 pente
301 1995 527 2052 volutari,
558 2011 638 2038 nec
669 1995 855 2053 decepta
886 1995 1054 2038 somnio
1083 2002 1153 2036 est
1166 2009 1183 2043 ,·
1215 2007 1321 2035 nam
1344 1991 1555 2050 profecto
1585 1991 1734 2034 maius
1764 1991 1857 2034 Im·-

141 2093 278 2121 mana
306 2077 592 2120 mortalitate
618 2092 730 2134 opus
761 2084 891 2120 utero
921 2076 1050 2120 tulit.
1110 2077 1187 2120 Sic
1209 2075 1326 2117 θεῶν
1349 2074 1578 2124 damaim
1609 2074 1665 2118 de
1695 2075 1855 2120 femina

140 2160 318 2219 pulchra
347 2161 651 2204 Tnssocluwus
678 2160 714 2214 1,
739 2162 814 2203 32.
845 2158 990 2202 habet.
1023 2180 1084 2190 —
1127 2157 1183 2202 V.
1214 2160 1275 2200 27
1304 2170 1370 2212 sq.
1402 2157 1576 2212 longa
1606 2158 1856 2202 cervice.

142 2246 210 2289 Ad
242 2244 603 2302 pulchritudinem
642 2242 750 2288 haec
790 2244 1009 2301 pertinet,
1056 2247 1209 2286 contra
1241 2255 1415 2296 crassa,
1463 2242 1636 2296 breviis,
1679 2243 1852 2299 obstipa

142 2328 377 2371 dedecorat
422 2327 627 2380 formam,
674 2326 737 2369 ait
777 2326 1003 2370 Vumuus.
1035 2347 1096 2356 —
1147 2329 1376 2378 myrtea
1418 2336 1587 2367 coma.
1659 2324 1853 2366 Vossms

142 2413 320 2465 flavam,
371 2423 548 2453 auream
596 2414 723 2466 putat
766 2409 951 2463 intelligi
997 2419 1144 2464 posse.
1219 2406 1311 2450 Sed
1355 2406 1561 2449 observat
1611 2406 1859 2450 Wummn-

143 2508 326 2537 memus
352 2493 520 2536 Isidoro
550 2493 654 2548 XII,
687 2496 730 2538 1.
760 2498 976 2549 myrteum
1008 2492 1202 2534 colorem
1233 2490 1332 2544 dici,
1364 2491 1437 2546 qui
1469 2503 1644 2546 pressus
1673 2491 1716 2533 in
1748 2504 1856 2547 pur·-

143 2590 277 2632 pura,
307 2575 349 2620 h.
383 2590 422 2620 e.
452 2577 672 2632 subniger.
733 2577 859 2621 Adde
891 2577 1046 2619 [υκαι
1077 2577 1249 2620 Pastor.
1275 2575 1310 2628 I,
1342 2590 1386 2631 p.
1418 2577 1493 2618 22.
1526 2575 1595 2617 ed.
1623 2576 1856 2620 Senam-u:

143 2661 217 2700 καὶ
256 2654 285 2715 ἤ
322 2660 398 2709 μὲν
439 2661 603 2701 εἴκασεν
646 2653 785 2700 αὐτοῦ
815 2654 896 2714 τήν
939 2653 1099 2713 κόμην,
1145 2650 1214 2698 ὅτι
1252 2657 1447 2707 μέλαινα,
1489 2652 1684 2714 μύρτοις.
1746 2657 1859 2702 Cum

142 2747 287 2784 tamen
319 2744 451 2798 vulgo
480 2743 592 2788 flava
624 2746 669 2786 et
709 2754 843 2785 aurea
877 2740 995 2796 apud
1032 2745 1184 2797 poetas
1225 2741 1281 2783 sit
1312 2753 1438 2783 coma
1467 2741 1708 2796 Apollinis,
1750 2753 1859 2784 con-

142 2828 348 2871 iectatum
395 2833 464 2871 est
509 2826 720 2884 myrrhea
745 2840 790 2876 ,a
830 2826 1103 2879 Cumulo,
1146 2825 1380 2879 Minimo,
1426 2824 1648 2878 Hermo,
1695 2825 1857 2868 collato

143 2911 361 2954 Honnuo
392 2910 470 2964 111,
495 2913 567 2964 14,
594 2913 670 2952 22.
731 2910 823 2954 Sed
853 2910 1048 2954 defendit
1077 2910 1212 2953 libros
1242 2909 1513 2952 Huscffluus
1544 2908 1674 2951 allata
1704 2907 1858 2962 dispu-

144 2994 308 3036 tatione
331 2991 563 3049 Sophoclis
586 3006 686 3037 eum
708 2996 1008 3050 grammatlsta
1029 2994 1206 3038 Eretrio
1231 3008 1301 3051 ap.
1325 2994 1511 3036 Arnim.
1534 2991 1655 3045 XIII,
1682 3007 1723 3048 p.
1742 2994 1858 3036 604:

146 3071 239 3116 οὐδ’
281 3071 303 3117 ὅ
343 3071 553 3133 ποιητής,
595 3075 676 3134 ἔφη
714 3072 913 3134 (α’ρέσκει
950 3077 1043 3131 σοι)
1090 3077 1223 3130 λέγων
1259 3071 1537 3132 χρυσοκόμαν
1580 3069 1858 3126 Ἀπόλλωνας

143 3161 332 3217 χρυσέας
370 3156 455 3218 γάρ
497 3162 533 3202 εἰ
572 3161 766 3216 ἐποίησεν
810 3156 834 3202 ὅ
875 3156 1098 3219 ζωγράφος
1137 3156 1219 3209 'cde
1261 3161 1342 3202 τοῦ
1384 3159 1496 3200 θεοῦ
1528 3153 1664 3207 κόμας
1695 3158 1769 3198 καὶ
1799 3154 1860 3213 m)

148 3245 376 3294 μελαίνας,
414 3253 561 3302 χεῖρον
596 3239 649 3286 ἂν
692 3232 745 3302 ἧν
785 3240 838 3287 to
880 3241 1160 3304 ζωγράφημα.
1234 3243 1363 3288 Unde
1394 3244 1532 3298 liquet
1564 3256 1591 3284 a
1622 3240 1860 3297 pictoribus

149 3326 434 3381 nigricantem
479 3327 670 3383 Apollini
715 3326 860 3372 datam
897 3340 1081 3372 comam.
1165 3328 1291 3374 Quae
1334 3338 1406 3369 res
1448 3325 1512 3367 sic
1555 3324 1720 3380 placuit
1762 3319 1859 3364 huic

151 3415 333 3468 poetae,
363 3415 411 3454 ut
442 3423 539 3456 eam
571 3411 702 3458 eliam
734 3411 775 3456 in
807 3412 959 3469 poesin
989 3412 1167 3457 inferret
1194 3415 1342 3456 contra
1374 3409 1598 3466 vulgarem
1629 3419 1767 3451 usum.
1798 3425 1858 3439 -
