2086 3756
256 237 453 269 Lxxxlv
939 215 1033 263 DE
1073 212 1269 267 POESI

256 361 661 428 descriptionum
703 356 873 418 varia,
931 374 1099 422 pauca
1142 373 1266 406 vero
1310 355 1563 422 mythica,
1615 355 1729 407 dico
1774 356 1952 406 vatici·

255 457 402 506 nium
441 455 697 522 Sibyllae,
752 449 932 501 laudes
981 445 1231 513 Osiridis,
1288 466 1453 516 porro
1493 448 1681 516 Elysii,
1729 449 1952 512 Tartari,

228 571 442 607 ,aureae
487 551 664 601 aetatis
702 559 776 611 et,
829 563 988 615 quam
1029 546 1201 597 statim
1237 546 1706 610 considerabimus,
1755 545 1954 597 servitii

252 647 517 714 Apollinei
561 643 700 711 apud
746 641 1029 693 Admetum
1082 641 1509 709 descriptionem3
1563 659 1658 693 nec
1705 640 1953 690 historica

252 742 452 804 videas,
511 741 613 791 nisi
661 740 754 790 ubi
797 739 1052 790 Messalae
1103 739 1322 790 victoria
1365 737 1676 805 Aquitanica
1722 736 1952 786 breviter

250 838 559 887 celebratur.
629 835 819 886 Nullae
857 839 983 888 v'ero
1026 836 1354 886 narrationes
1396 831 1586 882 adsunt
1619 831 1832 896 proprie
1871 827 1950 878 di-

250 931 468 996 cendae,
513 950 643 1000 quas
679 949 787 982 non
825 932 946 983 fe'cit
982 931 1251 997 Tibullus3
1299 928 1540 980 describit
1576 943 1710 993 quae
1747 924 1950 988 cogitat,

248 1028 428 1091 sentit,
477 1027 813 1091 imaginatur,
861 1027 1010 1091 facit,
1061 1042 1171 1076 non
1220 1034 1399 1075 narrat
1445 1039 1698 1090 usquam,
1750 1030 1810 1070 ut
1855 1019 1949 1069 ali-

247 1122 452 1187 quoties
483 1119 786 1185 Propertius
825 1120 961 1182 fecit,
995 1138 1048 1171 v.
1066 1139 1110 1169 c.
1136 1119 1182 1180 I,
1204 1125 1252 1168 3.
1320 1118 1427 1168 Vel
1459 1118 1581 1167 hinc
1610 1122 1768 1182 patet,
1805 1112 1950 1182 quod

245 1217 550 1284 ceteroquin
608 1216 762 1264 etiam
822 1232 933 1266 non
989 1214 1218 1264 monitus
1287 1213 1436 1262 facile
1499 1211 1767 1274 coniiciaS,
1836 1227 1948 1261 non

246 1314 552 1364 exhaustam
595 1329 624 1359 a
662 1311 874 1361 Tibullo
913 1307 1241 1360 describendi
1279 1317 1471 1372 artem3
1527 1316 1648 1358 sunt
1682 1305 1949 1372 praeclara

244 1408 458 1471 artificia
504 1424 637 1475 quae
684 1422 792 1456 non
838 1405 1033 1470 attigit,
1085 1404 1249 1456 veluti
1289 1402 1422 1453 illud
1455 1402 1522 1451 vin
1557 1399 1947 1451 narrationibus

241 1511 566 1566 usurpatum,
604 1499 698 1549 ubi
729 1499 1045 1565 exspectatio
1074 1507 1330 1560 movetur,
1362 1495 1705 1562 suspenditur
1727 1494 1946 1556 animus,

240 1595 519 1645 interiectis
560 1594 698 1658 aliis,
738 1592 904 1644 donec
941 1592 1058 1643 finis
1092 1590 1293 1642 evadat.
1365 1590 1627 1641 Nimirum
1661 1591 1798 1639 intra
1836 1605 1946 1638 cer-

238 1699 319 1739 tos
347 1690 475 1739 fines
504 1707 558 1739 se
590 1689 819 1739 continet
847 1688 1107 1738 Tibullus.
1179 1690 1392 1737 Placent
1424 1702 1604 1736 omnes
1641 1684 1947 1750 descriptio-

239 1803 330 1835 nes
367 1785 542 1836 nativa
581 1782 807 1851 quadam
844 1783 1164 1850 simplicitate
1202 1782 1550 1845 inventionis,
1590 1781 1647 1831 in
1689 1779 1947 1846 composi-

235 1882 377 1931 tione
425 1897 553 1934 vero
610 1881 742 1931 nihil
802 1897 914 1930 non
966 1878 1034 1930 ad
1081 1881 1411 1930 distincizbnem
1464 1889 1688 1930 exactam
1734 1882 1946 1946 partium

235 1976 541 2039 revocatur,
579 1994 713 2044 quae
750 1993 848 2042 per
880 1992 1060 2026 onmes
1090 1977 1285 2026 formas
1319 1987 1502 2040 regnat
1537 1994 1568 2025 a
1601 1977 1754 2027 nobis
1783 1974 1944 2028 modo

236 2072 567 2146 explanatas,
624 2081 672 2120 et
720 2088 877 2119 verum
910 2069 1280 2136 fimdamentum
1319 2081 1387 2120 est
1435 2071 1723 2120 Tibullt'anae
1766 2074 1814 2120 ιἰι
1854 2073 1943 2121 lw'c

230 2183 397 2227 genere
434 2171 566 2216 artis.
637 2167 811 2233 Atque
848 2168 904 2215 in
942 2167 1181 2234 sequenti
1218 2169 1385 2234 capite
1425 2165 1791 2218 demonstrabo
1829 2184 1941 2217 esse

231 2260 370 2311 idem
412 2264 628 2312 omnino
675 2264 982 2313 elocutionis
1024 2264 1354 2314 Tibullianae
1394 2264 1619 2313 maxime
1665 2265 1941 2330 proprium

231 2355 659 2420 fundamentum,
704 2367 752 2405 et
780 2355 954 2406 redire
986 2357 1220 2408 similiter
1249 2358 1318 2407 in‘
1336 2357 1662 2422 singulorum
1693 2355 1939 2408 disticho-

230 2469 348 2501 rum
387 2453 587 2502 formis.
658 2452 782 2502 Fuit
821 2453 891 2502 in
915 2453 1016 2503 hoc
1051 2465 1206 2519 poeta
1245 2453 1459 2519 insignis
1500 2451 1762 2517 diligentia
1801 2452 1940 2517 cogi-

230 2543 376 2594 tandi
397 2544 478 2594 ,acl
516 2544 756 2594 distincta
791 2545 1033 2595 membra*
1063 2548 1239 2597 omnia
1274 2563 1554 2609 revocans,
1600 2545 1740 2596 unde
1781 2546 1936 2597 etiam

228 2640 592 2690 concinnitatis
629 2651 803 2690 ortum
841 2640 1072 2692 studium
1106 2652 1210 2692 tam
1249 2644 1604 2709 conspicuum.

334 2734 434 2783 His
469 2735 718 2800 expositis
754 2735 887 2784 nihil
921 2736 1006 2787 hic
1043 2753 1313 2802 superesse
1352 2735 1539 2802 video,
1582 2755 1740 2806 quam
1778 2748 1837 2787 ut
1870 2735 1939 2788 de

227 2830 427 2879 servitii
457 2830 723 2894 Apollinei
758 2828 1106 2895 descriptione
1142 2831 1208 2891 ΙΙ,
1239 2835 1285 2892 3,
1317 2834 1526 2882 11-28.
1564 2831 1758 2897 dicam3
1808 2835 1938 2883 nam'

228 2942 346 2974 cum
405 2927 535 2974 aliae
596 2939 778 2976 omnes
838 2925 1211 2991 descriptiones
1270 2928 1402 2976 bene
1464 2930 1758 2979 elaboratae
1813 2929 1933 2993 siut,

227 3019 353 3068 haec
383 3019 619 3068 ultimam
651 3037 865 3069 manum
894 3021 1023 3069 mihi
1050 3036 1160 3069 non
1186 3019 1393 3070 videtur
1420 3033 1655 3088 experta.
1708 3022 1934 3090 ‘Nempe

224 3115 392 3166 voluit
424 3126 582 3181 poeta
614 3114 916 3178 ostendere,
957 3125 1016 3165 ut
1047 3113 1176 3165 deus
1207 3114 1272 3165 ad
1305 3115 1484 3168 infima
1515 3119 1720 3183 negotia
1753 3131 1930 3186 pasto-

214 3209 342 3267 ritia
375 3207 702 3259 descenderit
735 3209 902 3259 missis
931 3207 1118 3260 divinis
1149 3206 1468 3274 muneribus,
1503 3214 1562 3260 ut
1593 3229 1703 3264 non
1730 3213 1928 3265 veritus

223 3307 288 3357 sit
323 3303 670 3357 horridiorem
702 3305 955 3355 'habitum
997 3306 1230 3372 corporis
1272 3315 1618 3375 ornatumque
1659 3323 1930 3360 comarum
