2158 3750
658 234 966 295 TlBULLI
1025 236 1165 296 LIB.
1199 235 1268 298 ΙΙ.
1300 246 1344 293 3.
1765 238 1850 299 47

210 388 526 448 Praedator
561 390 720 474 cupit
758 391 1048 451 inmensos
1087 389 1349 452 obsidere
1395 413 1658 475 camPOS,

295 499 375 555 Ut
415 496 598 558 multo
637 497 997 559 innumeram
1044 499 1238 580 ingere
1282 513 1478 583 pascat
1518 522 1708 572 ovem;

217 604 323 664 Cui
367 603 514 688 lapis
559 619 822 664 externus
869 628 1038 665 curae
1081 621 1192 679 est,
1257 607 1530 691 urbisque
1574 606 1846 668 tumultus

299 713 571 772 Portatur
610 710 813 772 validis
858 711 1011 771 mille
1053 712 1317 774 columna
1360 715 1541 797 iugi8‚

141 833 201 878 45
219 818 447 878 Claudit
481 833 535 878 et
576 817 920 878 indomitum
947 819 1125 880 moles
1163 845 1335 894 mare,
1376 821 1561 884 lentus
1597 839 1658 883 ut
1697 824 1847 884 intra

292 925 556 1007 Negligat
595 925 867 987 hibernas
911 926 1086 1010 piscis
1131 927 1330 988 adesse
1375 930 1574 990 minas,

208 1032 431 1093 Attibi
471 1031 616 1094 laeta
660 1033 891 1095 trahant
933 1034 1161 1095 Samiae
1200 1036 1456 1098 convivia
1501 1052 1675 1100 testae

288 1141 563 1224 Fictaque
590 1142 870 1211 „Cumana
914 1141 1138 1205 lubrica
1180 1157 1330 1205 terra
1373 1160 1513 1206 rota.

203 1251 331 1310 Heu
374 1249 486 1310 heu
535 1249 808 1312 divitibus
851 1250 1017 1312 video
1065 1251 1317 1334 gaudere
1361 1253 1612 1337 puellas:

136 1367 197 1411 50
293 1358 413 1417 Iam
461 1358 689 1419 veniant
732 1359 1012 1443 praedae,
1055 1360 1105 1420 si
1149 1364 1343 1422 Venus
1389 1377 1547 1445 optat
1589 1385 1758 1446 opes;

209 1467 287 1523 Ut
331 1487 457 1525 mea
501 1464 724 1526 luxuria
765 1467 1022 1528 Nemesis
1062 1466 1203 1527 fluat
1245 1483 1420 1550 utque
1463 1493 1567 1552 per
1611 1471 1809 1531 urbem

282 1572 518 1633 Incedat
552 1573 720 1634 donis
766 1574 1174 1658 conspicienda
1217 1575 1374 1635 meis.

207 1679 309 1741 Illa
355 1695 514 1762 gerat
552 1696 732 1742 vestes
774 1701 1002 1758 tenueS‚
1058 1707 1200 1768 quas
1243 1682 1455 1744 femina
1497 1685 1611 1744 Coa

289 1790 519 1864 Texuit,
577 1805 802 1852 auratas
849 1792 1245 1877 disposuitque
1286 1793 1437 1854 vias:

138 1913 196 1957 55
211 1897 299 1957 Illi
340 1898 456 1958 sint
497 1899 730 1959 comites
766 1899 944 1974 fusci,
997 1924 1140 1983 quos
1184 1901 1354 1962 India
1397 1916 1601 1972 torret,

288 2005 437 2066 Solis
474 2021 527 2066 et
570 2006 815 2068 admotis
859 2007 1042 2070 inficit
1075 2009 1227 2090 ignis
1274 2010 1465 2092 equis:

200 2114 288 2174 Illi
333 2114 567 2175 selectos
613 2128 826 2193 certent
863 2117 1138 2200 praebere
1179 2117 1398 2178 colores

293 2222 488 2284 Africa
530 2224 838 2305 puniceum
882 2249 1351 2310 purpureumque
1389 2227 1590 2311 Tyros.

207 2511 353 2569 Nota
381 2509 614 2592 loquor:
649 2533 889 2592 regnum
918 2511 1039 2593 ipse
1067 2527 1234 2585 tenet,
1273 2535 1439 2595 quem
1465 2536 1634 2597 saepe
1658 2516 1843 2595 coegit

137 2634 196 2679 60
294 2619 552 2679 Barbara
597 2634 869 2704 gypsatos
915 2619 1064 2679 serre
1107 2635 1317 2681 catasta
1354 2621 1545 2704 pedes.

251 2772 307 2817 V.
330 2774 402 2815 42.
450 2771 772 2817 meumws
814 2786 913 2818 cum
956 2775 1252 2819 ScAmc-ssno:
1317 2776 1381 2818 Ut
1420 2774 1567 2818 multa
1609 2773 1843 2820 innumera

130 2851 291 2912 iugera
327 2861 494 2910 pascat
535 2870 636 2910 ove,
685 2856 883 2900 codicum
925 2858 1185 2914 optimorum
1227 2858 1479 2902 auctoritati
1520 2858 1841 2916 obtemperans,

133 2933 233 2989 Ego
264 2949 361 2979 cum
393 2936 608 2992 prioribus
636 2937 898 2983 editionibus
921 2944 965 2983 et
990 2940 1316 2996 Bnouxmmo,
1348 2942 1568 2998 Hunno,
1601 2943 1842 2987 WUNDER-

133 3031 315 3072 memo,
356 3019 624 3073 Huscnxro,
667 3020 872 3075 Bmmo,
905 3023 1163 3066 Gonnmuco
1196 3023 1397 3080 praefero
1437 3025 1510 3068 Ut
1542 3027 1720 3069 multo
1761 3028 1841 3070 in-

130 3113 414 3145 numeram
445 3102 646 3157 ingere
678 3109 880 3158 pascat
909 3118 1077 3159 ovem,
1107 3111 1156 3149 ut
1177 3112 1243 3150 est
1264 3107 1617 3153 inEnonAcssnsx
1643 3110 1840 3166 aliisque.

254 3184 306 3227 V.
329 3186 402 3227 43.
447 3183 725 3238 urbisque
764 3186 930 3242 optimi.
1009 3188 1206 3232 Puccms
1252 3191 1412 3246 aliique
1454 3191 1669 3253 urbique,
1721 3193 1838 3250 quod

133 3267 368 3321 repositum
409 3280 434 3308 a
473 3266 771 3310 Bnouxnusro
813 3268 971 3323 tegitur
1011 3271 1157 3326 vulgo.

253 3349 304 3392 V.
323 3352 396 3392 59.
438 3349 566 3404 ipse
606 3348 716 3392 libri.
793 3349 1008 3396 Hermus
1046 3352 1133 3396 iste
1178 3359 1311 3401 recte.
