<?xml version="1.0" encoding="UTF-8"?>
<!DOCTYPE html PUBLIC "-//W3C//DTD XHTML 1.0 Transitional//EN"
    "http://www.w3.org/TR/xhtml1/DTD/xhtml1-transitional.dtd">
<html xmlns="http://www.w3.org/1999/xhtml" xml:lang="en" lang="en">
 <head>
  <title>
</title>
<meta http-equiv="Content-Type" content="text/html;charset=utf-8" />
  <meta name='ocr-system' content='tesseract 3.04.00' />
  <meta name='ocr-capabilities' content='ocr_page ocr_carea ocr_par ocr_line ocrx_word'/>
</head>
<body>
  <div class='ocr_page' id='page_1' title='image "./carminaexrecensi01tibuuoft_0289.png"; bbox 0 0 2158 3750; ppageno 0'>
   <div class='ocr_carea' id='block_1_1' title="bbox 620 231 1861 300">
    <p class='ocr_par' dir='ltr' id='par_1_1' title="bbox 620 231 1861 300">
     <span class='ocr_line' id='line_1_1' title="bbox 620 231 1861 300; baseline 0.002 -3"><span class='ocrx_word' id='word_1_1' title='bbox 620 231 934 299; x_wconf 78' lang='lat' dir='ltr'>TIBULLI</span> <span class='ocrx_word' id='word_1_2' title='bbox 990 233 1131 293; x_wconf 90' lang='lat' dir='ltr'><strong>LIB.</strong></span> <span class='ocrx_word' id='word_1_3' title='bbox 1165 235 1258 295; x_wconf 87' lang='lat' dir='ltr'>lV.</span> <span class='ocrx_word' id='word_1_4' title='bbox 1288 246 1331 293; x_wconf 87' lang='lat'>5.</span> <span class='ocrx_word' id='word_1_5' title='bbox 1365 245 1408 294; x_wconf 86' lang='lat'>6.</span> <span class='ocrx_word' id='word_1_6' title='bbox 1782 239 1861 300; x_wconf 86' lang='lat'>91</span> 
     </span>
    </p>
   </div>
   <div class='ocr_carea' id='block_1_2' title="bbox 166 382 1870 802">
    <p class='ocr_par' dir='ltr' id='par_1_2' title="bbox 166 382 1870 802">
     <span class='ocr_line' id='line_1_2' title="bbox 233 382 1870 475; baseline 0.007 -33"><span class='ocrx_word' id='word_1_7' title='bbox 233 382 410 466; x_wconf 73' lang='lat' dir='ltr'>Optat</span> <span class='ocrx_word' id='word_1_8' title='bbox 450 385 604 451; x_wconf 83' lang='lat' dir='ltr'><strong>idem</strong></span> <span class='ocrx_word' id='word_1_9' title='bbox 647 387 867 452; x_wconf 84' lang='lat' dir='ltr'>iuvenis</span> <span class='ocrx_word' id='word_1_10' title='bbox 906 390 1066 473; x_wconf 83' lang='lat' dir='ltr'>quod</span> <span class='ocrx_word' id='word_1_11' title='bbox 1103 414 1243 466; x_wconf 85' lang='lat' dir='ltr'><strong>nos,</strong></span> <span class='ocrx_word' id='word_1_12' title='bbox 1291 389 1394 452; x_wconf 88' lang='lat' dir='ltr'>sed</span> <span class='ocrx_word' id='word_1_13' title='bbox 1435 391 1636 451; x_wconf 82' lang='lat' dir='ltr'>tectius</span> <span class='ocrx_word' id='word_1_14' title='bbox 1681 405 1870 475; x_wconf 80' lang='lat' dir='ltr'>optat:</span> 
     </span>
     <span class='ocr_line' id='line_1_3' title="bbox 311 493 1748 583; baseline 0.006 -30"><span class='ocrx_word' id='word_1_15' title='bbox 311 493 456 560; x_wconf 80' lang='lat' dir='ltr'>Nam</span> <span class='ocrx_word' id='word_1_16' title='bbox 496 496 677 578; x_wconf 88' lang='lat' dir='ltr'>pudet</span> <span class='ocrx_word' id='word_1_17' title='bbox 717 496 857 558; x_wconf 87' lang='lat' dir='ltr'>haec</span> <span class='ocrx_word' id='word_1_18' title='bbox 897 497 1056 559; x_wconf 85' lang='lat' dir='ltr'>illum</span> <span class='ocrx_word' id='word_1_19' title='bbox 1101 499 1288 561; x_wconf 84' lang='lat' dir='ltr'><strong>dicere</strong></span> <span class='ocrx_word' id='word_1_20' title='bbox 1330 499 1502 560; x_wconf 87' lang='lat' dir='ltr'><strong>verba</strong></span> <span class='ocrx_word' id='word_1_21' title='bbox 1541 498 1748 583; x_wconf 82' lang='lat' dir='ltr'><strong>palam.</strong></span> 
     </span>
     <span class='ocr_line' id='line_1_4' title="bbox 234 601 1727 688; baseline 0.009 -30"><span class='ocrx_word' id='word_1_22' title='bbox 234 601 308 659; x_wconf 83' lang='lat' dir='ltr'>At</span> <span class='ocrx_word' id='word_1_23' title='bbox 350 617 443 676; x_wconf 79' lang='lat' dir='ltr'>tu,</span> <span class='ocrx_word' id='word_1_24' title='bbox 492 604 739 678; x_wconf 82' lang='lat' dir='ltr'>Natalis,</span> <span class='ocrx_word' id='word_1_25' title='bbox 790 607 1061 688; x_wconf 84' lang='lat' dir='ltr'>quoniam</span> <span class='ocrx_word' id='word_1_26' title='bbox 1104 608 1246 669; x_wconf 87' lang='lat' dir='ltr'>deus</span> <span class='ocrx_word' id='word_1_27' title='bbox 1292 611 1483 671; x_wconf 84' lang='lat' dir='ltr'>onmia</span> <span class='ocrx_word' id='word_1_28' title='bbox 1525 611 1727 684; x_wconf 82' lang='lat' dir='ltr'><strong>sentiS‚</strong></span> 
     </span>
     <span class='ocr_line' id='line_1_5' title="bbox 166 709 1821 802; baseline 0.01 -38"><span class='ocrx_word' id='word_1_29' title='bbox 166 722 226 764; x_wconf 84' lang='lat'>20</span> <span class='ocrx_word' id='word_1_30' title='bbox 321 709 559 772; x_wconf 90' lang='lat' dir='ltr'>Annue:</span> <span class='ocrx_word' id='word_1_31' title='bbox 624 713 767 796; x_wconf 83' lang='lat' dir='ltr'>quid</span> <span class='ocrx_word' id='word_1_32' title='bbox 803 714 1008 788; x_wconf 84' lang='lat' dir='ltr'><strong>refert,</strong></span> <span class='ocrx_word' id='word_1_33' title='bbox 1070 715 1282 778; x_wconf 85' lang='lat' dir='ltr'>clamve</span> <span class='ocrx_word' id='word_1_34' title='bbox 1318 719 1576 802; x_wconf 85' lang='lat' dir='ltr'><strong>palamve</strong></span> <span class='ocrx_word' id='word_1_35' title='bbox 1620 721 1821 802; x_wconf 81' lang='lat' dir='ltr'><strong>roget?</strong></span> 
     </span>
    </p>
   </div>
   <div class='ocr_carea' id='block_1_3' title="bbox 694 1087 1350 1144">
    <p class='ocr_par' dir='ltr' id='par_1_3' title="bbox 694 1087 1350 1144">
     <span class='ocr_line' id='line_1_6' title="bbox 694 1087 1350 1144; baseline 0.005 -5"><span class='ocrx_word' id='word_1_36' title='bbox 694 1087 1170 1143; x_wconf 82' lang='lat' dir='ltr'><strong>CARMEN</strong></span> <span class='ocrx_word' id='word_1_37' title='bbox 1253 1093 1350 1144; x_wconf 89' lang='lat' dir='ltr'>VI.</span> 
     </span>
    </p>
   </div>
   <div class='ocr_carea' id='block_1_4' title="bbox 172 1223 1882 2768">
    <p class='ocr_par' dir='ltr' id='par_1_4' title="bbox 229 1223 1836 1580">
     <span class='ocr_line' id='line_1_7' title="bbox 229 1223 1668 1364; baseline 0.003 -28"><span class='ocrx_word' id='word_1_38' title='bbox 229 1223 488 1336; x_wconf 84' lang='lat' dir='ltr'>Natalis</span> <span class='ocrx_word' id='word_1_39' title='bbox 529 1277 709 1352; x_wconf 89' lang='lat' dir='ltr'>Iuno,</span> <span class='ocrx_word' id='word_1_40' title='bbox 769 1295 995 1341; x_wconf 84' lang='lat' dir='ltr'>sanctos</span> <span class='ocrx_word' id='word_1_41' title='bbox 1042 1304 1180 1364; x_wconf 82' lang='lat' dir='ltr'>cape</span> <span class='ocrx_word' id='word_1_42' title='bbox 1220 1280 1363 1341; x_wconf 78' lang='lat' dir='ltr'>turis</span> <span class='ocrx_word' id='word_1_43' title='bbox 1388 1303 1668 1354; x_wconf 79' lang='lat' dir='ltr'><strong>-acerVOS‚</strong></span> 
     </span>
     <span class='ocr_line' id='line_1_8' title="bbox 323 1383 1687 1473; baseline 0.004 -30"><span class='ocrx_word' id='word_1_44' title='bbox 323 1383 487 1463; x_wconf 84' lang='lat' dir='ltr'>Quos</span> <span class='ocrx_word' id='word_1_45' title='bbox 530 1385 635 1446; x_wconf 82' lang='lat' dir='ltr'>tibi</span> <span class='ocrx_word' id='word_1_46' title='bbox 681 1386 779 1449; x_wconf 86' lang='lat' dir='ltr'>dat</span> <span class='ocrx_word' id='word_1_47' title='bbox 818 1402 1013 1449; x_wconf 79' lang='lat' dir='ltr'><strong>tenera</strong></span> <span class='ocrx_word' id='word_1_48' title='bbox 1057 1389 1226 1457; x_wconf 81' lang='lat' dir='ltr'>docta</span> <span class='ocrx_word' id='word_1_49' title='bbox 1264 1389 1454 1473; x_wconf 86' lang='lat' dir='ltr'>puella</span> <span class='ocrx_word' id='word_1_50' title='bbox 1497 1414 1687 1450; x_wconf 83' lang='lat' dir='ltr'>manu.</span> 
     </span>
     <span class='ocr_line' id='line_1_9' title="bbox 238 1493 1836 1580; baseline 0.004 -29"><span class='ocrx_word' id='word_1_51' title='bbox 238 1493 383 1553; x_wconf 82' lang='lat' dir='ltr'>Tota</span> <span class='ocrx_word' id='word_1_52' title='bbox 428 1493 534 1558; x_wconf 83' lang='lat' dir='ltr'>tibi</span> <span class='ocrx_word' id='word_1_53' title='bbox 579 1508 663 1555; x_wconf 87' lang='lat' dir='ltr'>est</span> <span class='ocrx_word' id='word_1_54' title='bbox 699 1494 904 1570; x_wconf 76' lang='lat' dir='ltr'><strong>hodie,</strong></span> <span class='ocrx_word' id='word_1_55' title='bbox 958 1497 1062 1562; x_wconf 85' lang='lat' dir='ltr'>tibi</span> <span class='ocrx_word' id='word_1_56' title='bbox 1107 1521 1168 1557; x_wconf 87' lang='lat' dir='ltr'>se</span> <span class='ocrx_word' id='word_1_57' title='bbox 1212 1496 1520 1558; x_wconf 76' lang='lat' dir='ltr'><strong>laetissima</strong></span> <span class='ocrx_word' id='word_1_58' title='bbox 1565 1497 1836 1580; x_wconf 84' lang='lat' dir='ltr'>compsit,</span> 
     </span>
    </p>

    <p class='ocr_par' dir='ltr' id='par_1_5' title="bbox 172 1601 1882 2768">
     <span class='ocr_line' id='line_1_10' title="bbox 319 1601 1625 1690; baseline 0.005 -30"><span class='ocrx_word' id='word_1_59' title='bbox 319 1601 507 1662; x_wconf 83' lang='lat' dir='ltr'><strong>Staret</strong></span> <span class='ocrx_word' id='word_1_60' title='bbox 548 1617 613 1663; x_wconf 86' lang='lat' dir='ltr'>ut</span> <span class='ocrx_word' id='word_1_61' title='bbox 656 1618 785 1664; x_wconf 86' lang='lat' dir='ltr'><strong>ante</strong></span> <span class='ocrx_word' id='word_1_62' title='bbox 824 1618 953 1666; x_wconf 88' lang='lat' dir='ltr'>tuos</span> <span class='ocrx_word' id='word_1_63' title='bbox 999 1605 1408 1690; x_wconf 87' lang='lat' dir='ltr'>conspicienda</span> <span class='ocrx_word' id='word_1_64' title='bbox 1450 1606 1625 1666; x_wconf 87' lang='lat' dir='ltr'>focos.</span> 
     </span>
     <span class='ocr_line' id='line_1_11' title="bbox 196 1708 1848 1795; baseline 0.004 -27"><span class='ocrx_word' id='word_1_65' title='bbox 196 1708 345 1770; x_wconf 83' lang='lat' dir='ltr'>5Illa</span> <span class='ocrx_word' id='word_1_66' title='bbox 390 1711 622 1794; x_wconf 84' lang='lat' dir='ltr'><strong>quidem</strong></span> <span class='ocrx_word' id='word_1_67' title='bbox 667 1713 915 1775; x_wconf 83' lang='lat' dir='ltr'><strong>ornandi</strong></span> <span class='ocrx_word' id='word_1_68' title='bbox 960 1737 1162 1775; x_wconf 85' lang='lat' dir='ltr'>causas</span> <span class='ocrx_word' id='word_1_69' title='bbox 1203 1714 1340 1788; x_wconf 79' lang='lat' dir='ltr'>tibi,</span> <span class='ocrx_word' id='word_1_70' title='bbox 1389 1714 1550 1788; x_wconf 76' lang='lat' dir='ltr'>diva,</span> <span class='ocrx_word' id='word_1_71' title='bbox 1606 1713 1848 1795; x_wconf 84' lang='lat' dir='ltr'><strong>relegat:</strong></span> 
     </span>
     <span class='ocr_line' id='line_1_12' title="bbox 315 1820 1612 1907; baseline 0.006 -27"><span class='ocrx_word' id='word_1_72' title='bbox 315 1820 420 1880; x_wconf 90' lang='lat' dir='ltr'>Est</span> <span class='ocrx_word' id='word_1_73' title='bbox 461 1835 682 1897; x_wconf 84' lang='lat' dir='ltr'><strong>tamen,</strong></span> <span class='ocrx_word' id='word_1_74' title='bbox 739 1822 956 1884; x_wconf 86' lang='lat' dir='ltr'>occulte</span> <span class='ocrx_word' id='word_1_75' title='bbox 1003 1824 1095 1884; x_wconf 85' lang='lat' dir='ltr'>cui</span> <span class='ocrx_word' id='word_1_76' title='bbox 1138 1823 1422 1907; x_wconf 84' lang='lat' dir='ltr'>placuisse</span> <span class='ocrx_word' id='word_1_77' title='bbox 1467 1823 1612 1888; x_wconf 76' lang='lat' dir='ltr'><strong>velit.</strong></span> 
     </span>
     <span class='ocr_line' id='line_1_13' title="bbox 234 1927 1882 2016; baseline 0.003 -30"><span class='ocrx_word' id='word_1_78' title='bbox 234 1927 313 1987; x_wconf 87' lang='lat' dir='ltr'>At</span> <span class='ocrx_word' id='word_1_79' title='bbox 354 1942 447 2002; x_wconf 76' lang='lat' dir='ltr'>tu,</span> <span class='ocrx_word' id='word_1_80' title='bbox 510 1945 734 2005; x_wconf 85' lang='lat' dir='ltr'>sancta,</span> <span class='ocrx_word' id='word_1_81' title='bbox 787 1930 943 2006; x_wconf 83' lang='lat' dir='ltr'><strong>fave,</strong></span> <span class='ocrx_word' id='word_1_82' title='bbox 999 1956 1113 1993; x_wconf 87' lang='lat' dir='ltr'>neu</span> <span class='ocrx_word' id='word_1_83' title='bbox 1158 1933 1285 2016; x_wconf 83' lang='lat' dir='ltr'>quis</span> <span class='ocrx_word' id='word_1_84' title='bbox 1331 1932 1558 1996; x_wconf 83' lang='lat' dir='ltr'><strong>divellat</strong></span> <span class='ocrx_word' id='word_1_85' title='bbox 1602 1946 1882 2006; x_wconf 56' lang='lat' dir='ltr'>amanum,</span> 
     </span>
     <span class='ocr_line' id='line_1_14' title="bbox 324 2037 1596 2126; baseline 0.004 -30"><span class='ocrx_word' id='word_1_86' title='bbox 324 2037 442 2097; x_wconf 86' lang='lat' dir='ltr'>Sed</span> <span class='ocrx_word' id='word_1_87' title='bbox 484 2037 675 2098; x_wconf 86' lang='lat' dir='ltr'><strong>iuveni</strong></span> <span class='ocrx_word' id='word_1_88' title='bbox 719 2062 932 2123; x_wconf 85' lang='lat' dir='ltr'>quaeso</span> <span class='ocrx_word' id='word_1_89' title='bbox 959 2056 1169 2102; x_wconf 76' lang='lat' dir='ltr'>&#39;mutua</span> <span class='ocrx_word' id='word_1_90' title='bbox 1212 2041 1399 2106; x_wconf 82' lang='lat' dir='ltr'>vincla</span> <span class='ocrx_word' id='word_1_91' title='bbox 1440 2066 1596 2126; x_wconf 81' lang='lat' dir='ltr'><strong>para.</strong></span> 
     </span>
     <span class='ocr_line' id='line_1_15' title="bbox 233 2145 1691 2234; baseline 0.003 -29"><span class='ocrx_word' id='word_1_92' title='bbox 233 2145 328 2205; x_wconf 86' lang='lat' dir='ltr'>Sic</span> <span class='ocrx_word' id='word_1_93' title='bbox 372 2145 519 2212; x_wconf 84' lang='lat' dir='ltr'><strong>bene</strong></span> <span class='ocrx_word' id='word_1_94' title='bbox 563 2171 904 2231; x_wconf 79' lang='lat' dir='ltr'>compones:</span> <span class='ocrx_word' id='word_1_95' title='bbox 972 2149 1121 2210; x_wconf 83' lang='lat' dir='ltr'>ullae</span> <span class='ocrx_word' id='word_1_96' title='bbox 1165 2175 1285 2212; x_wconf 88' lang='lat' dir='ltr'>non</span> <span class='ocrx_word' id='word_1_97' title='bbox 1330 2150 1423 2215; x_wconf 87' lang='lat' dir='ltr'><strong>ille</strong></span> <span class='ocrx_word' id='word_1_98' title='bbox 1469 2150 1691 2234; x_wconf 81' lang='lat' dir='ltr'><strong>puellae</strong></span> 
     </span>
     <span class='ocr_line' id='line_1_16' title="bbox 172 2255 1596 2340; baseline 0.004 -26"><span class='ocrx_word' id='word_1_99' title='bbox 172 2264 233 2309; x_wconf 90' lang='lat'>10</span> <span class='ocrx_word' id='word_1_100' title='bbox 329 2255 552 2323; x_wconf 78' lang='lat' dir='ltr'><strong>Servire</strong></span> <span class='ocrx_word' id='word_1_101' title='bbox 597 2271 695 2316; x_wconf 87' lang='lat' dir='ltr'>aut</span> <span class='ocrx_word' id='word_1_102' title='bbox 735 2257 1003 2340; x_wconf 86' lang='lat' dir='ltr'>cuiquam</span> <span class='ocrx_word' id='word_1_103' title='bbox 1046 2259 1278 2339; x_wconf 85' lang='lat' dir='ltr'>dignior</span> <span class='ocrx_word' id='word_1_104' title='bbox 1319 2259 1414 2319; x_wconf 83' lang='lat' dir='ltr'>illa</span> <span class='ocrx_word' id='word_1_105' title='bbox 1459 2260 1596 2319; x_wconf 83' lang='lat' dir='ltr'><strong>viro.</strong></span> 
     </span>
     <span class='ocr_line' id='line_1_17' title="bbox 247 2365 1826 2449; baseline 0.003 -27"><span class='ocrx_word' id='word_1_106' title='bbox 247 2365 365 2423; x_wconf 85' lang='lat' dir='ltr'>Nec</span> <span class='ocrx_word' id='word_1_107' title='bbox 406 2365 589 2446; x_wconf 88' lang='lat' dir='ltr'><strong>possit</strong></span> <span class='ocrx_word' id='word_1_108' title='bbox 631 2365 872 2448; x_wconf 85' lang='lat' dir='ltr'>cupidos</span> <span class='ocrx_word' id='word_1_109' title='bbox 915 2366 1156 2447; x_wconf 82' lang='lat' dir='ltr'>vigilans</span> <span class='ocrx_word' id='word_1_110' title='bbox 1203 2367 1558 2449; x_wconf 80' lang='lat' dir='ltr'><strong>deprendere</strong></span> <span class='ocrx_word' id='word_1_111' title='bbox 1604 2382 1826 2441; x_wconf 79' lang='lat' dir='ltr'>custOS‚</span> 
     </span>
     <span class='ocr_line' id='line_1_18' title="bbox 327 2471 1625 2556; baseline 0.003 -25"><span class='ocrx_word' id='word_1_112' title='bbox 327 2471 702 2556; x_wconf 81' lang='lat' dir='ltr'><strong>Fallendique</strong></span> <span class='ocrx_word' id='word_1_113' title='bbox 746 2475 864 2534; x_wconf 82' lang='lat' dir='ltr'>vias</span> <span class='ocrx_word' id='word_1_114' title='bbox 911 2475 1060 2535; x_wconf 87' lang='lat' dir='ltr'><strong>mille</strong></span> <span class='ocrx_word' id='word_1_115' title='bbox 1106 2475 1387 2535; x_wconf 81' lang='lat' dir='ltr'><strong>ministret</strong></span> <span class='ocrx_word' id='word_1_116' title='bbox 1430 2475 1625 2536; x_wconf 87' lang='lat' dir='ltr'><strong>Amor.</strong></span> 
     </span>
     <span class='ocr_line' id='line_1_19' title="bbox 242 2583 1634 2668; baseline 0.003 -28"><span class='ocrx_word' id='word_1_117' title='bbox 242 2585 449 2641; x_wconf 88' lang='lat' dir='ltr'><strong>Annue</strong></span> <span class='ocrx_word' id='word_1_118' title='bbox 492 2605 896 2666; x_wconf 84' lang='lat' dir='ltr'>purpureaque</span> <span class='ocrx_word' id='word_1_119' title='bbox 942 2583 1068 2643; x_wconf 81' lang='lat' dir='ltr'><strong>veni</strong></span> <span class='ocrx_word' id='word_1_120' title='bbox 1113 2584 1409 2667; x_wconf 85' lang='lat' dir='ltr'><strong>perlucida</strong></span> <span class='ocrx_word' id='word_1_121' title='bbox 1452 2583 1634 2668; x_wconf 81' lang='lat' dir='ltr'>palla:</span> 
     </span>
     <span class='ocr_line' id='line_1_20' title="bbox 327 2676 1660 2768; baseline 0.003 -20"><span class='ocrx_word' id='word_1_122' title='bbox 327 2691 442 2749; x_wconf 86' lang='lat' dir='ltr'>Ter</span> <span class='ocrx_word' id='word_1_123' title='bbox 483 2689 588 2750; x_wconf 86' lang='lat' dir='ltr'>tibi</span> <span class='ocrx_word' id='word_1_124' title='bbox 625 2689 688 2750; x_wconf 84' lang='lat' dir='ltr'>fit</span> <span class='ocrx_word' id='word_1_125' title='bbox 724 2689 872 2765; x_wconf 87' lang='lat' dir='ltr'>libo,</span> <span class='ocrx_word' id='word_1_126' title='bbox 933 2707 1045 2765; x_wconf 81' lang='lat' dir='ltr'><strong>ter,</strong></span> <span class='ocrx_word' id='word_1_127' title='bbox 1105 2692 1211 2753; x_wconf 84' lang='lat' dir='ltr'>dea</span> <span class='ocrx_word' id='word_1_128' title='bbox 1251 2676 1434 2768; x_wconf 55' lang='lat' dir='ltr'>caste,</span> <span class='ocrx_word' id='word_1_129' title='bbox 1485 2716 1660 2753; x_wconf 77' lang='lat' dir='ltr'><strong>mero,</strong></span> 
     </span>
    </p>
   </div>
   <div class='ocr_carea' id='block_1_5' title="bbox 296 2958 1692 3022">
    <p class='ocr_par' dir='ltr' id='par_1_6' title="bbox 296 2958 1692 3022">
     <span class='ocr_line' id='line_1_21' title="bbox 296 2958 1692 3022; baseline 0.009 -21"><span class='ocrx_word' id='word_1_130' title='bbox 296 2959 349 3002; x_wconf 87' lang='lat' dir='ltr'>V.</span> <span class='ocrx_word' id='word_1_131' title='bbox 367 2962 441 3003; x_wconf 86' lang='lat'>20.</span> <span class='ocrx_word' id='word_1_132' title='bbox 483 2958 652 3004; x_wconf 84' lang='lat' dir='ltr'>clamne</span> <span class='ocrx_word' id='word_1_133' title='bbox 684 2963 896 3019; x_wconf 83' lang='lat' dir='ltr'>palamne</span> <span class='ocrx_word' id='word_1_134' title='bbox 926 2966 1002 3009; x_wconf 74' lang='lat' dir='ltr'>viri</span> <span class='ocrx_word' id='word_1_135' title='bbox 1044 2965 1182 3022; x_wconf 83' lang='lat' dir='ltr'>docti,</span> <span class='ocrx_word' id='word_1_136' title='bbox 1227 2967 1320 3011; x_wconf 79' lang='lat' dir='ltr'><strong>sine</strong></span> <span class='ocrx_word' id='word_1_137' title='bbox 1357 2968 1511 3012; x_wconf 88' lang='lat' dir='ltr'><strong>idonea</strong></span> <span class='ocrx_word' id='word_1_138' title='bbox 1548 2982 1692 3014; x_wconf 82' lang='lat' dir='ltr'>causa.</span> 
     </span>
    </p>
   </div>
   <div class='ocr_carea' id='block_1_6' title="bbox 177 3065 1890 3192">
    <p class='ocr_par' dir='ltr' id='par_1_7' title="bbox 177 3065 1890 3192">
     <span class='ocr_line' id='line_1_22' title="bbox 298 3065 1890 3120; baseline 0.007 -13"><span class='ocrx_word' id='word_1_139' title='bbox 298 3065 352 3108; x_wconf 92' lang='lat' dir='ltr'>V.</span> <span class='ocrx_word' id='word_1_140' title='bbox 376 3067 414 3107; x_wconf 87' lang='lat'>1.</span> <span class='ocrx_word' id='word_1_141' title='bbox 458 3079 716 3111; x_wconf 82' lang='lat' dir='ltr'>acervos,</span> <span class='ocrx_word' id='word_1_142' title='bbox 787 3070 1003 3116; x_wconf 82' lang='lat' dir='ltr'><strong>Minorem</strong></span> <span class='ocrx_word' id='word_1_143' title='bbox 1035 3087 1060 3115; x_wconf 85' lang='lat' dir='ltr'>a</span> <span class='ocrx_word' id='word_1_144' title='bbox 1099 3073 1218 3117; x_wconf 86' lang='lat' dir='ltr'><strong>libris</strong></span> <span class='ocrx_word' id='word_1_145' title='bbox 1256 3076 1556 3120; x_wconf 80' lang='lat' dir='ltr'>auctoritatem</span> <span class='ocrx_word' id='word_1_146' title='bbox 1590 3075 1719 3119; x_wconf 81' lang='lat' dir='ltr'><strong>habet</strong></span> <span class='ocrx_word' id='word_1_147' title='bbox 1754 3076 1890 3118; x_wconf 81' lang='lat' dir='ltr'><strong>altera</strong></span> 
     </span>
     <span class='ocr_line' id='line_1_23' title="bbox 177 3145 542 3192; baseline 0.011 -5"><span class='ocrx_word' id='word_1_148' title='bbox 177 3145 307 3188; x_wconf 83' lang='lat' dir='ltr'>lectio</span> <span class='ocrx_word' id='word_1_149' title='bbox 343 3146 542 3192; x_wconf 71' lang='lat' dir='ltr'>honores.</span> 
     </span>
    </p>
   </div>
   <div class='ocr_carea' id='block_1_7' title="bbox 178 3253 1888 3381">
    <p class='ocr_par' dir='ltr' id='par_1_8' title="bbox 178 3253 1888 3381">
     <span class='ocr_line' id='line_1_24' title="bbox 301 3253 1888 3321; baseline 0.008 -26"><span class='ocrx_word' id='word_1_150' title='bbox 301 3253 351 3296; x_wconf 91' lang='lat' dir='ltr'>V.</span> <span class='ocrx_word' id='word_1_151' title='bbox 371 3258 413 3296; x_wconf 78' lang='lat'>7.</span> <span class='ocrx_word' id='word_1_152' title='bbox 458 3267 563 3298; x_wconf 83' lang='lat' dir='ltr'>neu</span> <span class='ocrx_word' id='word_1_153' title='bbox 607 3256 733 3310; x_wconf 74' lang='lat' dir='ltr'>quis</span> <span class='ocrx_word' id='word_1_154' title='bbox 775 3257 876 3301; x_wconf 79' lang='lat' dir='ltr'>Cm.</span> <span class='ocrx_word' id='word_1_155' title='bbox 909 3272 1011 3303; x_wconf 66' lang='lat' dir='ltr'><strong>ver.</strong></span> <span class='ocrx_word' id='word_1_156' title='bbox 1074 3263 1158 3304; x_wconf 81' lang='lat' dir='ltr'><strong>Alii</strong></span> <span class='ocrx_word' id='word_1_157' title='bbox 1190 3278 1296 3305; x_wconf 82' lang='lat' dir='ltr'>neve</span> <span class='ocrx_word' id='word_1_158' title='bbox 1329 3262 1399 3317; x_wconf 86' lang='lat' dir='ltr'>id,</span> <span class='ocrx_word' id='word_1_159' title='bbox 1442 3279 1495 3305; x_wconf 82' lang='lat' dir='ltr'>ne</span> <span class='ocrx_word' id='word_1_160' title='bbox 1531 3263 1665 3321; x_wconf 79' lang='lat' dir='ltr'>quid,</span> <span class='ocrx_word' id='word_1_161' title='bbox 1704 3280 1756 3305; x_wconf 78' lang='lat' dir='ltr'>ne</span> <span class='ocrx_word' id='word_1_162' title='bbox 1795 3278 1888 3317; x_wconf 78' lang='lat' dir='ltr'><em>nos,</em></span> 
     </span>
     <span class='ocr_line' id='line_1_25' title="bbox 178 3350 374 3381; baseline 0.005 -5"><span class='ocrx_word' id='word_1_163' title='bbox 178 3350 230 3376; x_wconf 84' lang='lat' dir='ltr'>ne</span> <span class='ocrx_word' id='word_1_164' title='bbox 272 3350 374 3381; x_wconf 73' lang='lat' dir='ltr'><strong><em>nox.</em></strong></span> 
     </span>
    </p>
   </div>
  </div>
 </body>
</html>
