<?xml version="1.0" encoding="UTF-8"?>
<!DOCTYPE html PUBLIC "-//W3C//DTD XHTML 1.0 Transitional//EN"
    "http://www.w3.org/TR/xhtml1/DTD/xhtml1-transitional.dtd">
<html xmlns="http://www.w3.org/1999/xhtml" xml:lang="en" lang="en">
 <head>
  <title>
</title>
<meta http-equiv="Content-Type" content="text/html;charset=utf-8" />
  <meta name='ocr-system' content='tesseract 3.04.00' />
  <meta name='ocr-capabilities' content='ocr_page ocr_carea ocr_par ocr_line ocrx_word'/>
</head>
<body>
  <div class='ocr_page' id='page_1' title='image "./carminaexrecensi01tibuuoft_0124.png"; bbox 0 0 2086 3756; ppageno 0'>
   <div class='ocr_carea' id='block_1_1' title="bbox 231 229 1250 292">
    <p class='ocr_par' dir='ltr' id='par_1_1' title="bbox 231 229 1250 292">
     <span class='ocr_line' id='line_1_1' title="bbox 231 229 1250 292; baseline -0.006 -4"><span class='ocrx_word' id='word_1_1' title='bbox 231 256 384 292; x_wconf 73' lang='lat' dir='ltr'>cxvnr</span> <span class='ocrx_word' id='word_1_2' title='bbox 926 233 1019 283; x_wconf 86' lang='lat' dir='ltr'>DE</span> <span class='ocrx_word' id='word_1_3' title='bbox 1057 229 1250 284; x_wconf 81' lang='lat' dir='ltr'><strong>POESI</strong></span> 
     </span>
    </p>
   </div>
   <div class='ocr_carea' id='block_1_2' title="bbox 225 373 1954 1880">
    <p class='ocr_par' dir='ltr' id='par_1_2' title="bbox 225 373 1954 1880">
     <span class='ocr_line' id='line_1_2' title="bbox 237 373 1936 448; baseline -0.004 -16"><span class='ocrx_word' id='word_1_4' title='bbox 237 399 357 448; x_wconf 83' lang='lat' dir='ltr'>pars</span> <span class='ocrx_word' id='word_1_5' title='bbox 403 398 581 432; x_wconf 84' lang='lat' dir='ltr'>rerum</span> <span class='ocrx_word' id='word_1_6' title='bbox 630 399 660 429; x_wconf 86' lang='lat' dir='ltr'>a</span> <span class='ocrx_word' id='word_1_7' title='bbox 708 374 966 445; x_wconf 85' lang='lat' dir='ltr'>principio</span> <span class='ocrx_word' id='word_1_8' title='bbox 1020 373 1084 425; x_wconf 86' lang='lat' dir='ltr'>ad</span> <span class='ocrx_word' id='word_1_9' title='bbox 1123 394 1175 427; x_wconf 83' lang='lat' dir='ltr'>v.</span> <span class='ocrx_word' id='word_1_10' title='bbox 1196 380 1283 424; x_wconf 88' lang='grc'>26.</span> <span class='ocrx_word' id='word_1_11' title='bbox 1319 391 1423 424; x_wconf 86' lang='lat' dir='ltr'>una</span> <span class='ocrx_word' id='word_1_12' title='bbox 1464 374 1805 442; x_wconf 82' lang='lat' dir='ltr'>perpetuitate</span> <span class='ocrx_word' id='word_1_13' title='bbox 1847 373 1936 425; x_wconf 85' lang='lat' dir='ltr'>de-</span> 
     </span>
     <span class='ocr_line' id='line_1_3' title="bbox 240 468 1938 541; baseline -0.004 -15"><span class='ocrx_word' id='word_1_14' title='bbox 240 477 426 541; x_wconf 68' lang='lat' dir='ltr'>currit,</span> <span class='ocrx_word' id='word_1_15' title='bbox 477 492 595 525; x_wconf 89' lang='lat' dir='ltr'>cum</span> <span class='ocrx_word' id='word_1_16' title='bbox 643 473 795 523; x_wconf 89' lang='lat' dir='ltr'>etiam</span> <span class='ocrx_word' id='word_1_17' title='bbox 843 470 928 520; x_wconf 89' lang='lat' dir='ltr'>hic</span> <span class='ocrx_word' id='word_1_18' title='bbox 978 480 1272 536; x_wconf 82' lang='lat' dir='ltr'>separatum</span> <span class='ocrx_word' id='word_1_19' title='bbox 1319 468 1595 521; x_wconf 85' lang='lat' dir='ltr'>exordium</span> <span class='ocrx_word' id='word_1_20' title='bbox 1624 477 1750 520; x_wconf 67' lang='lat' dir='ltr'>&#39;non</span> <span class='ocrx_word' id='word_1_21' title='bbox 1791 470 1938 533; x_wconf 69' lang='lat' dir='ltr'>adsit,</span> 
     </span>
     <span class='ocr_line' id='line_1_4' title="bbox 240 544 1937 635; baseline -0.006 -10"><span class='ocrx_word' id='word_1_22' title='bbox 240 575 401 625; x_wconf 88' lang='lat' dir='ltr'>altera</span> <span class='ocrx_word' id='word_1_23' title='bbox 455 591 485 621; x_wconf 89' lang='lat' dir='ltr'>a</span> <span class='ocrx_word' id='word_1_24' title='bbox 541 588 591 621; x_wconf 84' lang='lat' dir='ltr'>v.</span> <span class='ocrx_word' id='word_1_25' title='bbox 623 575 710 619; x_wconf 90' lang='grc'>27.</span> <span class='ocrx_word' id='word_1_26' title='bbox 763 568 1042 619; x_wconf 84' lang='lat' dir='ltr'>manifesto</span> <span class='ocrx_word' id='word_1_27' title='bbox 1098 544 1474 635; x_wconf 33' lang='lat' dir='ltr'>repetitionem!</span> <span class='ocrx_word' id='word_1_28' title='bbox 1525 564 1937 615; x_wconf 86' lang='lat' dir='ltr'>antecedentium</span> 
     </span>
     <span class='ocr_line' id='line_1_5' title="bbox 225 650 1941 721; baseline -0.005 -2"><span class='ocrx_word' id='word_1_29' title='bbox 225 650 469 721; x_wconf 75' lang='lat' dir='ltr'>¹continet</span> <span class='ocrx_word' id='word_1_30' title='bbox 515 683 620 716; x_wconf 86' lang='lat' dir='ltr'>una</span> <span class='ocrx_word' id='word_1_31' title='bbox 673 683 790 717; x_wconf 90' lang='lat' dir='ltr'>cum</span> <span class='ocrx_word' id='word_1_32' title='bbox 846 665 1008 716; x_wconf 85' lang='lat' dir='ltr'>exitu.</span> <span class='ocrx_word' id='word_1_33' title='bbox 1097 664 1190 717; x_wconf 86' lang='lat' dir='ltr'>Est</span> <span class='ocrx_word' id='word_1_34' title='bbox 1241 675 1417 716; x_wconf 88' lang='lat' dir='ltr'>tamen</span> <span class='ocrx_word' id='word_1_35' title='bbox 1470 681 1610 714; x_wconf 86' lang='lat' dir='ltr'>nunc</span> <span class='ocrx_word' id='word_1_36' title='bbox 1658 660 1941 713; x_wconf 87' lang='lat' dir='ltr'><strong>admodum</strong></span> 
     </span>
     <span class='ocr_line' id='line_1_6' title="bbox 237 759 1940 829; baseline -0.003 -16"><span class='ocrx_word' id='word_1_37' title='bbox 237 765 412 814; x_wconf 87' lang='lat' dir='ltr'>ieiuna</span> <span class='ocrx_word' id='word_1_38' title='bbox 454 760 694 829; x_wconf 82' lang='lat' dir='ltr'>repetitio</span> <span class='ocrx_word' id='word_1_39' title='bbox 737 770 789 812; x_wconf 90' lang='lat' dir='ltr'>et</span> <span class='ocrx_word' id='word_1_40' title='bbox 826 761 1040 813; x_wconf 91' lang='lat' dir='ltr'>omnino</span> <span class='ocrx_word' id='word_1_41' title='bbox 1081 771 1190 813; x_wconf 87' lang='lat' dir='ltr'>tota</span> <span class='ocrx_word' id='word_1_42' title='bbox 1226 759 1459 812; x_wconf 86' lang='lat' dir='ltr'>tractatio</span> <span class='ocrx_word' id='word_1_43' title='bbox 1496 759 1554 809; x_wconf 91' lang='lat' dir='ltr'>in</span> <span class='ocrx_word' id='word_1_44' title='bbox 1596 762 1758 811; x_wconf 86' lang='lat' dir='ltr'>altera</span> <span class='ocrx_word' id='word_1_45' title='bbox 1794 768 1940 826; x_wconf 89' lang='lat' dir='ltr'>parte</span> 
     </span>
     <span class='ocr_line' id='line_1_7' title="bbox 238 854 1944 926; baseline -0.002 -17"><span class='ocrx_word' id='word_1_46' title='bbox 238 857 390 909; x_wconf 88' lang='lat' dir='ltr'>valde</span> <span class='ocrx_word' id='word_1_47' title='bbox 417 857 722 924; x_wconf 83' lang='lat' dir='ltr'>imperfecta</span> <span class='ocrx_word' id='word_1_48' title='bbox 745 865 796 907; x_wconf 85' lang='lat' dir='ltr'>et</span> <span class='ocrx_word' id='word_1_49' title='bbox 817 855 1019 921; x_wconf 81' lang='lat' dir='ltr'>vitiosa,</span> <span class='ocrx_word' id='word_1_50' title='bbox 1050 854 1115 907; x_wconf 88' lang='lat' dir='ltr'>de</span> <span class='ocrx_word' id='word_1_51' title='bbox 1134 873 1240 926; x_wconf 89' lang='lat' dir='ltr'>quo</span> <span class='ocrx_word' id='word_1_52' title='bbox 1258 855 1376 909; x_wconf 84' lang='lat' dir='ltr'>vide</span> <span class='ocrx_word' id='word_1_53' title='bbox 1397 855 1944 907; x_wconf 75' lang='lat' dir='ltr'>commentarium.—</span> 
     </span>
     <span class='ocr_line' id='line_1_8' title="bbox 239 950 1946 1022; baseline -0.004 -18"><span class='ocrx_word' id='word_1_54' title='bbox 239 957 434 1006; x_wconf 74' lang='lat' dir='ltr'>Sextum</span> <span class='ocrx_word' id='word_1_55' title='bbox 473 953 699 1022; x_wconf 88' lang='lat' dir='ltr'>denique</span> <span class='ocrx_word' id='word_1_56' title='bbox 738 970 942 1006; x_wconf 85' lang='lat' dir='ltr'>carmen</span> <span class='ocrx_word' id='word_1_57' title='bbox 961 991 974 1016; x_wconf 93' lang='lat'>‚</span> <span class='ocrx_word' id='word_1_58' title='bbox 1025 954 1132 1004; x_wconf 89' lang='lat' dir='ltr'>iam</span> <span class='ocrx_word' id='word_1_59' title='bbox 1175 971 1336 1021; x_wconf 87' lang='lat' dir='ltr'>supra</span> <span class='ocrx_word' id='word_1_60' title='bbox 1375 951 1719 1018; x_wconf 86' lang='lat' dir='ltr'>descriptum,</span> <span class='ocrx_word' id='word_1_61' title='bbox 1768 950 1946 1000; x_wconf 81' lang='lat' dir='ltr'>nullam</span> 
     </span>
     <span class='ocr_line' id='line_1_9' title="bbox 242 1046 1946 1115; baseline -0.002 -16"><span class='ocrx_word' id='word_1_62' title='bbox 242 1054 422 1100; x_wconf 76' lang='lat' dir='ltr'>omnino</span> <span class='ocrx_word' id='word_1_63' title='bbox 457 1050 716 1100; x_wconf 68' lang='lat' dir='ltr'>dzbisionem</span> <span class='ocrx_word' id='word_1_64' title='bbox 751 1053 976 1099; x_wconf 79' lang='lat' dir='ltr'>maiorem</span> <span class='ocrx_word' id='word_1_65' title='bbox 1009 1049 1186 1099; x_wconf 90' lang='lat' dir='ltr'>habet.</span> <span class='ocrx_word' id='word_1_66' title='bbox 1255 1048 1508 1099; x_wconf 86' lang='lat' dir='ltr'>Introitus</span> <span class='ocrx_word' id='word_1_67' title='bbox 1546 1065 1578 1098; x_wconf 90' lang='lat' dir='ltr'>a</span> <span class='ocrx_word' id='word_1_68' title='bbox 1607 1046 1946 1115; x_wconf 84' lang='lat' dir='ltr'>sequentibus</span> 
     </span>
     <span class='ocr_line' id='line_1_10' title="bbox 241 1141 1947 1211; baseline -0.002 -18"><span class='ocrx_word' id='word_1_69' title='bbox 241 1144 475 1210; x_wconf 83' lang='lat' dir='ltr'>separari</span> <span class='ocrx_word' id='word_1_70' title='bbox 504 1144 713 1211; x_wconf 83' lang='lat' dir='ltr'>nequit,</span> <span class='ocrx_word' id='word_1_71' title='bbox 750 1153 803 1193; x_wconf 89' lang='lat' dir='ltr'>et</span> <span class='ocrx_word' id='word_1_72' title='bbox 832 1142 904 1193; x_wconf 89' lang='lat' dir='ltr'>sic</span> <span class='ocrx_word' id='word_1_73' title='bbox 934 1141 1002 1192; x_wconf 89' lang='lat' dir='ltr'>ad</span> <span class='ocrx_word' id='word_1_74' title='bbox 1028 1142 1186 1192; x_wconf 88' lang='lat' dir='ltr'>finem</span> <span class='ocrx_word' id='word_1_75' title='bbox 1217 1142 1467 1193; x_wconf 86' lang='lat' dir='ltr'>continuo</span> <span class='ocrx_word' id='word_1_76' title='bbox 1496 1158 1652 1193; x_wconf 80' lang='lat' dir='ltr'>cursu</span> <span class='ocrx_word' id='word_1_77' title='bbox 1686 1143 1751 1192; x_wconf 87' lang='lat' dir='ltr'>ab</span> <span class='ocrx_word' id='word_1_78' title='bbox 1783 1142 1947 1191; x_wconf 86' lang='lat' dir='ltr'>altero</span> 
     </span>
     <span class='ocr_line' id='line_1_11' title="bbox 243 1235 1949 1305; baseline -0.002 -15"><span class='ocrx_word' id='word_1_79' title='bbox 243 1239 306 1290; x_wconf 88' lang='lat' dir='ltr'>ad</span> <span class='ocrx_word' id='word_1_80' title='bbox 333 1241 555 1290; x_wconf 87' lang='lat' dir='ltr'>alterum</span> <span class='ocrx_word' id='word_1_81' title='bbox 581 1240 811 1290; x_wconf 85' lang='lat' dir='ltr'>venitur.</span> <span class='ocrx_word' id='word_1_82' title='bbox 881 1238 1062 1290; x_wconf 80' lang='lat' dir='ltr'>Partes</span> <span class='ocrx_word' id='word_1_83' title='bbox 1086 1237 1399 1305; x_wconf 84' lang='lat' dir='ltr'>principales</span> <span class='ocrx_word' id='word_1_84' title='bbox 1426 1236 1694 1288; x_wconf 84' lang='lat' dir='ltr'>distinctae</span> <span class='ocrx_word' id='word_1_85' title='bbox 1719 1254 1830 1288; x_wconf 89' lang='lat' dir='ltr'>non</span> <span class='ocrx_word' id='word_1_86' title='bbox 1858 1235 1949 1287; x_wconf 89' lang='lat' dir='ltr'>ad-</span> 
     </span>
     <span class='ocr_line' id='line_1_12' title="bbox 241 1331 1950 1401; baseline -0.002 -17"><span class='ocrx_word' id='word_1_87' title='bbox 241 1344 377 1397; x_wconf 72' lang='lat' dir='ltr'>sunt,</span> <span class='ocrx_word' id='word_1_88' title='bbox 405 1351 501 1384; x_wconf 92' lang='lat' dir='ltr'>nec</span> <span class='ocrx_word' id='word_1_89' title='bbox 527 1344 747 1401; x_wconf 87' lang='lat' dir='ltr'>possunt</span> <span class='ocrx_word' id='word_1_90' title='bbox 767 1334 853 1385; x_wconf 91' lang='lat' dir='ltr'>hic</span> <span class='ocrx_word' id='word_1_91' title='bbox 876 1350 1004 1384; x_wconf 86' lang='lat' dir='ltr'>esse.</span> <span class='ocrx_word' id='word_1_92' title='bbox 1058 1333 1230 1385; x_wconf 88' lang='lat' dir='ltr'>Etiam</span> <span class='ocrx_word' id='word_1_93' title='bbox 1252 1333 1352 1384; x_wconf 92' lang='lat' dir='ltr'>hoc</span> <span class='ocrx_word' id='word_1_94' title='bbox 1374 1349 1535 1399; x_wconf 86' lang='lat' dir='ltr'>genus</span> <span class='ocrx_word' id='word_1_95' title='bbox 1563 1331 1950 1400; x_wconf 86' lang='lat' dir='ltr'>compositionis</span> 
     </span>
     <span class='ocr_line' id='line_1_13' title="bbox 244 1425 1953 1495; baseline -0.001 -17"><span class='ocrx_word' id='word_1_96' title='bbox 244 1446 354 1479; x_wconf 85' lang='lat' dir='ltr'>non</span> <span class='ocrx_word' id='word_1_97' title='bbox 393 1429 542 1481; x_wconf 84' lang='lat' dir='ltr'>novit</span> <span class='ocrx_word' id='word_1_98' title='bbox 573 1429 839 1494; x_wconf 87' lang='lat' dir='ltr'>Tibullus,</span> <span class='ocrx_word' id='word_1_99' title='bbox 876 1428 971 1479; x_wconf 86' lang='lat' dir='ltr'>etsi</span> <span class='ocrx_word' id='word_1_100' title='bbox 1005 1425 1148 1495; x_wconf 88' lang='lat' dir='ltr'>apud</span> <span class='ocrx_word' id='word_1_101' title='bbox 1183 1427 1313 1479; x_wconf 88' lang='lat' dir='ltr'>alios</span> <span class='ocrx_word' id='word_1_102' title='bbox 1348 1429 1629 1495; x_wconf 85' lang='lat' dir='ltr'>reperitur.</span> <span class='ocrx_word' id='word_1_103' title='bbox 1696 1426 1953 1495; x_wconf 86' lang='lat' dir='ltr'>Lygdami</span> 
     </span>
     <span class='ocr_line' id='line_1_14' title="bbox 244 1516 1954 1593; baseline -0.002 -18"><span class='ocrx_word' id='word_1_104' title='bbox 244 1535 417 1575; x_wconf 88' lang='lat' dir='ltr'>autem</span> <span class='ocrx_word' id='word_1_105' title='bbox 435 1523 580 1576; x_wconf 84' lang='lat' dir='ltr'>vides</span> <span class='ocrx_word' id='word_1_106' title='bbox 597 1527 800 1576; x_wconf 90' lang='lat' dir='ltr'>nullum</span> <span class='ocrx_word' id='word_1_107' title='bbox 821 1542 1031 1576; x_wconf 87' lang='lat' dir='ltr'>carmen</span> <span class='ocrx_word' id='word_1_108' title='bbox 1051 1541 1178 1588; x_wconf 87' lang='lat' dir='ltr'>esse,</span> <span class='ocrx_word' id='word_1_109' title='bbox 1193 1523 1336 1593; x_wconf 88' lang='lat' dir='ltr'>quod</span> <span class='ocrx_word' id='word_1_110' title='bbox 1351 1542 1476 1577; x_wconf 80' lang='lat' dir='ltr'>vere</span> <span class='ocrx_word' id='word_1_111' title='bbox 1491 1525 1686 1575; x_wconf 86' lang='lat' dir='ltr'>referat</span> <span class='ocrx_word' id='word_1_112' title='bbox 1698 1516 1954 1574; x_wconf 89' lang='lat' dir='ltr'>Tibullia-</span> 
     </span>
     <span class='ocr_line' id='line_1_15' title="bbox 247 1616 1951 1685; baseline -0.001 -16"><span class='ocrx_word' id='word_1_113' title='bbox 247 1637 345 1670; x_wconf 87' lang='lat' dir='ltr'>nae</span> <span class='ocrx_word' id='word_1_114' title='bbox 371 1620 562 1685; x_wconf 86' lang='lat' dir='ltr'>elegiae</span> <span class='ocrx_word' id='word_1_115' title='bbox 584 1621 861 1672; x_wconf 87' lang='lat' dir='ltr'>rationem.</span> <span class='ocrx_word' id='word_1_116' title='bbox 913 1619 1109 1672; x_wconf 88' lang='lat' dir='ltr'>Pedem</span> <span class='ocrx_word' id='word_1_117' title='bbox 1132 1620 1276 1671; x_wconf 84' lang='lat' dir='ltr'>sist0.</span> <span class='ocrx_word' id='word_1_118' title='bbox 1327 1621 1689 1672; x_wconf 82' lang='lat' dir='ltr'>Percurrimus</span> <span class='ocrx_word' id='word_1_119' title='bbox 1711 1616 1951 1669; x_wconf 84' lang='lat' dir='ltr'>ordinem</span> 
     </span>
     <span class='ocr_line' id='line_1_16' title="bbox 242 1715 1953 1783; baseline 0.001 -19"><span class='ocrx_word' id='word_1_120' title='bbox 242 1715 538 1766; x_wconf 82' lang='lat' dir='ltr'>formarum</span> <span class='ocrx_word' id='word_1_121' title='bbox 578 1717 770 1783; x_wconf 85' lang='lat' dir='ltr'>elegiae</span> <span class='ocrx_word' id='word_1_122' title='bbox 810 1718 935 1770; x_wconf 86' lang='lat' dir='ltr'>satis</span> <span class='ocrx_word' id='word_1_123' title='bbox 972 1719 1283 1782; x_wconf 87' lang='lat' dir='ltr'>notabilem,</span> <span class='ocrx_word' id='word_1_124' title='bbox 1325 1736 1383 1769; x_wconf 90' lang='lat' dir='ltr'>ac</span> <span class='ocrx_word' id='word_1_125' title='bbox 1415 1719 1652 1768; x_wconf 87' lang='lat' dir='ltr'>laetabor</span> <span class='ocrx_word' id='word_1_126' title='bbox 1683 1716 1729 1768; x_wconf 91' lang='lat' dir='ltr'>si</span> <span class='ocrx_word' id='word_1_127' title='bbox 1763 1716 1953 1767; x_wconf 81' lang='lat' dir='ltr'>sentias</span> 
     </span>
     <span class='ocr_line' id='line_1_17' title="bbox 243 1811 1954 1880; baseline 0.001 -20"><span class='ocrx_word' id='word_1_128' title='bbox 243 1811 422 1877; x_wconf 85' lang='lat' dir='ltr'>paullo</span> <span class='ocrx_word' id='word_1_129' title='bbox 457 1812 684 1880; x_wconf 82' lang='lat' dir='ltr'>penitius</span> <span class='ocrx_word' id='word_1_130' title='bbox 715 1830 857 1864; x_wconf 89' lang='lat' dir='ltr'>nunc</span> <span class='ocrx_word' id='word_1_131' title='bbox 885 1813 986 1865; x_wconf 93' lang='lat' dir='ltr'>hoc</span> <span class='ocrx_word' id='word_1_132' title='bbox 1023 1828 1186 1878; x_wconf 84' lang='lat' dir='ltr'>genus</span> <span class='ocrx_word' id='word_1_133' title='bbox 1220 1828 1441 1880; x_wconf 84' lang='lat' dir='ltr'>poeseos</span> <span class='ocrx_word' id='word_1_134' title='bbox 1475 1811 1573 1863; x_wconf 81' lang='lat' dir='ltr'>tibi</span> <span class='ocrx_word' id='word_1_135' title='bbox 1605 1820 1954 1880; x_wconf 86' lang='lat' dir='ltr'>perspectum.</span> 
     </span>
    </p>
   </div>
   <div class='ocr_carea' id='block_1_3' title="bbox 606 2137 1591 2187">
    <p class='ocr_par' dir='ltr' id='par_1_3' title="bbox 606 2137 1591 2187">
     <span class='ocr_line' id='line_1_18' title="bbox 606 2137 1591 2187; baseline 0.006 -8"><span class='ocrx_word' id='word_1_136' title='bbox 606 2137 684 2180; x_wconf 85' lang='lat'><em>111.</em></span> <span class='ocrx_word' id='word_1_137' title='bbox 763 2138 842 2181; x_wconf 82' lang='lat' dir='ltr'>DE</span> <span class='ocrx_word' id='word_1_138' title='bbox 889 2139 1287 2185; x_wconf 85' lang='lat' dir='ltr'>ELOCUTIONE</span> <span class='ocrx_word' id='word_1_139' title='bbox 1331 2141 1591 2187; x_wconf 83' lang='lat' dir='ltr'><strong>TIBULLI.</strong></span> 
     </span>
    </p>
   </div>
   <div class='ocr_carea' id='block_1_4' title="bbox 243 2288 1954 3030">
    <p class='ocr_par' dir='ltr' id='par_1_4' title="bbox 243 2288 1954 3030">
     <span class='ocr_line' id='line_1_19' title="bbox 352 2288 1951 2362; baseline 0.006 -21"><span class='ocrx_word' id='word_1_140' title='bbox 352 2288 501 2352; x_wconf 81' lang='lat' dir='ltr'>Quae</span> <span class='ocrx_word' id='word_1_141' title='bbox 548 2301 737 2343; x_wconf 84' lang='lat' dir='ltr'>natura</span> <span class='ocrx_word' id='word_1_142' title='bbox 783 2302 834 2343; x_wconf 91' lang='lat' dir='ltr'>et</span> <span class='ocrx_word' id='word_1_143' title='bbox 870 2291 1077 2347; x_wconf 88' lang='lat' dir='ltr'>indoles</span> <span class='ocrx_word' id='word_1_144' title='bbox 1124 2295 1315 2362; x_wconf 86' lang='lat' dir='ltr'>elegiae</span> <span class='ocrx_word' id='word_1_145' title='bbox 1358 2296 1415 2346; x_wconf 87' lang='lat' dir='ltr'>in</span> <span class='ocrx_word' id='word_1_146' title='bbox 1453 2297 1721 2362; x_wconf 81' lang='lat' dir='ltr'>maximis,</span> <span class='ocrx_word' id='word_1_147' title='bbox 1770 2297 1951 2350; x_wconf 85' lang='lat' dir='ltr'>eadem</span> 
     </span>
     <span class='ocr_line' id='line_1_20' title="bbox 244 2384 1954 2456; baseline 0.006 -23"><span class='ocrx_word' id='word_1_148' title='bbox 244 2384 508 2450; x_wconf 74' lang='lat' dir='ltr'>reperitur</span> <span class='ocrx_word' id='word_1_149' title='bbox 549 2385 606 2436; x_wconf 91' lang='lat' dir='ltr'>in</span> <span class='ocrx_word' id='word_1_150' title='bbox 644 2387 939 2440; x_wconf 86' lang='lat' dir='ltr'>minoribus</span> <span class='ocrx_word' id='word_1_151' title='bbox 975 2398 1027 2439; x_wconf 92' lang='lat' dir='ltr'>et</span> <span class='ocrx_word' id='word_1_152' title='bbox 1067 2390 1324 2456; x_wconf 79' lang='lat' dir='ltr'>minimi8‚</span> <span class='ocrx_word' id='word_1_153' title='bbox 1371 2401 1433 2442; x_wconf 86' lang='lat' dir='ltr'>ut</span> <span class='ocrx_word' id='word_1_154' title='bbox 1474 2402 1551 2443; x_wconf 89' lang='lat' dir='ltr'>est</span> <span class='ocrx_word' id='word_1_155' title='bbox 1586 2409 1740 2444; x_wconf 88' lang='lat' dir='ltr'>omne</span> <span class='ocrx_word' id='word_1_156' title='bbox 1778 2394 1954 2444; x_wconf 85' lang='lat' dir='ltr'>classi-</span> 
     </span>
     <span class='ocr_line' id='line_1_21' title="bbox 247 2481 1952 2556; baseline 0.008 -29"><span class='ocrx_word' id='word_1_157' title='bbox 247 2497 366 2528; x_wconf 88' lang='lat' dir='ltr'>cum</span> <span class='ocrx_word' id='word_1_158' title='bbox 403 2497 537 2547; x_wconf 87' lang='lat' dir='ltr'>opus</span> <span class='ocrx_word' id='word_1_159' title='bbox 576 2481 676 2533; x_wconf 91' lang='lat' dir='ltr'>sibi</span> <span class='ocrx_word' id='word_1_160' title='bbox 712 2493 881 2534; x_wconf 86' lang='lat' dir='ltr'>totum</span> <span class='ocrx_word' id='word_1_161' title='bbox 915 2485 1102 2538; x_wconf 86' lang='lat' dir='ltr'>simile.</span> <span class='ocrx_word' id='word_1_162' title='bbox 1181 2486 1544 2539; x_wconf 87' lang='lat' dir='ltr'>Recordamur</span> <span class='ocrx_word' id='word_1_163' title='bbox 1578 2499 1752 2540; x_wconf 86' lang='lat' dir='ltr'>autem</span> <span class='ocrx_word' id='word_1_164' title='bbox 1787 2504 1952 2556; x_wconf 87' lang='lat' dir='ltr'>expo-</span> 
     </span>
     <span class='ocr_line' id='line_1_22' title="bbox 244 2573 1951 2652; baseline 0.009 -31"><span class='ocrx_word' id='word_1_165' title='bbox 244 2573 485 2624; x_wconf 80' lang='lat' dir='ltr'>sitionem</span> <span class='ocrx_word' id='word_1_166' title='bbox 511 2577 751 2628; x_wconf 87' lang='lat' dir='ltr'>latiorem</span> <span class='ocrx_word' id='word_1_167' title='bbox 778 2598 1026 2632; x_wconf 87' lang='lat' dir='ltr'>sensuum</span> <span class='ocrx_word' id='word_1_168' title='bbox 1053 2593 1105 2633; x_wconf 90' lang='lat' dir='ltr'>et</span> <span class='ocrx_word' id='word_1_169' title='bbox 1134 2583 1414 2635; x_wconf 85' lang='lat' dir='ltr'>affectuum</span> <span class='ocrx_word' id='word_1_170' title='bbox 1442 2586 1632 2650; x_wconf 85' lang='lat' dir='ltr'>elegiae</span> <span class='ocrx_word' id='word_1_171' title='bbox 1655 2585 1951 2652; x_wconf 87' lang='lat' dir='ltr'>propriam:</span> 
     </span>
     <span class='ocr_line' id='line_1_23' title="bbox 243 2669 1951 2748; baseline 0.01 -31"><span class='ocrx_word' id='word_1_172' title='bbox 243 2669 372 2718; x_wconf 87' lang='lat' dir='ltr'>haec</span> <span class='ocrx_word' id='word_1_173' title='bbox 424 2670 867 2738; x_wconf 87' lang='lat' dir='ltr'>quemadmodum</span> <span class='ocrx_word' id='word_1_174' title='bbox 915 2677 971 2726; x_wconf 91' lang='lat' dir='ltr'>in</span> <span class='ocrx_word' id='word_1_175' title='bbox 1021 2678 1282 2731; x_wconf 86' lang='lat' dir='ltr'>maiorum</span> <span class='ocrx_word' id='word_1_176' title='bbox 1329 2681 1558 2748; x_wconf 82' lang='lat' dir='ltr'>partium</span> <span class='ocrx_word' id='word_1_177' title='bbox 1609 2691 1662 2732; x_wconf 90' lang='lat' dir='ltr'>et</span> <span class='ocrx_word' id='word_1_178' title='bbox 1711 2683 1951 2733; x_wconf 89' lang='lat' dir='ltr'>locorum</span> 
     </span>
     <span class='ocr_line' id='line_1_24' title="bbox 245 2767 1951 2841; baseline 0.01 -27"><span class='ocrx_word' id='word_1_179' title='bbox 245 2767 550 2818; x_wconf 81' lang='lat' dir='ltr'>tractatione</span> <span class='ocrx_word' id='word_1_180' title='bbox 593 2781 800 2841; x_wconf 51' lang='lat' dir='ltr'>regnat?</span> <span class='ocrx_word' id='word_1_181' title='bbox 847 2772 919 2824; x_wconf 90' lang='lat' dir='ltr'>ita</span> <span class='ocrx_word' id='word_1_182' title='bbox 958 2774 1015 2824; x_wconf 90' lang='lat' dir='ltr'>in</span> <span class='ocrx_word' id='word_1_183' title='bbox 1057 2773 1271 2841; x_wconf 77' lang='lat' dir='ltr'>singulis</span> <span class='ocrx_word' id='word_1_184' title='bbox 1307 2775 1554 2830; x_wconf 81' lang='lat' dir='ltr'>distichis.</span> <span class='ocrx_word' id='word_1_185' title='bbox 1636 2776 1742 2829; x_wconf 85' lang='lat' dir='ltr'>Sed</span> <span class='ocrx_word' id='word_1_186' title='bbox 1783 2780 1951 2831; x_wconf 89' lang='lat' dir='ltr'>omnis</span> 
     </span>
     <span class='ocr_line' id='line_1_25' title="bbox 243 2857 1952 2940; baseline 0.008 -30"><span class='ocrx_word' id='word_1_187' title='bbox 243 2871 401 2926; x_wconf 82' lang='lat' dir='ltr'>poeta</span> <span class='ocrx_word' id='word_1_188' title='bbox 445 2864 734 2929; x_wconf 88' lang='lat' dir='ltr'>peculiares</span> <span class='ocrx_word' id='word_1_189' title='bbox 778 2867 996 2918; x_wconf 83' lang='lat' dir='ltr'>virtutes</span> <span class='ocrx_word' id='word_1_190' title='bbox 1041 2869 1216 2921; x_wconf 87' lang='lat' dir='ltr'>habet.</span> <span class='ocrx_word' id='word_1_191' title='bbox 1299 2871 1498 2922; x_wconf 82' lang='lat' dir='ltr'>Tibulli</span> <span class='ocrx_word' id='word_1_192' title='bbox 1537 2874 1710 2940; x_wconf 87' lang='lat' dir='ltr'>poesis</span> <span class='ocrx_word' id='word_1_193' title='bbox 1753 2857 1952 2940; x_wconf 78' lang='lat' dir='ltr'>simpli·</span> 
     </span>
     <span class='ocr_line' id='line_1_26' title="bbox 243 2955 1948 3030; baseline 0.008 -25"><span class='ocrx_word' id='word_1_194' title='bbox 243 2955 392 3005; x_wconf 84' lang='lat' dir='ltr'>citate</span> <span class='ocrx_word' id='word_1_195' title='bbox 424 2957 796 3009; x_wconf 87' lang='lat' dir='ltr'>sententiarum</span> <span class='ocrx_word' id='word_1_196' title='bbox 823 2971 875 3011; x_wconf 89' lang='lat' dir='ltr'>et</span> <span class='ocrx_word' id='word_1_197' title='bbox 904 2963 1155 3014; x_wconf 87' lang='lat' dir='ltr'>orationis</span> <span class='ocrx_word' id='word_1_198' title='bbox 1189 2966 1416 3030; x_wconf 81' lang='lat' dir='ltr'>excellit,</span> <span class='ocrx_word' id='word_1_199' title='bbox 1454 2968 1662 3019; x_wconf 87' lang='lat' dir='ltr'>excellit</span> <span class='ocrx_word' id='word_1_200' title='bbox 1685 2984 1815 3020; x_wconf 86' lang='lat' dir='ltr'>vero</span> <span class='ocrx_word' id='word_1_201' title='bbox 1841 2985 1948 3019; x_wconf 88' lang='lat' dir='ltr'>non</span> 
     </span>
    </p>
   </div>
   <div class='ocr_carea' id='block_1_5' title="bbox 243 3050 1950 3223">
    <p class='ocr_par' dir='ltr' id='par_1_5' title="bbox 243 3050 1950 3223">
     <span class='ocr_line' id='line_1_27' title="bbox 243 3050 1950 3129; baseline 0.011 -33"><span class='ocrx_word' id='word_1_202' title='bbox 243 3050 416 3100; x_wconf 85' lang='lat' dir='ltr'>minus</span> <span class='ocrx_word' id='word_1_203' title='bbox 452 3051 630 3118; x_wconf 84' lang='lat' dir='ltr'>vigore</span> <span class='ocrx_word' id='word_1_204' title='bbox 669 3054 874 3119; x_wconf 86' lang='lat' dir='ltr'>egregio</span> <span class='ocrx_word' id='word_1_205' title='bbox 887 3092 902 3118; x_wconf 85' lang='lat'>,</span> <span class='ocrx_word' id='word_1_206' title='bbox 951 3057 1044 3124; x_wconf 79' lang='lat' dir='ltr'>qui</span> <span class='ocrx_word' id='word_1_207' title='bbox 1083 3060 1394 3124; x_wconf 86' lang='lat' dir='ltr'>conspicuus</span> <span class='ocrx_word' id='word_1_208' title='bbox 1432 3059 1486 3110; x_wconf 88' lang='lat' dir='ltr'>in</span> <span class='ocrx_word' id='word_1_209' title='bbox 1527 3071 1606 3113; x_wconf 86' lang='lat' dir='ltr'>tot</span> <span class='ocrx_word' id='word_1_210' title='bbox 1647 3060 1950 3129; x_wconf 84' lang='lat' dir='ltr'>descriptio-</span> 
     </span>
     <span class='ocr_line' id='line_1_28' title="bbox 243 3147 1948 3223; baseline 0.009 -31"><span class='ocrx_word' id='word_1_211' title='bbox 243 3159 367 3194; x_wconf 86' lang='lat' dir='ltr'>num</span> <span class='ocrx_word' id='word_1_212' title='bbox 418 3155 469 3195; x_wconf 88' lang='lat' dir='ltr'>et</span> <span class='ocrx_word' id='word_1_213' title='bbox 512 3147 887 3199; x_wconf 87' lang='lat' dir='ltr'>sententiarum</span> <span class='ocrx_word' id='word_1_214' title='bbox 935 3153 1204 3216; x_wconf 87' lang='lat' dir='ltr'>praeclara</span> <span class='ocrx_word' id='word_1_215' title='bbox 1250 3153 1332 3214; x_wconf 78' lang='lat' dir='ltr'>vi,</span> <span class='ocrx_word' id='word_1_216' title='bbox 1387 3164 1437 3205; x_wconf 89' lang='lat' dir='ltr'>et</span> <span class='ocrx_word' id='word_1_217' title='bbox 1478 3154 1590 3223; x_wconf 88' lang='lat' dir='ltr'>ipse</span> <span class='ocrx_word' id='word_1_218' title='bbox 1634 3155 1948 3223; x_wconf 84' lang='lat' dir='ltr'>principium</span> 
     </span>
    </p>
   </div>
   <div class='ocr_carea' id='block_1_6' title="bbox 243 3240 1949 3311">
    <p class='ocr_par' dir='ltr' id='par_1_6' title="bbox 243 3240 1949 3311">
     <span class='ocr_line' id='line_1_29' title="bbox 243 3240 1949 3311; baseline 0.011 -25"><span class='ocrx_word' id='word_1_219' title='bbox 243 3253 395 3289; x_wconf 82' lang='lat' dir='ltr'>suum</span> <span class='ocrx_word' id='word_1_220' title='bbox 432 3240 589 3293; x_wconf 87' lang='lat' dir='ltr'>habet</span> <span class='ocrx_word' id='word_1_221' title='bbox 631 3243 686 3294; x_wconf 91' lang='lat' dir='ltr'>in</span> <span class='ocrx_word' id='word_1_222' title='bbox 727 3245 1054 3311; x_wconf 82' lang='lat' dir='ltr'>singulorum</span> <span class='ocrx_word' id='word_1_223' title='bbox 1090 3246 1431 3301; x_wconf 83' lang='lat' dir='ltr'>distichorum</span> <span class='ocrx_word' id='word_1_224' title='bbox 1479 3269 1703 3303; x_wconf 84' lang='lat' dir='ltr'>nervosa</span> <span class='ocrx_word' id='word_1_225' title='bbox 1740 3254 1949 3304; x_wconf 87' lang='lat' dir='ltr'>confor-</span> 
     </span>
    </p>
   </div>
   <div class='ocr_carea' id='block_1_7' title="bbox 241 3337 1949 3418">
    <p class='ocr_par' dir='ltr' id='par_1_7' title="bbox 241 3337 1949 3418">
     <span class='ocr_line' id='line_1_30' title="bbox 241 3337 1949 3418; baseline 0.009 -32"><span class='ocrx_word' id='word_1_226' title='bbox 241 3337 488 3391; x_wconf 80' lang='lat' dir='ltr'>matione.</span> <span class='ocrx_word' id='word_1_227' title='bbox 596 3338 744 3403; x_wconf 85' lang='lat' dir='ltr'>Quae</span> <span class='ocrx_word' id='word_1_228' title='bbox 800 3362 916 3396; x_wconf 87' lang='lat' dir='ltr'>cum</span> <span class='ocrx_word' id='word_1_229' title='bbox 971 3346 1043 3397; x_wconf 89' lang='lat' dir='ltr'>ita</span> <span class='ocrx_word' id='word_1_230' title='bbox 1101 3346 1238 3413; x_wconf 79' lang='lat' dir='ltr'>sint,</span> <span class='ocrx_word' id='word_1_231' title='bbox 1307 3350 1519 3416; x_wconf 87' lang='lat' dir='ltr'>penitus</span> <span class='ocrx_word' id='word_1_232' title='bbox 1573 3353 1949 3418; x_wconf 62' lang='lat' dir='ltr'>pert-*scrutaturi</span> 
     </span>
    </p>
   </div>
   <div class='ocr_carea' id='block_1_8' title="bbox 2046 2306 2086 3268">
    <p class='ocr_par' dir='ltr' id='par_1_8' title="bbox 2046 2306 2086 3268">
     <span class='ocr_line' id='line_1_31' title="bbox 2046 2306 2086 3268; baseline 0 0"><span class='ocrx_word' id='word_1_233' title='bbox 2046 2306 2086 3268; x_wconf 95' lang='lat' dir='ltr'> </span> 
     </span>
    </p>
   </div>
  </div>
 </body>
</html>
