2158 3750
597 287 780 338 LIBR.
816 289 910 339 lv.
983 285 1194 337 CARM.
1230 285 1377 336 XIII.
1721 289 1822 339 461

141 431 212 470 tur
246 441 366 482 esse,
395 428 548 484 quibus
579 428 694 471 furto
725 434 898 486 ereptus
929 435 995 474 est
1024 435 1156 474 torus,
1188 452 1247 464 —
1292 428 1412 473 Hoc
1443 429 1707 485 foedere,
1750 431 1829 477 hac

144 511 259 565 lege.
307 510 418 564 Hoc,
449 513 523 563 ait,
555 511 689 552 iuravi
711 511 803 564 tibi,
835 525 930 554 cum
954 513 1133 567 primum
1160 512 1316 554 lectum
1341 516 1459 554 tuum
1482 512 1827 556 conscenderem.

136 593 382 648 Iungere
426 595 704 637 Venerem
745 586 925 637 vidimus
967 610 1096 652 supra
1141 598 1172 649 Ι,
1208 601 1249 650 9,
1274 601 1346 639 76.
1379 619 1440 628 —-
1480 599 1534 641 V.
1564 604 1592 642 3
1621 612 1687 653 sq·
1749 599 1829 641 Tu

141 674 279 716 mihi
307 676 431 717 sola
462 676 683 730 placeS‚
714 675 897 718 formula
926 679 1111 730 usitata,
1143 684 1189 718 ut
1221 684 1398 732 notant,
1428 682 1561 723 veluti
1591 681 1828 726 Pnopmvr.

137 758 195 810 ΙΙ,
226 761 267 810 7,
300 761 382 800 19:
444 760 510 798 Tu
559 758 668 798 mihi
710 758 807 800 sola
847 759 1025 816 places,
1069 759 1275 816 placeam
1322 759 1405 802 tibi
1451 763 1646 819 Cynthia
1692 762 1832 807 solas.

139 843 276 885 Ovm.
319 843 410 884 Art.
451 842 547 884 Am.
584 841 620 894 I,
651 844 738 884 42:
789 841 921 900 Elige
962 841 1037 884 cui
1080 841 1228 887 dicas,
1277 850 1327 882 ta
1373 843 1481 884 mihi
1525 844 1623 886 sola
1662 844 1831 901 places.

139 925 224 967 Hic
254 939 280 967 a
309 925 428 968 libris
458 925 662 967 maiorem
692 925 992 967 auctoritatem
1024 923 1153 966 habet
1186 924 1340 966 lectio:
1385 933 1436 966 tu
1470 926 1618 973 modo,
1660 928 1733 981 qui
1765 933 1834 969 ta-

138 1020 236 1049 men
266 1011 412 1062 potest
441 1019 562 1048 error
592 1019 688 1048 esse
717 1012 844 1047 natus
875 1019 931 1048 ex
961 1006 1215 1061 compendio
1246 1008 1316 1059 ἷῐι,
1362 1013 1536 1050 notante
1567 1007 1759 1051 Hunno
1789 1013 1835 1050 et

138 1088 409 1141 Huscmno3
438 1093 487 1130 ut
517 1088 630 1130 enim
660 1087 850 1143 potuerit
881 1093 934 1127 tu
965 1085 1090 1128 modo
1120 1087 1218 1128 sola
1247 1089 1462 1131 cumulate
1493 1088 1578 1131 dici
1611 1103 1676 1144 pr.
1709 1089 1835 1132 unice

139 1168 224 1223 (du
255 1185 344 1211 nur
372 1168 533 1223 allein)
578 1181 834 1223 quamquam
869 1170 1113 1224 exemplum
1154 1182 1237 1211 non
1276 1168 1439 1221 habeo,
1484 1171 1565 1213 nisi
1608 1171 1723 1225 quod
1763 1186 1838 1212 so·-

138 1252 358 1294 lummodo
396 1253 577 1306 dicitur,
622 1258 667 1295 at
698 1251 778 1295 hoc
809 1253 980 1306 quidem
1011 1253 1108 1294 loco
1146 1266 1278 1306 aegre
1310 1254 1549 1296 carebimus
1580 1255 1833 1309 pronomine

138 1334 259 1378 mihi.
283 1357 341 1366 —
391 1335 659 1377 Formosa
690 1334 879 1376 oculis
911 1335 1061 1377 meis.
1121 1334 1334 1390 Imprimis
1365 1334 1580 1390 frequens,
1612 1338 1672 1379 ait
1691 1337 1835 1380 Wun-

141 1430 450 1470 msnmcmvs,
494 1415 746 1472 pulchrum,
791 1416 979 1470 bellum,
1025 1417 1258 1462 formosum
1292 1433 1387 1463 esse
1426 1422 1566 1465 alicui.
1630 1423 1834 1466 Vum‘ms

139 1500 307 1543 confert
335 1501 573 1542 Pnopnnvr.
602 1498 678 1550 IV,
709 1499 752 1550 4,
783 1499 855 1539 32.
886 1518 946 1528 -
992 1498 1045 1541 V.
1077 1502 1106 1541 5
1137 1513 1229 1553 sqq.
1292 1502 1502 1544 utinam
1552 1505 1746 1558 possis
1777 1526 1837 1535 -—

142 1583 456 1639 displiceas
498 1580 662 1633 aliis,
708 1577 751 1623 h.
784 1592 824 1622 e.
866 1578 1091 1634 displiceas
1131 1593 1235 1623 vero
1278 1583 1384 1624 aliis.
1448 1585 1595 1628 Quare
1626 1597 1721 1627 cum
1753 1597 1838 1626 una

143 1663 251 1708 haec
277 1665 541 1708 constructio
572 1663 653 1716 sit,
683 1644 915 1718 probamus
932 1662 1104 1719 possis,
1134 1664 1238 1707 licet
1267 1665 1463 1708 codicum
1491 1667 1617 1709 lectio
1650 1669 1706 1710 sit
1734 1683 1842 1723 pos-

141 1763 225 1794 seS.
286 1749 503 1792 Defendas
533 1747 705 1802 quidem
746 1746 829 1790 hoc
865 1748 956 1802 sic,
1003 1748 1040 1790 si
1084 1755 1310 1804 separetur
1339 1763 1365 1792 a
1395 1752 1673 1805 sequentibus
1703 1751 1841 1795 hexa-

143 1832 270 1874 metri
310 1832 600 1884 constructio,
647 1836 739 1873 tum
781 1832 919 1887 repeti
952 1833 1037 1874 alio
1069 1833 1198 1876 modo
1230 1838 1445 1876 statuatur
1474 1837 1686 1878 sententia
1717 1841 1841 1879 ante-

144 1913 303 1955 cedens
328 1914 498 1955 verbis:
546 1911 780 1968 displiceas
811 1912 943 1959 aliis,
985 1917 1030 1955 et
1059 1913 1159 1956 huic
1190 1917 1286 1957 colo
1318 1918 1632 1971 coniungantur
1665 1919 1841 1961 ultima:

143 1997 228 2039 sic
260 2009 365 2051 ego
397 2001 555 2038 tutus
585 2009 696 2039 ero.
755 1995 839 2038 Est
868 2000 1009 2038 tamen
1037 1998 1182 2052 paullo
1210 1999 1482 2041 artificiosior
1507 1999 1612 2043 haec
1638 2002 1762 2053 ratic,
1793 2005 1843 2042 ut

142 2079 238 2133 ipse
268 2078 414 2132 vides,
444 2092 524 2122 nec
554 2092 726 2121 causam
754 2079 951 2122 idoneam
984 2081 1076 2122 eius
1105 2081 1295 2135 indices,
1324 2095 1458 2136 quare
1488 2083 1620 2126 redeo
1651 2083 1706 2125 ad
1731 2085 1844 2126 alte-

142 2172 238 2202 rum
281 2161 544 2216 simplicitati
586 2161 748 2203 Tibulli
794 2162 1127 2205 convenientius,
1157 2184 1218 2193 -
1265 2164 1455 2217 gloria
1498 2165 1683 2219 vulgi,
1732 2166 1845 2209 fama

141 2243 255 2286 inter
283 2245 464 2299 vulgus,
505 2243 622 2298 quod
663 2249 952 2300 praestantem
995 2244 1308 2300 pulchritudine
1340 2248 1526 2302 puellam
1557 2261 1710 2290 amem.
1783 2249 1842 2290 At

144 2325 444 2380 Crnnssmus,
487 2326 640 2369 DoUSA
672 2334 820 2383 pater,
861 2329 1064 2371 S‘rAmws
1106 2329 1161 2371 de
1202 2329 1403 2372 iactantia
1435 2331 1673 2384 vulgarium
1704 2330 1846 2373 homi-

143 2423 247 2454 num
290 2411 532 2466 explicant,
579 2412 652 2466 qui
694 2425 805 2466 quae
854 2411 1032 2469 pulchra
1073 2411 1257 2466 habent,
1307 2414 1551 2457 ostendunt.
1624 2416 1700 2457 Sic
1751 2417 1846 2458 sine

143 2509 274 2539 causa
304 2497 434 2539 etiam
467 2494 660 2539 homines
690 2495 760 2540 hic
791 2498 930 2553 carpit
959 2497 1085 2540 aliter
1113 2498 1377 2552 sentiente33
1422 2499 1528 2541 satis
1558 2512 1662 2542 vero
1693 2505 1760 2542 est
1791 2500 1847 2543 de

143 2579 311 2632 gloriae
340 2583 559 2622 contemtu
590 2578 691 2623 dici.
719 2601 780 2610 —-
826 2580 881 2622 in
912 2581 1096 2622 tacito
1131 2580 1383 2635 gaudeat
1412 2582 1515 2624 ille
1542 2581 1696 2635 sinu,
1728 2582 1847 2625 frua-

146 2666 215 2704 tur
261 2663 392 2705 tacite
435 2667 481 2705 et
520 2675 618 2705 cum
658 2663 815 2706 nullius
857 2663 1015 2706 invidia
1061 2663 1174 2707 bono
1219 2677 1313 2708 suo.
1392 2663 1625 2719 Comparat
1667 2665 1849 2708 similem

147 2743 403 2787 sententiam
438 2743 797 2787 Buoncxnusms
839 2745 995 2788 Senec.
1036 2743 1176 2801 Epist.
1214 2749 1329 2789 105:
1373 2745 1448 2787 Sic
1491 2761 1592 2788 vero
1632 2745 1849 2788 invidiam

145 2825 364 2885 effugies,
407 2827 450 2869 si
478 2835 524 2868 te
553 2842 640 2870 non
670 2826 908 2886 ingesseris
939 2827 1106 2875 oculis,
1147 2829 1188 2870 si
1218 2827 1332 2871 bona
1363 2836 1449 2871 tua
1476 2844 1564 2871 non
1593 2828 1849 2878 iactaveris,

145 2908 187 2951 si
215 2908 368 2952 scieris
396 2908 445 2951 in
473 2908 576 2951 sinu
604 2909 819 2968 gaudere.
840 2933 899 2942 —
929 2911 1059 2966 ille,
1093 2912 1149 2957 cf.
1179 2912 1233 2955 ad
1262 2913 1319 2966 ΙΙ,
1351 2916 1394 2966 3,
1425 2915 1498 2955 26.
1560 2914 1715 2957 Paullo
1749 2927 1851 2957 ner-

146 2991 294 3034 vosior
333 2991 397 3034 sic
435 2991 487 3034 fit
521 2988 722 3035 hortatio.
758 3015 810 3024 -
857 2993 975 3047 Sic,
1019 2993 1094 3037 ubi
1135 3006 1261 3037 nemo
1303 2999 1347 3037 te
1388 2993 1490 3038 mihi
1532 2996 1706 3039 invidet.
1780 2996 1851 3040 Ad

148 3073 394 3115 restitutum
425 3085 530 3115 vero
557 3072 834 3117 indicativum
866 3086 1094 3130 possum
1126 3090 1328 3133 compara
1358 3078 1558 3133 superius
1588 3080 1740 3122 colon:
1787 3080 1852 3122 sic

150 3169 231 3213 ego
276 3162 410 3197 tutus
449 3169 539 3225 eso.
614 3154 848 3199 Substituit
888 3154 1000 3201 hunc
1045 3171 1126 3215 pro
1172 3160 1448 3203 conditionali
1496 3161 1624 3204 modo
1673 3162 1853 3206 vividior

153 3236 378 3294 phantasia
408 3242 576 3294 poetae.
607 3260 666 3270 -
722 3236 789 3281 Ad
831 3251 872 3281 v.
910 3241 982 3282 11.
1018 3242 1088 3283 12.
1138 3241 1287 3284 confer
1334 3255 1432 3284 cum
1476 3242 1852 3286 Wunnssnmcmo

157 3319 360 3377 Propert.
391 3321 427 3375 Ῑ,
458 3324 530 3374 11,
561 3323 646 3364 23:
683 3323 751 3362 Tu
784 3320 892 3362 milzi
921 3321 1020 3363 sola
1051 3322 1217 3371 domus,
1251 3332 1302 3366 tu
1338 3324 1533 3380 Cynthia
1562 3325 1658 3367 sola
1686 3340 1856 3381 paren-

154 3409 251 3448 tes,
296 3402 454 3445 Omnia
496 3411 548 3445 tu
580 3410 763 3446 nostrae
804 3411 1003 3461 tempora
1047 3404 1277 3454 laetitiae,
1320 3406 1393 3450 ubi
1426 3406 1522 3450 vide
1553 3407 1854 3451 Kumoumum
