2086 3756
810 223 854 272 Τ
857 220 1111 272 IBULLI.
1720 239 1775 269 xi
1784 239 1816 270 x·

106 369 264 419 vitam
299 366 488 430 redire,
537 376 590 418 et
624 366 883 430 cogitabat
917 383 1055 417 nunc
1095 366 1249 416 etiam
1286 364 1509 427 Deliam,
1547 364 1603 415 sir
1627 380 1812 414 recon-

87 466 374 530 xvaluisset,
423 479 622 516 secum·
645 461 834 513 ducere
869 464 925 513 in
962 462 1234 530 praedium
1283 472 1335 520 et
1382 479 1498 512 cum
1536 479 1595 512 ea
1633 463 1810 513 vivere

103 579 331 630 semper,
379 557 822 630 quemadmodum
865 561 1085 625 pulchre
1133 557 1379 610 describit
1427 559 1469 624 Ι,
1506 565 1553 624 5,
1595 563 1658 609 19
1697 575 1813 626 sqq.

103 660 304 709 Verum
341 657 480 707 enim
519 672 646 709 vero
683 657 812 713 haec
844 657 952 706 iam
986 656 1126 707 inter
1164 657 1450 713 absentiam
1483 635 1703 721 Tibulli,
1753 667 1813 707 ut

98 751 320 814 videtur,
354 750 510 804 fidem
542 759 747 809 mutare
772 759 840 818 et
874 749 1100 804 aliorum
1134 752 1404 817 promissis
1442 768 1622 805 aurem
1659 768 1812 818 prae-

99 852 224 900 bere
259 858 527 916 coeperat3
578 858 737 916 poete
780 847 1035 914 recipitur
1079 847 1289 916 quidem
1326 860 1447 915 post
1485 849 1714 902 reditum
1755 860 1813 901 ut

100 955 219 995 ante
254 955 307 997 et
343 944 635 1011 aegrotanti
662 959 827 1012 ‘opem
850 944 977 1008 fert,
1010 941 1103 998 sed
1138 944 1294 1012 Delia
1328 945 1419 998 vix
1444 946 1686 997 restituta
1719 963 1811 997 va-

98 1040 327 1092 letudine
353 1042 609 1095 relabitur
643 1039 711 1095 ad
742 1039 1007 1095 levitatem
1042 1051 1093 1092 et
1124 1039 1368 1095 ditiorem
1400 1052 1688 1097 amatorem
1719 1040 1811 1092 ad·

98 1136 268 1186 mittit.
338 1131 579 1187 Tibullus
615 1151 724 1203 que
757 1145 872 1190 tum
907 1133 1090 1192 dolore
1131 1147 1402 1203 correptus
1438 1137 1610 1201 fuerit,
1650 1139 1813 1202 elegia

97 1228 323 1283 indicata
363 1228 572 1282 abunde
617 1229 798 1295 docet3
845 1230 1119 1298 hucusque
1161 1248 1216 1282 se
1262 1231 1477 1284 unicum
1524 1243 1842 1284 amatorem·

100 1323 388 1379 crediderat
419 1333 472 1376 et
500 1321 812 1389 imaginatus
835 1335 948 1381 erat
980 1341 1236 1375 summam
1267 1327 1576 1392 felicitatem,
1615 1329 1659 1379 si
1687 1340 1812 1380 rure

58 1402 65 1404 -
100 1436 276 1472 secum
318 1422 538 1474 haberet
588 1420 798 1475 Deliam
848 1430 1156 1488 perpetuam
1205 1423 1342 1474 vitae
1388 1425 1608 1488 sociam,
1669 1440 1810 1476 nunc

101 1527 366 1570 mutantur
408 1517 615 1579 omnia,
661 1533 773 1568 nec·
800 1516 1073 1570 miraberis
1115 1520 1526 1571 exsecrationem
1568 1523 1811 1587 gravissi-

100 1633 236 1667 mam
270 1617 422 1666 lenae
457 1613 816 1681 corruptricis,
870 1632 1005 1684 quae
1051 1626 1246 1667 tantam
1291 1618 1635 1670 calamitatem
1677 1632 1811 1671 attu-

98 1713 244 1762 lerat.
313 1709 570 1764 Notamus
603 1710 704 1764 hoc
731 1710 858 1766 -loco
899 1725 1019 1765 cum
1054 1711 1253 1764 Baebio
1295 1719 1346 1763 'et
1383 1711 1622 1780 Spohnio
1663 1733 1811 1766 erro-

98 1822 212 1856 rem
246 1806 438 1857 mirum
476 1804 678 1869 Vossiif,
720 1806 896 1862 lenam
929 1804 1084 1856 istam
1118 1807 1397 1872 pessimam
1434 1812 1664 1875 putantis
1700 1826 1811 1860 ma-

98 1912 234 1953 trem
267 1900 452 1952 Deliae
485 1901 662 1967 fuisse,
698 1901 845 1972 quod
883 1904 1039 1954 etiam
1074 1905 1324 1957 Passovio
1358 1906 1555 1972 placuit
1586 1907 1641 1956 in
1674 1907 1811 1957 Cen-

99 2015 222 2050 sura
258 2014 419 2064 supra
452 1996 680 2049 laudata.
705 2031 716 2040 -
764 1997 969 2065 Nempe
1007 2000 1222 2064 elegiam
1257 2010 1458 2051 sextam
1496 2011 1614 2052 ante
1655 2003 1811 2070 quin-

43 2124 47 2128 <
97 2105 203 2144 tam
238 2091 520 2146 credebant
560 2090 829 2161 scriptam,
870 2092 1015 2162 quod
1058 2108 1234 2160 secus3
1285 2097 1477 2162 scripta
1516 2107 1591 2146 est
1628 2097 1812 2164 quinta

63 2254 67 2257 ,
100 2201 220 2242 ante
254 2201 477 2254 sextam,
526 2199 586 2242 ut
624 2190 800 2244 statim
837 2187 1029 2253 dicam,
1076 2207 1172 2240 nec
1211 2191 1385 2258 potuit
1423 2202 1605 2257 postea
1652 2208 1811 2242 aurea

102 2303 231 2340 anus
274 2286 377 2338 dici
410 2296 462 2337 et
499 2286 731 2339 maxima
763 2284 920 2339 laude
965 2288 1186 2350 ornari,
1229 2304 1363 2356 quae
1400 2297 1518 2338 ante
1558 2285 1684 2338 diris
1722 2286 1810 2338 de·-

101 2393 225 2435 vota
260 2393 409 2433 esset.
478 2381 643 2447 Igitur
678 2363 780 2434 alia
813 2379 960 2432 haud
996 2379 1154 2433 dubie
1185 2382 1378 2433 mulier
1410 2382 1511 2433 fuit
1543 2383 1640 2432 ista
1675 2400 1810 2447 saga.

101 2479 245 2528 Inter
282 2474 555 2527 Tibullum
597 2492 726 2528 vero
774 2486 825 2527 et
866 2474 1076 2528 Deliam
1123 2472 1396 2531 discidium
1435 2487 1628 2528 ortum.
1714 2479 1811 2530 Vi-

102 2571 207 2637 des,
242 2584 302 2625 ut
335 2571 680 2636 narravimus,
715 2572 855 2625 clara
890 2568 1070 2624 omnia
1104 2581 1157 2623 et
1191 2570 1431 2623 ordinem
1470 2589 1650 2622 rerum
1686 2589 1811 2622 con-

100 2681 423 2733 sentaneum.
494 2667 671 2732 Quare
699 2686 877 2737 pergo.
946 2662 1074 2720 Non
1101 2667 1190 2720 diu
1219 2670 1396 2721 tulisse
1421 2669 1630 2729 videtur
1655 2679 1814 2738 poeta

102 2763 558 2834 discidiumquod
596 2765 737 2831 dixi,
781 2777 835 2819 et
867 2767 1042 2834 potuit
1079 2766 1186 2817 iam
1224 2784 1348 2820 vere
1385 2777 1473 2819 aut
1509 2768 1608 2818 sub
1645 2777 1812 2818 aesta-

103 2875 207 2917 tem
242 2865 368 2915 anni
409 2866 530 2916 725.
571 2865 730 2917 scribi
767 2865 894 2931 eleg.
917 2865 971 2927 Ἰ,
1012 2865 1076 2929 5.,
1116 2865 1208 2915 ubi
1242 2865 1300 2914 in
1337 2863 1556 2930 gratiam
1593 2880 1711 2914 cum
1752 2880 1814 2912 ea

103 2959 275 3012 redire
317 2959 476 3026 cupit.
560 2956 722 3022 Quod
760 2970 936 3012 tamen
981 2977 1090 3011 non
1136 2959 1308 3012 statim
1352 2961 1507 3027 plane
1553 2959 1813 3012 successit.

102 3057 206 3108 Iste
240 3052 454 3124 quidem
494 3053 639 3108 dives
680 3065 884 3109 amator
925 3065 1108 3123 postea
1150 3055 1300 3118 abiit,
1355 3053 1446 3106 sed
1490 3055 1595 3106 iam
1633 3052 1815 3105 aderat

106 3151 260 3214 alius,
294 3152 339 3203 si
378 3167 500 3204 vere
541 3148 674 3203 dixit
708 3151 767 3204 in
801 3150 904 3204 fine
941 3151 1211 3203 carminis:
1251 3147 1508 3218 quidquid
1544 3149 1668 3213 fuit,
1705 3149 1813 3199 De-

105 3247 175 3298 lia
209 3249 343 3299 circa
378 3249 479 3300 hoc
514 3257 721 3315 tempus
755 3248 994 3315 nupsisse
1027 3249 1144 3302 viro
1183 3250 1231 3301 ei
1265 3246 1486 3310 videtur,
1523 3249 1616 3316 qui
1651 3248 1707 3297 in
1736 3261 1813 3295 se-

109 3342 387 3406 quentibus
427 3343 740 3396 carminibus
776 3343 816 3407 1,
846 3347 898 3395 2.
935 3353 984 3394 et
1019 3344 1059 3399 Ι,
1096 3349 1144 3394 6.
1182 3354 1518 3395 memoratur.
1592 3338 1692 3392 Sed
1723 3339 1813 3388 Ti-

1240 3440 1272 3487 b
1296 3435 1319 3459 ᾖ
