2086 3756
236 256 305 288 Lx
919 236 1014 285 DE
1053 231 1254 286 POESI

235 378 370 430 vitae
404 377 460 428 in
499 378 726 430 carmine
765 375 830 428 ad
857 374 1214 439 Messalinum,
1252 382 1312 424 ut
1348 374 1494 423 nullo
1536 383 1766 440 tempore
1803 371 1940 424 vitae

221 473 460 538 ·coniugii
495 474 577 524 sui
613 473 923 532 felicitatem,
962 469 1006 520 si
1040 478 1260 518 amasset
1293 466 1570 532 Neaeram,
1607 467 1679 517 sic
1711 464 1943 533 potuerit

231 570 502 635 seiungere
552 587 580 619 a
629 566 768 619 ruris
817 565 944 618 otio.
1028 563 1312 617 Enimvero
1363 564 1564 615 clarum
1610 571 1686 613 est
1733 559 1942 629 Lygda-

230 681 375 714 mum
420 666 664 729 ignorare
714 680 873 725 rura,
921 660 1202 727 religiones
1253 669 1502 726 agrestes,
1560 656 1726 708 Lares
1776 656 1942 707 avitos

228 760 457 826 praedii,
511 764 609 809 nec
660 758 951 827 quidquam
1004 759 1187 809 talium
1237 774 1487 808 sensuum
1534 757 1592 807 in
1647 772 1710 806 eo
1762 753 1944 810 fuisse.

227 857 302 907 Ac
352 867 472 907 cum
520 855 762 906 Tibullus
812 853 1194 922 sixnplicitatem
1241 853 1378 904 vitae
1427 861 1700 917 tantopere
1750 847 1944 913 diligat,

227 962 390 1002 tentat
425 949 638 1020 quidem
676 951 830 1000 etiam
864 950 949 999 hic
987 950 1151 1000 simile
1190 946 1346 1016 quid,
1398 946 1664 997 affirmans
1707 961 1763 995 se
1810 940 1943 995 divi-

227 1047 323 1097 tias
362 1055 693 1096 contemnere
730 1062 858 1110 prae
897 1059 1074 1094 amore
1125 1053 1176 1094 et
1220 1043 1307 1094 vel
1352 1051 1718 1108 paupertatem
1753 1039 1940 1091 iucun-

229 1141 348 1192 dam
385 1144 500 1192 fore
538 1158 656 1191 cum
679 1139 903 1203 Neaera,
939 1139 1281 1190 nihilominus
1317 1148 1492 1189 tamen
1526 1138 1600 1189 ita
1637 1139 1737 1190 sibi
1771 1138 1942 1205 placet

226 1239 281 1288 in
333 1238 771 1303 descriptionibus
822 1235 1151 1300 opulentiae,
1199 1227 1482 1299 'honorum
1539 1244 1662 1300 post
1720 1243 1943 1285 mortem

226 1352 608 1402 supremorum,
653 1333 778 1383 libri
810 1331 1047 1383 Neaerae
1083 1331 1228 1382 missi
1264 1331 1451 1395 ornati,
1485 1332 1698 1382 habitus
1737 1331 1942 1398 Apolli-

225 1430 314 1481 nei
340 1428 566 1496 pulchri,
602 1438 663 1478 ut
701 1427 984 1493 elegantiae
1022 1435 1075 1476 et
1109 1426 1520 1493 magnificentiae
1546 1437 1735 1478 natura
1761 1444 1942 1478 aman-

225 1536 331 1576 tem
366 1524 519 1575 facile
556 1539 831 1589 agnoscaS,
867 1521 960 1590 qui
995 1531 1171 1572 tamen
1208 1520 1275 1572 ad
1310 1521 1512 1572 Tibulli
1546 1520 1854 1573 modestiam
1885 1538 1941 1573 se

227 1596 609 1687 composuerat.
678 1617 950 1667 Postremo
974 1625 1114 1667 recte
1140 1616 1398 1666 monitum
1425 1627 1502 1668 est
1526 1616 1770 1668 ardorem
1797 1635 1941 1670 amo-

224 1715 298 1766 ris
337 1716 396 1765 in
431 1712 703 1782 Lygdamo
750 1713 906 1776 longe
942 1709 1203 1760 minorem
1253 1728 1350 1760 nec
1392 1711 1748 1762 Tibullianam
1794 1711 1940 1764 illam

224 1812 332 1864 vim
370 1811 651 1860 affectuum
701 1809 787 1858 hic
837 1805 1177 1874 deprehendi.
1261 1805 1419 1857 Unde
1456 1808 1653 1858 factum
1689 1817 1750 1858 ut
1785 1809 1939 1861 etiam

223 1907 438 1974 querela
462 1902 719 1973 Lygdami
742 1899 990 1968 languida
1021 1901 1099 1966 sit,
1143 1919 1260 1951 cum
1292 1900 1431 1968 apud
1461 1903 1731 1955 Tibullum
1760 1904 1938 1956 omnia

224 2017 450 2053 nervosa
496 1998 692 2053 videas.
762 1999 905 2048 Haec
954 1999 1223 2049 hactenus.
1306 2000 1456 2051 Patet
1505 2015 1575 2050 ex
1623 2003 1937 2066 argumentis

224 2097 388 2148 allatis
422 2112 534 2147 non
569 2095 757 2145 haberi
793 2096 849 2145 in
886 2095 988 2144 hoc
1023 2095 1161 2144 libro
1202 2110 1406 2145 amores
1441 2093 1698 2164 quosdam
1721 2095 1938 2162 Tibulli,

225 2209 360 2260 quos
408 2201 566 2259 poeta
614 2192 713 2242 sub
763 2191 867 2242 alio
916 2191 1128 2242 nomine
1181 2191 1441 2242 cecinerit.
1524 2189 1668 2253 Quid
1715 2210 1846 2244 vero
1893 2195 1939 2245 si

223 2287 373 2337 amici
415 2284 686 2338 cuiusdam
722 2301 898 2335 amore
937 2293 1077 2336 casto
1115 2282 1479 2336 adumbrando
1516 2285 1761 2338 Tibullus
1795 2287 1935 2353 lusit,

222 2392 280 2432 ut
315 2392 438 2448 post
471 2382 731 2448 Vulpium
767 2381 1042 2432 Huschkio
1078 2378 1312 2448 placuit?
1385 2382 1498 2433 Iam
1533 2381 1757 2435 rusticae
1793 2384 1931 2437 vitae

220 2479 434 2528 omissas
472 2476 654 2527 laudes
690 2478 763 2527 ita
800 2475 1044 2543 expliceS,
1082 2486 1141 2527 ut
1177 2478 1407 2527 alienum
1439 2478 1505 2527 ab
1543 2493 1604 2526 ea
1632 2475 1773 2528 dicas
1803 2480 1933 2547 anii-

220 2591 340 2623 cum
376 2573 553 2635 fuisse,
589 2573 930 2656 similiterglue
969 2588 1105 2639 quae
1142 2571 1207 2622 de
1247 2572 1531 2637 elegantiae
1568 2571 1743 2624 studio
1780 2584 1933 2626 nota-

217 2667 385 2718 vimus
453 2668 670 2734 aliisque
726 2669 965 2718 sensibus
1029 2666 1278 2732 diversis,
1346 2667 1412 2727 ad
1473 2685 1535 2718 ea
1595 2668 1934 2736 respondean,

217 2761 473 2829 Lygdami
507 2755 777 2829 ingenium
811 2781 1091 2832 moresque
1130 2781 1424 2831 expressos,
1494 2765 1688 2817 Melius
1713 2766 1786 2817 ita
1810 2786 1932 2835 par-

215 2868 293 2909 tes
328 2867 441 2908 tuas
480 2876 597 2923 agas
635 2877 793 2928 quam
829 2859 1161 2923 Huschkius,
1213 2859 1306 2927 qui
1343 2859 1564 2910 nonnisi
1589 2860 1760 2912 futilia
1796 2872 1932 2914 attu-

216 2953 277 3002 lit
311 2951 378 3002 ad
407 2953 713 3018 opinionem
749 2973 898 3006 suam
933 2953 1299 3006 stabiliendam
1336 2966 1386 3005 et
1424 2973 1558 3023 quae
1594 2955 1809 3023 indigna
1842 2976 1929 3010 re-

217 3047 474 3098 futatione
512 3049 662 3099 seria.
736 3049 782 3099 T
786 3067 937 3099 amen
973 3049 1105 3099 nihil
1133 3048 1353 3114 efficias3
1388 3051 1596 3100 obstant
1622 3051 1723 3101 alia
1749 3055 1930 3106 multa.

216 3142 353 3194 Nam
394 3142 523 3211 quid
561 3155 636 3195 est
674 3145 818 3212 quod
855 3146 1079 3198 varietas
1118 3145 1428 3211 affectuum,
1465 3146 1572 3211 vis,
1620 3147 1771 3212 vigor
1807 3149 1927 3199 uni-

215 3254 396 3288 versae
435 3238 752 3290 tractationis
791 3250 896 3290 tam
935 3239 1194 3291 dissimilis
1219 3240 1549 3292 Tibullianae
1578 3241 1772 3292 rationi
1807 3261 1926 3294 ner-

218 3351 403 3399 vosae,
456 3346 506 3386 et
557 3346 731 3403 aperte
781 3337 956 3388 minor
1003 3354 1161 3405 quam
1210 3339 1267 3387 in
1318 3335 1543 3402 elegidiis
1582 3338 1755 3405 quarti
1787 3337 1925 3402 libri,

2063 848 2086 900 ‘³‘

2060 1348 2086 1665 i

2059 1672 2086 1766 xi-

2053 1769 2074 1875 A}
2084 1820 2086 1823 .

2052 1994 2071 2042 ’ἔ

2030 2601 2065 3217 ·.-÷⁴W2*·22w2u··2·‹-2w³
2043 2331 2067 2587 ‘m
2052 2287 2061 2300 s
2054 2131 2069 2260 ,η’-,ὣ
2052 2046 2074 2101 ,μ’
2055 1956 2068 1990 e.
2060 1910 2068 1917 .
2058 1844 2067 1854 χ
2061 1756 2073 1768 Δ

2031 3276 2046 3326 affl
