2086 3756
841 202 1147 255 TIBULLI.
1744 221 1849 255 mxv

142 349 363 399 marium
418 348 661 398 affectum
710 346 766 396 in
828 345 1055 397 carmine
1116 361 1377 397 summum
1440 351 1491 393 et
1552 353 1844 396 ceterorum

140 443 374 494 omnium
408 444 637 493 sontem:
685 438 774 491 sed
824 440 936 490 aliis
987 442 1044 490 in
1094 440 1268 504 elegiis
1312 438 1618 489 sententiam
1667 449 1843 488 tamen

138 557 395 590 summam
440 536 723 603 appellabis
759 538 978 600 rectius,
1026 536 1124 586 ubi
1170 535 1287 586 idea
1336 533 1592 602 quaedam
1638 534 1843 599 poetica

136 644 308 683 mente
354 633 636 681 informata
681 631 1024 697 proponitur,
1074 642 1134 681 ut
1185 633 1243 681 in
1291 630 1463 698 prima
1512 630 1675 695 elegia
1719 630 1844 680 libri

134 728 292 795 primi
346 726 562 778 felicitas
610 725 795 778 idealis
843 728 980 780 vitae
1036 727 1232 778 otiosae
1282 744 1409 779 rure
1462 738 1514 780 et
1558 728 1616 778 in
1664 745 1842 779 amore

136 821 393 888 agendae,
439 823 499 873 in
534 821 754 888 septima
787 821 956 886 gloria
989 821 1272 884 Messalae,
1328 822 1386 871 in
1421 823 1591 888 prima
1629 821 1844 874 secundi

133 934 339 968 sacrum
374 917 688 968 ambarvale.
757 915 976 966 Minime
1020 924 1197 964 tamen
1242 914 1481 965 existimO
1531 915 1664 964 nihil
1710 916 1842 968 vivi-

132 1011 341 1064 diorum
374 1029 622 1063 sensuum
667 1011 726 1061 in
769 1010 863 1061 tali
905 1011 1070 1076 elegia
1109 1028 1250 1076 esse,
1305 1029 1428 1062 nam
1473 1012 1584 1063 sine
1621 1011 1733 1075 his,
1784 1022 1842 1062 ut

134 1107 262 1172 dixi,
296 1111 444 1160 nulla
478 1108 629 1160 facile
663 1110 826 1174 elegia
861 1108 940 1171 sit,
977 1106 1069 1159 sed
1102 1125 1170 1157 ex
1206 1109 1452 1161 universa
1486 1110 1691 1160 ratione
1731 1126 1843 1158 car-

131 1206 289 1256 minis
322 1206 394 1256 sic
429 1216 490 1256 ut
511 1203 745 1258 indicavi
764 1206 971 1272 appello
999 1204 1324 1255 sententiam.
1396 1203 1570 1272 Atque
1598 1205 1672 1255 ita
1699 1202 1843 1272 quod

133 1301 417 1366 generatim
451 1301 629 1351 thema
660 1300 903 1350 carminis
942 1314 1094 1362 voc0,
1131 1298 1342 1364 speciali
1376 1299 1590 1349 nomine
1626 1315 1725 1365 pro
1756 1315 1843 1347 ra-

133 1395 276 1446 tione
313 1395 606 1460 argumenti
639 1412 782 1444 nunc
817 1394 1073 1445 sententia
1106 1411 1246 1444 nunc
1274 1395 1491 1444 affectus
1529 1412 1560 1443 a
1593 1411 1680 1443 me
1715 1392 1844 1443 dici-

131 1499 236 1542 tur.
307 1491 557 1542 Similiter
589 1492 648 1542 in
684 1492 798 1542 aliis
833 1491 1113 1556 generibus
1150 1507 1370 1557 poeseos
1405 1507 1490 1540 res
1527 1491 1715 1541 habet:
1754 1501 1843 1541 aut

132 1604 291 1638 sensu
338 1597 388 1638 et
437 1589 628 1639 affectu
665 1586 895 1656 quodam
933 1588 1267 1655 praevalente
1305 1586 1606 1637 continetur
1640 1602 1844 1635 summa

132 1685 402 1751 poematis,
439 1694 530 1735 aut
563 1683 683 1736 idea
718 1683 945 1752 quadam
979 1686 1066 1737 vel
1104 1684 1362 1736 sententia
1397 1683 1583 1748 ideali3
1622 1701 1680 1734 ac
1717 1684 1844 1733 Pin-

134 1780 248 1833 dari
279 1781 511 1848 epiniciis
540 1782 750 1849 hymnis
786 1783 1066 1850 sententias
1090 1782 1283 1833 ideales
1322 1781 1524 1834 ostendi
1555 1783 1842 1832 subiectas:

133 1894 252 1927 cum
288 1879 427 1927 enim
460 1879 518 1928 in
552 1878 709 1930 laude
749 1879 1009 1932 victorum
1047 1882 1146 1931 ista
1180 1880 1354 1947 poesis
1399 1889 1666 1943 versetur,
1717 1896 1843 1945 pro-

130 1972 349 2038 ponitur
381 1990 523 2024 nunc
555 1975 762 2026 virtutis
788 1993 930 2025 nunc
961 1974 1219 2025 felicitatis
1256 1975 1428 2024 forma
1460 1972 1643 2023 idealis
1681 1990 1844 2040 quae·

134 2063 277 2131 dam,
312 2084 409 2134 nec
444 2069 616 2134 potuit
652 2069 824 2119 facere
867 2071 1015 2120 aliter
1051 2070 1271 2120 sublime
1307 2069 1578 2133 ingenium
1613 2065 1848 2119 Pindari.

131 2162 317 2228 Neque
354 2180 482 2214 vero
522 2180 655 2231 opus
694 2174 771 2215 est
805 2174 864 2215 ut
899 2164 1155 2231 simplicia
1192 2175 1244 2214 et
1277 2161 1552 2215 individua
1589 2163 1693 2213 sint
1726 2163 1844 2212 thc-

64 2259 68 2262 ’
133 2266 272 2307 mata
306 2267 639 2323 poematum:
689 2276 812 2309 nam
853 2258 994 2324 apud
1030 2258 1303 2308 Tibullum
1338 2257 1552 2326 quidem
1587 2257 1644 2307 in
1675 2256 1846 2324 prima

134 2357 296 2422 elegia
330 2358 456 2408 libri
500 2359 660 2425 primi
706 2352 1053 2426 oppositione
1074 2356 1201 2408 belli
1237 2367 1288 2407 et
1321 2357 1506 2408 inertis
1541 2358 1678 2409 vitae
1718 2374 1844 2407 con-

132 2464 234 2505 stat
278 2470 481 2505 summa
528 2457 813 2520 sententia,
863 2453 1305 2523 quemadmodum
1351 2454 1410 2504 in
1457 2452 1684 2518 decima3
1741 2454 1844 2504 alio

131 2546 291 2599 modo
326 2546 387 2597 in
429 2549 556 2614 eleg.
591 2550 658 2613 II,
700 2551 751 2599 5.
800 2558 1058 2599 concentu
1096 2547 1320 2598 duarum
1354 2565 1536 2599 rerum
1574 2549 1847 2615 componi-

131 2653 219 2695 tur
253 2654 642 2710 argumentum,
682 2655 743 2696 ut
775 2646 1041 2713 plerisque
1077 2645 1132 2696 in
1171 2643 1420 2712 Epiniciis
1458 2641 1676 2694 Pindari
1711 2642 1844 2694 duo-

130 2758 252 2792 rum
299 2743 661 2794 membrorum
711 2742 1019 2809 harmonica
1066 2739 1446 2808 compositione
1496 2739 1721 2790 conflata
1771 2750 1848 2790 est

130 2851 335 2887 summa
363 2837 635 2887 sententia.
704 2835 789 2887 Ad
825 2835 967 2888 aliud
997 2853 1181 2904 perg0.
1254 2833 1490 2898 Quaeras
1523 2835 1664 2887 enim
1692 2836 1848 2886 etiam

130 2927 290 2995 illud,
326 2930 604 2982 consilium
643 2931 886 2983 carminis
924 2934 1079 3000 quale
1116 2931 1311 2995 dicam,
1350 2930 1625 2982 differatne
1664 2950 1695 2982 a
1730 2932 1844 2981 the-

134 3035 272 3077 mate
309 3044 380 3077 an
416 3027 483 3078 sit
516 3025 674 3078 idem.
746 3027 950 3095 Nempe
989 3028 1265 3079 consilium
1303 3037 1407 3089 est,
1446 3026 1530 3076 cui
1566 3025 1646 3076 rei
1687 3024 1845 3076 desti-

135 3130 317 3172 natum
351 3121 580 3190 aliquid,
631 3133 683 3174 et
719 3126 953 3175 cernitur
986 3125 1044 3175 in
1081 3140 1174 3188 e0,
1223 3122 1352 3191 quid
1390 3122 1594 3173 efficere
1632 3131 1683 3172 et
1720 3139 1847 3174 con-

136 3218 286 3283 sequi
322 3219 450 3270 vclis
486 3221 701 3287 singulis
738 3223 899 3273 rebus
937 3233 988 3273 et
1024 3230 1153 3272 toto·
1225 3220 1300 3268 Ac
1350 3216 1580 3284 primum
1631 3215 1839 3284 quidem

137 3312 366 3376 singulae
403 3330 486 3365 res
521 3315 578 3364 in
622 3320 850 3368 carmine
890 3334 1070 3369 omnes
1107 3333 1228 3366 eum
1268 3314 1439 3376 finem,
1478 3313 1529 3362 id
1568 3310 1842 3362 consilium

1343 3426 1369 3455 (Ξ
