2158 3750
340 302 444 347 228
748 284 1216 342 COMMENTAR.
1254 284 1328 333 IN
1366 283 1653 334 TIBULLI

340 445 436 496 nio,
483 440 663 496 primum
695 447 819 478 suum
851 436 950 489 post
980 431 1152 487 nuptias
1182 429 1368 471 natalem
1400 428 1616 482 celebrat,
1659 428 1858 473 Tibullus
1887 435 2046 485 autem,

340 526 414 581 qui
444 520 556 565 haud
588 519 716 560 dubie
751 516 901 559 aderat
931 515 1070 566 festo,
1105 512 1251 561 attulit
1281 511 1421 553 amico
1458 509 1567 553 hanc
1599 511 1809 565 elegiam,
1839 513 2047 566 quemad-

340 607 512 651 modum
544 604 629 646 alio
660 607 855 657 tempore
888 598 1106 641 Messalae
1138 595 1347 638 solemnia
1387 595 1583 637 natalitia
1614 596 1783 637 cecinit.
1844 594 1927 638 Est
1956 599 2050 640 ele-

338 703 446 746 gans
478 700 652 731 carmen
682 685 764 728 etsi
795 684 951 736 breve,
998 685 1043 724 et
1074 680 1216 723 discas
1262 678 1330 721 bic
1360 678 1477 733 quod
1508 682 1687 732 quartus
1717 679 1827 721 liber
1857 680 2049 734 pluribus

338 778 383 816 te
426 770 635 826 exemplis
676 767 877 819 docebit,
923 765 1054 808 etiam
1093 777 1119 806 a
1161 761 1398 805 minoribus
1442 761 1704 804 carminibus
1748 761 1850 804 boni
1893 766 2050 817 poetae

339 867 423 898 non
463 854 617 896 abesse
651 849 984 894 concinnitatem
1014 845 1351 903 compositionis.
1412 845 1633 888 Dividitur
1666 844 1883 899 elegidi‘on
1915 845 2051 889 tribus

339 938 549 996 partibus.
608 935 802 979 Primum
833 933 946 975 enim
974 932 1124 975 indicit
1169 935 1298 988 poeta
1330 943 1453 972 sacra
1485 935 1530 972 et
1569 929 1752 971 advocat
1792 928 1920 971 deum
1950 928 2051 972 festi

342 1024 556 1075 Genium,
603 1019 719 1075 quod
763 1018 1065 1062 exordium
1108 1020 1197 1068 est,
1244 1014 1497 1058 secundo
1544 1014 1675 1056 loco
1718 1017 1822 1055 vota
1856 1011 2052 1055 Cerinthi

340 1109 515 1159 tractat,
547 1116 657 1159 quae
683 1115 763 1158 pro
788 1101 875 1143 fido
900 1111 1047 1141 amore
1077 1096 1273 1149 coniugis
1297 1109 1392 1137 esse
1422 1108 1507 1137 non
1536 1095 1719 1148 dubitat,
1750 1099 1967 1150 postremo
1996 1107 2053 1136 ex

345 1189 488 1232 omine
518 1185 663 1228 fausto
705 1187 798 1225 rata
828 1181 923 1223 fieri
954 1183 1055 1222 vota
1096 1179 1264 1220 nuntiat
1297 1182 1340 1219 et
1375 1177 1468 1232 ipse
1510 1178 1638 1220 etiam
1670 1177 1775 1220 felix
1807 1178 2053 1233 coniugium

343 1273 598 1329 prolemque
639 1270 841 1323 precatur
872 1263 1035 1320 amico,
1079 1261 1153 1316 qui
1188 1260 1384 1302 exitus
1429 1263 1496 1301 est
1538 1259 1750 1302 carminis.
1811 1259 1945 1304 Vides
1984 1261 2053 1302 in-
2143 1326 2147 1331 .

343 1353 532 1396 dictione
564 1350 701 1402 sacri,
744 1347 883 1399 votis,
927 1348 1084 1388 eventu
1114 1346 1315 1385 votorum
1345 1341 1542 1384 nuntiato
1576 1340 1755 1398 pulchre
1788 1341 1850 1385 ita
1889 1341 2054 1386 absolvi
2151 1349 2156 1356 ’

346 1447 519 1478 cursum
552 1430 774 1482 carminis,
807 1434 855 1471 ut
887 1425 991 1470 nihil
1022 1424 1123 1469 addi
1154 1425 1294 1481 possit
1325 1424 1440 1480 quod
1473 1423 1596 1469 desit.

973 1852 1423 1907 EXPLICATIO.

467 2092 522 2136 V.
556 2094 670 2134 1-8.
732 2089 1062 2134 Exordium.
1123 2082 1412 2133 indicitur
1455 2101 1696 2132 sacrum.

467 2174 522 2216 V.
556 2177 578 2214 1
616 2186 680 2226 sq.
718 2173 1008 2216 .Dicamus
1065 2172 1208 2215 bona
1251 2154 1449 2216 rerba.
1511 2172 1633 2215 Male
1675 2173 1945 2215 GRoNovms
1998 2172 2052 2215 ad

349 2256 442 2297 Liv.
479 2255 730 2306 XXXVIlI,
763 2257 835 2298 43.
880 2255 1020 2296 iunxit
1058 2260 1106 2296 ut
1149 2255 1407 2297 Munn'rns:
1453 2255 1644 2298 dicamus
1677 2255 1789 2313 hona
1828 2257 1961 2300 verba
2001 2257 2057 2300 ad

346 2350 470 2389 aras,
518 2335 632 2390 quod
666 2337 793 2377 etiam
835 2337 1056 2379 HEYNms
1088 2341 1263 2378 secutus
1296 2341 1388 2389 est3
1431 2336 1510 2379 sed
1539 2316 1752 2382 solemnes
1783 2337 1862 2381 hae
1891 2339 2057 2382 sormu-

346 2421 440 2462 lae:
486 2419 649 2478 favere
680 2418 872 2476 linguis,
920 2418 1033 2461 bona
1066 2419 1200 2462 verba
1234 2420 1401 2467 dicere,
1448 2425 1625 2464 notante
1657 2422 1786 2464 etiam
1816 2421 2058 2465 Huscnxio
2130 2423 2137 2430 ”

348 2504 546 2546 absolute
572 2508 615 2545 et
638 2503 731 2545 sine
756 2503 831 2544 tali
858 2502 1150 2546 additamento
1180 2508 1452 2559 usurpantur.
1513 2503 1743 2548 Editiones
1765 2503 1860 2549 fere
1882 2515 2056 2548 omnes:
2130 2483 2133 2485 .

345 2599 371 2629 v
389 2587 511 2628 enit
543 2585 772 2627 Natalis
804 2585 867 2627 ad
901 2598 1050 2638 araS,
1079 2585 1194 2640 quod
1220 2586 1439 2628 revocavit
1462 2585 1783 2629 LACRMANNUS
1812 2573 2060 2643 postulante
2117 2575 2130 2596 ⁴'

349 2669 478 2711 etiam
514 2669 677 2711 Vossm
711 2672 754 2710 et
787 2668 1045 2709 Huscmuo.
1111 2668 1173 2708 Ac
1205 2671 1427 2721 comparat
1470 2668 1830 2709 Buoncxmrsws
1860 2667 1971 2710 infra
2001 2667 2059 2721 II,
2126 2722 2127 2727 Ἰ

348 2754 392 2804 5,
425 2754 467 2792 6.
510 2755 554 2792 et
596 2751 734 2793 Ovm.
769 2751 949 2793 Heroid.
982 2750 1104 2803 XXI,
1138 2754 1239 2792 157.
1317 2751 1387 2792 Tu
1420 2750 1518 2793 vide
1548 2752 1734 2792 maxime
1765 2750 1876 2792 infra
1906 2751 1983 2804 lv,
2015 2755 2059 2805 5,
2097 2804 2105 2811 „

348 2835 422 2876 11.
469 2833 543 2875 ubi
586 2832 657 2875 die
699 2834 829 2874 natali
871 2830 1062 2873 Cerinthi
1105 2831 1302 2886 Sulpicia
1348 2833 1519 2874 Genio:
1565 2832 1736 2888 Quodsi
1771 2830 1903 2889 forte
1946 2831 2060 2874 alios
2116 2831 2129 2858 V

347 2914 440 2956 iam
471 2930 590 2957 nunc
622 2915 826 2971 suspirat
858 2930 1026 2956 amores
1058 2915 1362 2971 (Cerinthus),
1405 2923 1458 2956 tu
1486 2930 1644 2972 precor
1670 2915 1859 2971 infidos,
1892 2924 2085 2964 sanctes*

348 2997 550 3056 relinque
588 2997 736 3055 focos.
815 2997 994 3039 Putabis
1040 3003 1185 3041 autem
1235 3013 1349 3041 nunc
1404 3014 1534 3040 aram
1588 3001 1811 3056 cespitiam
1859 3001 1902 3044 in
1950 2989 2060 3044 atrio
2123 2998 2135 3054 j,

346 3079 519 3125 factam.
582 3081 778 3122 Ovmms
811 3080 944 3124 Trist.
982 3081 1036 3134 V,
1067 3084 1110 3134 5,
1143 3085 1186 3123 9.
1230 3095 1354 3124 sacra
1386 3082 1581 3123 natalitia
1614 3082 1815 3125 dominae
1845 3096 1950 3126 suae
1981 3083 2060 3126 de-
2129 3062 2158 3142 ''5⁹-

345 3163 563 3216 scribens,
606 3161 820 3219 Araque,
863 3163 948 3216 ait,
986 3163 1215 3221 gramineo
1246 3163 1402 3205 viridis
1435 3163 1487 3204 de
1517 3164 1681 3219 cespite
1703 3164 1828 3220 fiat,
1869 3173 1915 3207 et
1946 3165 2062 3209 veIet
2115 3153 2126 3173 ⁹

345 3243 515 3299 tepidos
547 3258 661 3284 nexa
693 3258 854 3285 corona
877 3243 1025 3301 focos.
1056 3245 1279 3288 IUVENAL.
1312 3245 1412 3298 XII,
1447 3249 1497 3288 1:
1543 3245 1722 3290 Natali,
1758 3246 1955 3300 Cot-vine,
1989 3247 2058 3288 die

344 3325 455 3368 mihi
487 3326 660 3369 dulcior
691 3327 800 3368 haec
830 3327 937 3375 lux,
982 3344 1072 3386 qua
1099 3329 1261 3387 festus
1288 3328 1514 3385 promissa
1548 3328 1634 3369 diis
1666 3328 1884 3370 animalia
1915 3309 2059 3386 cespes
2138 3331 2150 3339 ”

342 3415 590 3465 exspectat.
654 3409 809 3453 Collat.
843 3410 1258 3456 Ml'rscnnnmcfflo
1291 3412 1344 3455 ad
1377 3411 1530 3454 Horat.
1564 3410 1640 3463 lv,
1673 3413 1745 3464 11,
1771 3415 1812 3454 6.
1834 3433 1883 3443 --
1920 3412 2094 3474 Ροῐςρχτ
