2158 3750
718 261 897 312 LIBR.
938 262 979 312 Ι.
1050 261 1252 314 ELEG.
1293 262 1363 313 V.
1803 263 1904 311 121

206 416 308 447 vera
337 408 417 448 est.
478 403 650 449 Etenim
682 407 761 450 toti
792 407 901 462 parti
931 404 1203 449 antecedenti
1232 403 1383 448 subest
1410 403 1600 460 querela,
1630 399 1746 457 quod
1774 399 1907 444 dese-

204 487 340 529 ruerit
368 487 507 543 ipsum
539 488 676 531 Delia.
746 489 904 531 Vidisti
949 490 1251 531 lamentantem
1292 486 1408 542 quod
1438 491 1541 531 vota
1569 483 1820 529 suavissima
1851 479 1908 526 de

204 569 292 610 vita
349 570 511 613 rustica
552 583 650 615 cum
693 584 745 615 ea
786 572 1061 625 transigenda
1103 584 1214 615 nunc
1255 576 1407 615 ventus
1437 571 1595 623 iactet,
1635 566 1910 621 ostenditque

203 651 322 693 nulla
362 652 404 694 vi
446 651 673 697 delebilem
717 665 813 696 esse
856 653 1051 696 dolorem
1090 655 1282 698 iacturae
1320 653 1668 708 desideriumque
1720 651 1907 708 puellae.

205 738 349 791 Atque
380 736 461 780 hoc
506 738 582 780 tali
614 749 742 780 sensu
774 738 926 792 plenus
955 738 1102 791 quidni
1134 743 1253 782 recte
1283 742 1462 795 pergat:
1505 738 1599 780 Hic
1623 736 1739 793 fons
1767 734 1912 778 malo-

206 835 306 861 rum
335 819 456 866 mihi,
486 820 608 878 quod
635 819 757 861 dives
787 827 964 867 amator
992 821 1033 862 ei
1063 820 1195 864 adest
1215 828 1263 864 et
1299 821 1404 864 lena
1426 821 1656 880 pessima!
1678 848 1682 852 ‹
1716 821 1912 877 Abrupta

205 903 312 947 haec
341 904 466 947 nobis
496 906 634 960 primo
662 901 872 959 adspectu
902 903 1038 950 videri
1079 909 1290 962 possunt,
1335 905 1374 947 si
1413 918 1500 948 non
1534 903 1795 948 attendimus
1835 915 1913 946 ac-

204 987 417 1040 curatius;
462 998 548 1030 uon
591 991 793 1043 poterant
834 993 1018 1044 poetae,
1061 992 1156 1033 toto
1203 989 1347 1032 auimo
1387 989 1597 1032 iacturam
1637 1000 1759 1031 suam
1790 987 1913 1042 cogi-

204 1071 327 1114 tanti.
386 1071 487 1125 Hic,
518 1084 604 1126 qua
633 1077 727 1115 erat
757 1072 899 1116 vivida
927 1071 1172 1130 phantasia,
1206 1073 1380 1130 saepius
1409 1086 1436 1116 a
1461 1085 1627 1115 summa
1653 1070 1912 1114 anteceden-

202 1154 310 1196 tium
340 1155 628 1210 proficiscitur
667 1155 722 1200 ad
759 1170 916 1202 novam
947 1171 1091 1203 rerum
1129 1163 1320 1216 partem,
1351 1156 1712 1213 quemadmodum
1744 1167 1859 1198 nunc
1889 1167 1914 1196 a

203 1240 466 1294 cogitatione
504 1242 632 1295 mali,
678 1241 793 1297 quod
838 1243 1026 1299 patitur,
1089 1243 1234 1300 pergit
1273 1256 1373 1288 cum
1401 1244 1563 1287 affectu
1591 1242 1646 1286 ad
1688 1254 1841 1285 causas
1870 1244 1916 1283 et

203 1327 405 1366 auctores
445 1324 539 1366 eius
578 1324 910 1380 aggrediendos.
986 1325 1087 1369 Dixi
1145 1325 1201 1370 de
1235 1324 1318 1370 hoc
1359 1339 1520 1382 genere
1557 1325 1760 1368 transitus
1799 1321 1916 1379 apud

203 1407 424 1451 Tibullum
453 1408 497 1451 in
535 1409 620 1452 fine
669 1409 997 1454 Dissertationis
1034 1409 1092 1454 de
1119 1409 1380 1454 Elocutione
1419 1415 1591 1467 poetae.
1660 1410 1770 1452 Post
1809 1405 1916 1450 haec

205 1503 290 1533 non
322 1491 425 1544 erit,
455 1504 611 1547 spero,
642 1491 716 1546 qui
747 1497 999 1549 corruptum
1031 1491 1189 1537 habeat
1218 1492 1330 1537 hunc
1361 1494 1504 1536 locum
1535 1497 1611 1536 aut
1641 1493 1907 1537 lacunosum.

205 1576 272 1618 Ac
311 1576 488 1631 pluralis
535 1574 674 1620 haec
714 1577 907 1634 positus,
954 1589 1052 1621 cum
1084 1578 1198 1621 duae
1229 1592 1299 1622 res
1343 1584 1580 1635 sequantur
1609 1591 1721 1634 quae
1751 1589 1916 1622 nocue-

205 1661 315 1714 rint,
358 1666 408 1703 ut
436 1660 603 1703 monuit
630 1660 716 1703 iam
746 1660 1181 1715 messnmcmus,
1227 1662 1468 1716 asyndeton
1510 1675 1614 1705 vero
1657 1661 1829 1704 adest
1856 1681 1918 1694 -

206 1743 365 1786 venit
406 1757 490 1786 non
531 1743 636 1787 ferri
675 1730 840 1788 tantum
881 1749 1050 1802 potest,
1096 1746 1173 1789 sed
1205 1747 1367 1802 optime
1399 1745 1528 1790 habet
1565 1746 1609 1788 in
1652 1745 1734 1789 hoc
1766 1746 1915 1800 vigore

209 1831 254 1870 et
283 1827 444 1870 affectu
472 1828 693 1873 orationis.
752 1828 929 1872 Dictum
959 1833 1104 1871 autem
1146 1829 1318 1871 Venit
1360 1830 1416 1872 in
1459 1829 1698 1872 exitium
1738 1839 1913 1870 meum

209 1922 274 1965 pr.
294 1911 411 1953 venit
440 1909 493 1952 ad
526 1910 883 1966 corrumpendam
907 1911 1090 1954 Deliam.
1107 1934 1167 1943 —-
1197 1912 1250 1955 V.
1278 1914 1335 1954 49
1353 1925 1447 1965 sqq.
1479 1910 1686 1954 Succedit
1709 1922 1913 1952 exsecra-

208 1995 270 2038 tio
301 1995 424 2038 lenae
453 1995 720 2051 gravissima,
751 1994 875 2038 cuius
899 2007 1044 2038 veram
1082 1996 1291 2038 rationem
1322 2008 1408 2038 non
1439 1996 1624 2038 assecuti
1655 2001 1754 2038 sunt
1782 1994 1917 2037 inter-

208 2081 368 2134 pretes.
439 2077 571 2124 Quod
614 2079 728 2121 enim
758 2078 988 2134 aliquoties
1017 2092 1148 2136 supra
1189 2080 1360 2133 monui,
1404 2079 1636 2122 tenendum
1677 2079 1806 2122 etiam
1849 2076 1918 2121 hic

209 2165 302 2214 est,
363 2173 544 2216 poenam
585 2161 1219 2226 ingeniose'accommodatam
1250 2162 1417 2206 crimiui
1448 2176 1557 2206 esse.
1634 2162 1743 2206 Erat
1773 2166 1920 2206 autem

209 2257 345 2299 rapax
376 2245 475 2286 lena
505 2243 569 2298 (v.
597 2243 710 2299 59),
744 2257 879 2298 quare
911 2250 956 2287 et
986 2244 1094 2286 alias
1122 2257 1256 2301 saepe
1287 2224 1488 2288 mercede
1522 2244 1735 2288 conducta
1763 2258 1917 2288 corru-

212 2333 336 2386 perat
377 2326 543 2384 puellas
585 2333 630 2370 et
673 2342 811 2387 nuper
840 2328 1024 2371 Deliam.
1099 2327 1220 2373 Pro·
1232 2341 1318 2382 qua
1361 2328 1548 2383 pessima
1589 2326 1767 2370 avaritia
1812 2325 1917 2381 quid

213 2414 459 2457 merebatur
484 2413 615 2467 aliud,
662 2425 791 2468 quam
824 2418 873 2455 ut
904 2413 1028 2468 inops
1061 2418 1106 2456 et
1136 2425 1274 2468 egena
1302 2414 1347 2455 in
1379 2418 1599 2469 posterum
1630 2411 1743 2455 fame
1775 2415 1821 2455 et
1849 2411 1921 2455 siti

214 2500 536 2543 excruciaretur
568 2498 850 2543 saevissima?
910 2499 1037 2542 Nunc
1078 2499 1176 2541 vide
1223 2503 1410 2555 poetam.
1445 2522 1504 2530 —-
1547 2499 1917 2554 Sanguineas

214 2583 347 2627 edat
376 2583 478 2626 illa
509 2584 713 2640 dapes,
744 2583 783 2626 h.
817 2597 856 2628 e.
885 2585 1025 2639 rapiat
1056 2587 1100 2625 et
1130 2582 1308 2626 devoret
1338 2583 1494 2626 crudas
1525 2595 1699 2635 carnes,
1730 2584 1767 2625 si
1797 2582 1918 2625 inve-

212 2666 349 2718 nerit,
390 2666 446 2708 ad
477 2666 713 2709 satiandam
745 2665 924 2720 samem,
966 2671 1140 2723 atque
1182 2680 1280 2710 ore
1311 2671 1555 2710 cruento
1587 2679 1642 2709 ex
1672 2666 1805 2709 cruda
1837 2666 1920 2708 ista

213 2761 368 2802 carne,
415 2728 530 2803 quod
574 2762 731 2805 magna
774 2762 873 2793 cum
917 2750 959 2793 vi
1002 2751 1240 2807 repetitur,
1286 2751 1494 2807 pocula
1541 2763 1695 2805 aquae-
1722 2749 1919 2792 tristia

214 2833 373 2876 bibat
420 2846 539 2876 cum
587 2836 766 2878 multo
813 2834 962 2878 felle
1008 2835 1064 2878 ad
1106 2836 1222 2878 sitim
1265 2834 1522 2891 explendam
1565 2846 1648 2876 non
1698 2833 1919 2876 minorem.

216 2917 295 2961 Fel
326 2922 393 2960 est
423 2918 674 2962 amarissimi
705 2924 887 2974 gustus,
931 2924 1062 2976 atque
1091 2925 1142 2963 ut
1171 2921 1280 2963 alias
1323 2925 1491 2963 acetum
1534 2932 1631 2963 cum
1662 2931 1774 2974 aqua
1808 2919 1920 2960 mix-

216 3006 307 3043 tum
338 3000 434 3042 sitis
465 2999 608 3043 ardori
637 3001 955 3057 exstinguendo
989 3003 1189 3057 inservit,
1236 3003 1298 3048 sic
1328 3005 1425 3047 lena
1458 3003 1540 3057 fel,
1588 3003 1660 3046 ubi
1692 3003 1918 3057 invenerit,

216 3084 461 3128 animalium
504 3090 788 3130 mactatorum
829 3085 999 3130 hauriat
1038 3101 1176 3143 aquae
1230 3088 1429 3132 infusum.
1494 3087 1624 3134 Quod
1665 3086 1785 3130 vides
1826 3086 1920 3142 ipse

217 3181 345 3224 quam
377 3169 611 3212 sarcastice
642 3167 804 3213 dictum
836 3171 905 3214 sit.
967 3170 1170 3214 Ceterum
1203 3171 1359 3214 tristia
1390 3176 1490 3214 sunt
1520 3183 1689 3224 amara,
1738 3175 1787 3212 ut
1817 3169 1922 3212 satis

219 3256 399 3294 constat.
462 3254 693 3297 Postremo
728 3254 866 3297 notari
911 3259 1054 3310 potest
1097 3257 1226 3300 etiam
1262 3258 1574 3300 Pnopsm-ium
1606 3254 1684 3308 lv,
1715 3258 1758 3308 5,
1788 3257 1831 3296 2.
1879 3258 1923 3296 et

220 3334 426 3376 Ovnmm
461 3337 632 3378 Amorr.
661 3336 697 3389 Ι,
733 3341 776 3389 8,
809 3337 879 3380 tin.
911 3337 1025 3381 sitim
1049 3338 1428 3394 imprecarilenis,
1461 3338 1514 3380 de
1547 3338 1704 3393 quibus
1735 3336 1919 3389 loquun-

222 3420 303 3467 tur,
336 3415 505 3460 vinosis.
540 3440 596 3448 —-
645 3418 854 3473 V.51sq.
890 3418 1045 3463 Hanc
1079 3421 1318 3464 volitent
1349 3421 1568 3465 animae
1600 3419 1808 3463 circum
1833 3431 1924 3471 sqq.
