2086 3756
826 219 1131 274 T1BULL1·.
1735 241 1823 275 cnc

118 370 178 412 ut
212 358 401 412 deinde
437 358 506 415 ad
539 361 723 415 ultima
756 364 938 419 venire
968 365 1144 429 liceat,
1178 379 1313 433 quae
1339 372 1555 417 restant.
1622 365 1824 431 Recen-

115 473 204 509 sus
255 458 542 510 carminum
583 460 760 510 factus
813 462 1123 515 monstravit
1173 460 1455 526 legitimam
1508 470 1822 522 structuram

113 553 305 619 elegiae
335 555 385 604 T
384 553 695 616 ibullianae,
745 571 881 621 quae
920 564 1032 606 tota
1068 555 1255 606 nititur
1293 553 1622 608 distinctione
1642 557 1823 610 atrium

110 650 476 716 principalium
521 650 751 717 partium
795 665 884 715 ea,
938 663 1098 718 quam
1139 651 1292 704 initio
1333 652 1532 719 posui.-
1585 649 1823 705 Exordio

108 740 287 806 prodit
341 744 518 793 thema
570 743 774 810 ipsum,
847 742 1080 794 medium
1139 761 1347 796 carmen
1400 746 1822 815 explicationem,

106 836 507 890 illustrationem
553 839 800 891 thematis
842 840 1004 891 habet
1054 837 1155 908 (die
1199 838 1593 910 Entwickelung)‚
1651 843 1823 895 exitus

108 932 399 984 contractis·
425 932 555 1003 velis
603 934 834 1002 quietem
882 934 1085 992 affert‚.
1115 950 1176 984 ac
1208 932 1448 987 divisum
1498 946 1704 1004 semper
1747 937 1824 990 ita

108 1023 284 1078 vidisti
318 1038 708 1095 argumentum,
743 1038 806 1080 ut
839 1028 975 1080 huic.
989 1027 1193 1080 rationi
1218 1028 1456 1095 {partium
1473 1029 1824 1098 respondeat.

106 1122 368 1175 Tractatio
410 1133 598 1175 :autem
619 1123 942 1188 argumenti
979 1123 1064 1178 ..sic
1122 1121 1276 1176 divisi
1305 1121 1564 1191 duplicis.
1596 1128 1820 1179 omnino

103 1219 309 1284 generis
345 1228 500 1282 erat,.
531 1216 792 1286 siquidem
828 1218 916 1270 vel
951 1233 1101 1269 suam
1136 1218 1238 1268 sibi
1271 1218 1543 1286 propriam
1580 1235 1821 1290 quaeque

105 1333 229 1381 pars
264 1316 503 1367 formam'
524 1315 777 1374 habebat,
809 1316 897 1368 vel
923 1313 1128 1366 redibat
1159 1316 1331 1366 forma
1361 1318 1681 1370 tractationis
1709 1327 1822 1370 tota

106 1423 197 1464 aut
243 1430 312 1464 ex
360 1421 539 1480 parte3
583 1412 816 1464 alteram
867 1416 1194 1474 oar-iatzbnem,
1248 1412 1465 1463 alteram
1511 1419 1823 1481 respefflzbnem

91 1506 370 1573 jbrmarum
412 1506 549 1557 dico.
642 1505 816 1573 Atque
859 1503 928 1557 de
976 1504 1065 1559 his
1108 1506 1268 1557 rebus
1319 1506 1446 1573 iam¹
1472 1507 1608 1558 nihil
1651 1507 1819 1577 add03

105 1601 316 1652 abunde
356 1601 640 1668 explicatae
671 1609 820 1650 sunt.

208 1696 315 1749 Sed
350 1706 563 1764 praeter
600 1698 737 1747 hanc
779 1697 1078 1762 vulgarem,
1123 1693 1396 1760 usitatam,
1439 1695 1719 1763 legitimam
1758 1697 1818 1750 in

102 1793 186 1844 his
236 1792 385 1844 libris
433 1791 743 1846 divisionem
795 1801 846 1842 et
894 1801 1212 1844 structuram
1262 1791 1578 1857 argumenti·
1600 1792 1819 1845 minime

101 1887 309 1939 mireris
341 1889 399 1938 in
435 1870 582 1938 tanta
618 1885 915 1939 diversitate
955 1899 1163 1950 renum,
1187 1919 1189 1922 <
1211 1885 1259 1937 si
1292 1884 1461 1939 dicam
1501 1888 1657 1943 etiam
1695 1891 1822 1940 alicu

102 1985 343 2052 quasdam
373 1981 561 2047 fhrmas
595 1981 788 2047 elegiae
825 1980 952 2046 fingi
989 1997 1144 2048 posse
1179 1982 1329 2032 ah'ter‘
1350 1983 1493 2034 diviso
1524 1994 1820 2047 argumento.

100 2081 308 2133 Harum
341 2082 544 2148 aliquot
577 2077 721 2146 apud
753 2077 1084 2146 Lygdamum
1116 2088 1265 2144 sunt,
1299 2079 1654 2151 pulcherrima
1686 2098 1818 2134 vero

103 2176 245 2244 apud
281 2177 457 2245 ipsum
491 2176 765 2228 Tibullum
807 2183 1005 2238 exstat,
1056 2191 1215 2243 quam
1256 2174 1488 2241 primum
1527 2175 1823 2243 explicabo..

14 2266 18 2268 ’
102 2272 309 2323 Etenim
328 2273 403 2324 ‚in
435 2271 732 2325 minoribus
763 2270 964 2337 elegiis,
1003 2271 1098 2333 ubi
1126 2268 1300 2331 media
1336 2287 1460 2337 pars
1495 2271 1665 2337 priori
1694 2273 1817 2323 lonq-

100 2364 335 2432 gitudine
376 2364 588 2425 similis,
647 2363 765 2422 fieri
809 2373 1012 2431 potest,
1069 2362 1115 2415 si
1163 2374 1529 2429 argumentum
1578 2366 1653 2416 ita
1699 2367 1820 2430 fert,

102 2473 163 2514 ut
210 2459 279 2513 ad
333 2457 729 2514 similitudinem
784 2457 1148 2525 amisttopla'cae
1201 2462 1549 2526 compositibnis·
1588 2458 1817 2511 secunda

100 2577 223 2628 pars
258 2567 559 2625 opponatur
592 2555 824 2622 primae,
875 2552 1087 2605 claudat.
1115 2571 1245 2606 vero
1280 2564 1450 2611 totum
1489 2556 1660 2613 exitus
1698 2565 1816 2607 tan-

101 2670 260 2724 quam
295 2650 511 2719 epodus.
579 2649 804 2718 -Inssquo
843 2665 914 2699 ne
949 2664 1227 2715 perperam
1261 2650 1427 2702 verba
1459 2666 1580 2700 mea
1601 2650 1817 2727 fintelli-

97 2765 216 2816 gas,
259 2764 369 2799 non
407 2744 471 2796 de
507 2744 729 2812 paritate
766 2741 994 2812 quadam
1039 2743 1255 2794 metrica
1304 2741 1527 2798 duarum
1573 2747 1815 2813 priorum

99 2845 330 2914 partium
376 2843 570 2909 agitur,
618 2857 743 2896 nam
759 2880 763 2916 3.
788 2840 969 2897 similis
1011 2840 1287 2907 longitudo
1335 2842 1554 2909 sufficit,
1609 2843 1703 2897 sed
1749 2844 1812 2897 de

100 2938 356 2994 divisione
413 2954 595 2990 rerum
649 2937 1039 3005 antistrophicis
1098 2938 1565 3005 compositionibus
1625 2940 1814 2993 simili:

99 3032 420 3102 respondent
443 3032 544 3083 sibi
570 3033 752 3089 ambae
783 3041 956 3098 partes
978 3032 1240 3083 :concinna
1267 3032 1493 3101 quadam
1523 3038 1815 3101 argumenti

100 3129 458 3197 dispositione.
523 3126 814 3189 Videamus
842 3131 1098 3196 exempla.
1171 3128 1386 3181 Summa
1417 3130 1622 3197 elegidii
1651 3132 1743 3196 IV,
1765 3136 1814 3182 3.

101 3235 339 3277 versatur
371 3226 427 3276 in
458 3223 717 3277 desiderio
745 3228 979 3283 solticito
1001 3225 1289 3294 Sulpiciae,
1332 3228 1619 3280 absentiam
1658 3228 1815 3279 amati

104 3320 339 3371 Cerinthi
373 3335 478 3370 non
517 3320 756 3385 serentis,
794 3321 887 3389 qui
920 3330 1166 3374 venatum
1201 3321 1413 3378 abierat.
1491 3323 1599 3373 Iam
1628 3321 1807 3388 prima
