2158 3750
328 218 409 276 38
836 217 1143 274 'l'lBULLI
1202 213 1341 275 LlB.
1379 217 1419 275 I.
1455 232 1524 276 10.

392 372 539 431 Pace
582 370 788 430 bidens
826 390 1132 450 vomerque
1173 371 1394 451 vigent,
1453 387 1510 431 at
1551 372 1732 432 tristia
1777 373 1909 432 duri

323 492 384 534 50
486 477 684 537 Militis
729 477 791 536 in
835 475 1084 536 tenebris
1129 494 1374 562 occupat
1419 503 1578 539 arma
1618 480 1790 554 sitm,

390 585 660 646 Rusticus
706 607 735 645 e
776 582 1241 667 lucoque‘vehit‚
1297 586 1442 646 male
1487 586 1714 647 sobrius
1758 587 1910 670 ipse,

470 695 720 752 Uxorem
763 691 1022 775 plaustro
1071 694 1523 777 progeniemque
1563 695 1814 755 domum.

388 798 505 859 Sed
548 799 787 859 Veneris
826 814 962 861 tunc
1005 800 1156 861 bella
1203 801 1403 876 calent,
1447 802 1768 886 scissosque
1802 802 2035 885 capillos

449 907 689 968 Femina
731 909 1046 991 perfractas
1094 911 1575 994 conqueriturque
1612 910 1798 970 fores:

324 1012 522 1075 55Flet
560 1030 782 1076 teneras
822 1016 1060 1077 subtusa
1106 1041 1312 1098 gena8‚
1370 1018 1472 1078 sed
1516 1019 1695 1078 victor
1736 1033 1788 1078 et
1830 1018 1951 1101 ipse

475 1122 601 1183 Flet
639 1123 749 1183 sibi
789 1123 1079 1183 dementes
1121 1139 1235 1184 tam
1282 1125 1523 1185 valuisse
1567 1150 1787 1186 manus.

390 1231 467 1290 At
501 1229 744 1290 lascivus
789 1229 971 1290 Amor
1014 1230 1168 1291 rixae
1213 1231 1362 1291 mala
1406 1233 1579 1293 verba
1623 1234 1937 1307 ministrat,

480 1339 637 1398 Inter
680 1352 734 1397 et
772 1337 980 1398 iratum
1019 1337 1204 1399 lentus
1243 1353 1548 1423 utrumque
1592 1340 1764 1403 sedet.

394 1444 487 1504 Ah
532 1444 677 1527 lapis
722 1459 805 1506 est
847 1446 1195 1529 ferrumque,
1237 1470 1397 1506 suam
1429 1447 1755 1531 quicunque
1791 1446 2036 1531 puellam

330 1564 390 1608 60
489 1552 793 1614 Verberat:
851 1576 880 1612 e
926 1552 1080 1613 caelo
1125 1553 1334 1637 deripit
1376 1553 1468 1614 ille
1508 1555 1660 1615 deos.

398 1661 486 1721 Sit
528 1662 664 1721 satis
705 1684 734 1721 e
778 1660 1049 1721 membris
1092 1676 1318 1721 tenuem
1363 1662 1727 1745 perscindere
1773 1678 2010 1737 vestem,

480 1769 568 1829 Sit
612 1769 748 1829 satis
796 1783 1030 1829 ornatus
1073 1769 1402 1830 dissoluisse
1444 1794 1669 1848 comae,

401 1878 488 1939 Sit
530 1877 792 1940 lacrimas
836 1877 1079 1939 movisse
1124 1878 1290 1940 satis:
1357 1894 1557 1963 quater
1599 1879 1693 1940 ille
1735 1880 1936 1941 beatus

485 1985 620 2066 Quo
664 2001 857 2046 tenera
901 1987 1046 2046 irato
1090 1985 1224 2047 flere
1269 1987 1458 2070 puella
1503 2002 1703 2071 potest.

284 2158 287 2160 ,
331 2104 390 2151 65
404 2093 520 2154 Sed
547 2093 812 2154 manibus
842 2093 939 2176 qui
973 2117 1171 2154 saevus
1203 2095 1323 2168 erit,
1361 2111 1697 2180 scutumque
1726 2095 2040 2180 sudemque

488 2203 544 2262 Is
590 2216 748 2282 gerat
790 2216 843 2262 et
886 2201 1009 2262 miti
1053 2202 1126 2262 sit
1167 2203 1369 2285 procul
1415 2229 1447 2264 a
1483 2207 1718 2266 Venere.

397 2309 473 2368 At
510 2308 712 2383 nobiS‚
765 2309 885 2369 Pax
930 2307 1107 2384 alma,
1162 2311 1288 2370 veni
1330 2311 1661 2395 spicamque
1703 2324 1921 2385 teneto,

483 2415 734 2478 Perfluat
779 2431 832 2478 et
867 2418 1053 2500 pomis
1096 2418 1378 2480 candidus
1418 2434 1546 2480 ante
1591 2420 1766 2480 sinus,

452 2614 506 2657 V.
529 2616 603 2656 61.
643 2614 1025 2670 perscindere
1067 2614 1188 2669 libri,
1237 2614 1353 2670 quod
1390 2615 1623 2659 violentiae
1664 2617 1836 2660 maioris
1875 2618 2041 2672 signifi-

333 2694 548 2738 cationem
590 2694 734 2740 hahet.
795 2695 958 2739 Lenius
998 2695 1269 2751 rescindere,
1311 2697 1444 2751 vulgo
1482 2697 1537 2741 de
1571 2697 1819 2741 coniectura
1852 2699 2041 2743 Hsmsu

336 2775 510 2819 lectum.

455 2873 508 2915 V.
530 2875 605 2916 68.
647 2872 921 2917 Perfluat
960 2877 1091 2917 recte.
1155 2874 1238 2917 Alii
1276 2875 1503 2931 profluat,
1549 2876 1664 2930 quod
1702 2878 1891 2922 Vossws
1931 2880 2041 2923 male

335 2955 500 3011 recepit
533 2960 578 2999 et
612 2956 827 3000 Bicmus.
