2086 3756
826 235 895 284 Tl
902 231 1133 286 BULLI.
1795 252 1842 282 LI

132 387 251 426 neat
292 393 402 426 cras
441 375 554 426 sore
588 373 792 425 melius.
862 374 1106 426 Profecto
1153 371 1443 424 insanabile
1482 373 1675 424 vulnus
1712 391 1839 441 pro·

129 471 205 523 dit
253 474 484 538 singulus
539 471 761 539 quisque
809 487 991 523 versus
1041 472 1097 522 in
1149 470 1231 522 his
1272 469 1476 521 duabus
1529 471 1730 536 elegiiS,
1781 491 1839 523 ac

125 581 267 638 patet
291 570 583 637 periturum
607 567 708 616 hoc
733 567 888 629 ma10,
925 568 1019 636 qui
1045 568 1118 618 sic
1147 568 1370 618 laboret.
1441 564 1598 629 Quod
1624 568 1836 619 factum.

124 665 344 715 Minime
382 671 661 712 contemno
703 660 891 725 elegias
927 671 1033 711 tres
1072 661 1129 710 in
1164 661 1446 726 Nemesim,
1481 662 1642 714 immo
1681 661 1836 715 docui

120 759 376 826 poeticam
417 755 849 823 compositionem
898 771 1079 804 earum
1125 755 1182 804 in
1226 755 1712 808 Introductionibus
1750 776 1837 809 ac·

119 854 347 906 curatius
391 870 548 922 quam
586 852 689 916 alii,
726 861 780 902 at
817 868 1021 902 summa
1055 851 1220 903 virtus
1250 851 1579 931 Tibullianae
1614 869 1834 918 poeseos

116 954 170 1002 in
222 951 395 1015 elegiis
446 948 512 999 ad
552 949 760 999 Deliam
804 948 1022 1016 aliisque
1066 946 1381 997 luculentius
1430 946 1761 1012 conspicitur.
1785 943 1832 1014 *)

253 1048 537 1113 Postquam
585 1045 879 1111 singulatim
931 1042 1158 1095 diximus
1211 1042 1275 1094 de
1326 1061 1427 1095 usu
1463 1043 1663 1094 Tibulli
1710 1061 1830 1094 cum

117 1141 270 1191 Delia
307 1151 358 1190 et
397 1139 624 1203 Nemesi,
661 1157 802 1191 nunc
835 1137 902 1190 ad
937 1139 1263 1206 generaliora
1298 1140 1570 1192 veniamus
1608 1149 1659 1190 et
1696 1158 1830 1208 quae

115 1238 172 1286 in
206 1238 510 1287 universum
545 1234 1040 1288 monenda.restant
1077 1235 1141 1288 de
1178 1238 1382 1288 ratione
1413 1237 1606 1289 amoris
1643 1238 1830 1288 Tibul-

115 1332 243 1382 liani
289 1341 341 1381 et
383 1330 447 1381 de
489 1333 796 1385 tractatione
839 1333 1151 1385 eroticarum
1191 1350 1372 1385 rerum
1418 1334 1475 1384 in
1523 1334 1622 1384 hac
1662 1335 1827 1402 poesi,

114 1445 510 1498 persequamur.

257 1523 713 1588 Quemadmodum
762 1542 891 1576 rura
938 1524 1164 1578 vidimus
1210 1533 1430 1591 propter
1477 1525 1828 1591 tranquillita-

114 1633 218 1672 tem
255 1622 393 1674 vitae
442 1639 678 1672 securam
730 1631 782 1672 et
831 1622 1174 1688 simplicitatis
1223 1622 1422 1689 priscae
1459 1632 1717 1672 retentam
1757 1623 1826 1672 si-

112 1716 454 1767 militudinem
497 1715 706 1783 ¹placere
759 1715 1000 1779 Tibullo,
1049 1717 1122 1766 sic
1172 1733 1322 1766 amor
1363 1715 1412 1766 ei
1452 1732 1656 1766 summa
1697 1717 1823 1765 har-

111 1813 289 1863 monia
330 1813 490 1865 animi
527 1813 850 1880 omninoque
879 1811 1015 1862 vitae
1051 1809 1355 1873 videbatur,
1394 1810 1494 1860 sibi
1528 1811 1643 1877 ipsa
1680 1811 1826 1860 suffi-

113 1912 253 1962 ciens
290 1928 460 1979 neque
498 1926 652 1976 egens
691 1908 884 1961 divitiis
934 1917 1025 1958 aut
1074 1906 1368 1957 honoribus
1405 1905 1471 1955 ad
1507 1906 1826 1956 felicitatem.

112 2008 353 2059 Profecto
391 2007 536 2057 cuius
575 2005 750 2056 animo
798 2002 994 2054 rustica
1038 2002 1148 2053 vita
1197 2011 1306 2051 tam
1343 2018 1462 2051 cara
1502 2010 1638 2064 erat,
1687 2001 1731 2050 is
1767 2001 1825 2049 in

43 2129 46 2132 >
112 2103 405 2169 puellarum
430 2095 550 2154 :usu
604 2119 714 2152 non
755 2100 926 2168 potuit
970 2099 1236 2150 lasciviam
1275 2109 1324 2149 et
1361 2100 1697 2164 voluptatum
1733 2116 1827 2149 va-

62 2259 66 2261 ,
113 2200 348 2248 rietatem
394 2214 492 2264 pro
542 2213 747 2248 summo
783 2197 928 2247 bono
965 2196 1191 2259 habere,
1237 2194 1331 2246 sed
1368 2211 1576 2244 necesse
1616 2204 1692 2244 est
1725 2195 1827 2246 alia

114 2294 271 2346 fuerit
306 2311 429 2346 vera
465 2292 669 2345 indoles
704 2293 897 2344 amoris
937 2291 1252 2354 Tibulliani,
1288 2291 1409 2340 licet
1445 2292 1509 2340 ab
1549 2306 1610 2338 ea
1641 2298 1826 2354 postea

114 2393 170 2441 in
210 2391 446 2442 Nemesis
484 2390 712 2441 maxime
762 2387 1138 2441 consuetudine
1186 2403 1298 2438 non
1339 2404 1432 2437 sua
1481 2386 1636 2451 culpa
1687 2403 1824 2436 non-

117 2487 248 2538 nihil
287 2486 574 2537 recesserit.
661 2486 736 2537 Ac
784 2487 941 2537 Musa
981 2486 1124 2537 Albii
1170 2483 1361 2552 pudica
1404 2495 1507 2536 est:
1558 2481 1824 2534 dominam

151 2744 164 2758 ⁸
234 2765 278 2820 ⁸)
309 2765 506 2824 Scriptas
535 2762 668 2809 credo
700 2763 864 2818 elegias
895 2762 1082 2814 tertiam,
1123 2766 1335 2815 quartam,
1365 2761 1534 2801 sextam
1570 2769 1625 2800 eo
1657 2757 1823 2804 ordine,

116 2855 202 2897 quo
235 2842 449 2896 leguntur.
522 2838 572 2881 ln
604 2839 755 2891 tertia,
816 2841 865 2879 ut
909 2834 1025 2878 aliud
1068 2847 1199 2890 supra
1243 2832 1371 2875 dictis
1414 2831 1594 2884 addam,
1642 2831 1685 2872 in
1731 2831 1824 2874 bel—

115 2917 202 2959 lum
241 2916 305 2958 ire
344 2927 430 2957 non
472 2918 647 2957 recusat
687 2910 742 2955 ad
783 2910 1042 2967 explendam
1086 2908 1286 2952 Nemesis
1335 2906 1558 2949 avaritIam
1590 2905 1708 2952 „iam
1749 2920 1825 2947 ve-

115 2990 245 3032 uiant
281 2987 504 3046 praedae,
552 2986 595 3030 ai
643 2987 798 3029 ‘Venus
845 2991 978 3040 optat
1027 2991 1173 3040 opes.“
1245 2981 1294 3025 In
1342 2986 1494 3036 quarta
1541 2992 1645 3023 vero
1698 2980 1825 3031 longe

116 3064 383 3121 desperatius
425 3062 576 3107 scribit
612 3061 818 3118 abreptus
857 3059 1086 3115 impotenti
1123 3059 1307 3102 affectu:
1350 3056 1419 3099 At
1457 3054 1564 3096 milli
1605 3069 1684 3110 per
1728 3067 1826 3093 cae-

117 3139 212 3181 dem
250 3148 295 3180 et
319 3137 513 3197 facinus
543 3143 652 3178 sunt
684 3135 800 3178 dona
829 3132 1039 3191 paranda
1075 3154 1127 3164 —
1162 3132 1264 3174 Aut
1296 3131 1470 3187 rupium
1502 3142 1717 3182 suspensa
1751 3143 1826 3166 sa-

118 3212 203 3255 cris
232 3211 429 3271 insignia
451 3209 586 3268 sanis
618 3215 728 3263 etc„
775 3213 821 3252 et
859 3212 1078 3264 postremo
1118 3206 1254 3249 avitas
1294 3204 1421 3248 sedes
1453 3216 1551 3246 suas
1584 3201 1735 3250 offert,
1780 3205 1826 3240 ut

119 3285 221 3330 dixi.
282 3287 486 3329 Ultimam
519 3297 622 3327 vero
653 3288 818 3326 sextam
850 3282 973 3334 dim,
1010 3293 1095 3335 qua
1125 3278 1229 3323 nihil
1261 3278 1459 3322 flebilius.
1521 3277 1681 3320 Parum
1716 3285 1825 3314 nunc

121 3359 243 3402 abest
276 3362 378 3415 quin
407 3359 462 3404 de
491 3358 678 3403 finienda
706 3357 794 3401 vita
825 3355 1004 3411 cogitet.

1234 3433 1321 3484 (12
