2086 3756
832 222 1136 277 TIBULLI.
1737 244 1833 276 xxi

271 366 332 415 In
358 363 587 419 secundo
621 367 758 419 libro
796 367 951 420 aliam
988 377 1211 420 amatam
1237 367 1434 419 Tibulli
1471 368 1828 434 cognoscimus

126 458 406 526 Nemesim,
437 471 647 530 praeter
686 480 846 531 quam
881 482 1000 516 cum
1032 465 1282 537 Horatius
1324 461 1408 515 od.
1439 463 1478 529 Ι,
1507 468 1591 514 33.
1664 465 1830 532 Glyce-

126 572 233 618 ram
260 566 526 622 memoret,
561 557 790 624 primum
817 555 883 608 de
908 558 1006 608 hac
1032 537 1317 611 videamus.
1388 557 1531 608 Dicit
1552 557 1828 610 Horatius:

552 653 691 718 Albi,
725 669 796 703 ne
829 651 1005 705 doleas
1040 655 1160 722 plus
1199 654 1379 720 nimio,
1412 671 1614 706 memor

554 752 787 802 Immitis⁴
809 751 1080 820 Glycerae,
1110 768 1216 802 neu
1251 744 1570 804 miserabiles

551 845 813 899 Decantes
850 847 1037 914 elegos,
1070 865 1165 900 cur
1201 849 1298 900 tibi
1331 850 1514 901 iunior-

838 939 1007 994 Laesa
1038 943 1328 1010 praeniteat
1350 941 1483 994 'fide-

214 1068 227 1080 ·
265 1034 311 1086 F
314 1036 447 1087 uisse
491 1035 767 1105 Glyceram
808 1037 1028 1091 eandem
1072 1056 1193 1091 eum
1229 1039 1386 1091 Delia
1424 1048 1474 1090 et
1509 1037 1828 1091 'miserabiles

125 1131 295 1197 elegos
331 1132 525 1184 librum
558 1135 772 1186 tertium
808 1132 1078 1202 Spohnius
1119 1134 1386 1186 uberrime
1419 1132 1830 1185 demonstratum

121 1223 242 1288 ivit,
289 1225 383 1276 sed
431 1227 646 1281 frustra,
723 1227 850 1280 Non
891 1228 1104 1280 immitis
1153 1238 1264 1281 erat
1309 1228 1466 1280 Delia
1508 1245 1681 1296 neque
1729 1228 1831 1278 hoc

122 1334 319 1370 nomen
366 1321 476 1373 ullo
526 1321 686 1376 modo
733 1324 791 1374 in
841 1342 954 1376 eam
1003 1323 1251 1394 quadrat,
1309 1342 1402 1376 nec
1457 1322 1603 1393 quod
1653 1324 1832 1374 iunior

122 1419 412 1483 praeniteat
459 1421 699 1487 queritur
745 1421 803 1471 in
854 1421 1170 1475 carminibus
1226 1419 1292 1471 ad
1332 1420 1542 1471 Deliam
1576 1419 1832 1481 Tibullus,

122 1511 214 1563 sed
260 1511 404 1581 quod
450 1512 624 1568 ditior.
720 1514 885 1567 Liber
929 1515 1128 1568 tertius
1159 1530 1286 1568 vero
1342 1514 1624 1566 certissime
1672 1512 1831 1564 alium

121 1619 385 1663 auctorem
410 1611 601 1664 hahet.
686 1608 862 1674 Quare
913 1612 1069 1684 etiam
1113 1611 1433 1664 miserabiles
1479 1612 1606 1662 istos
1659 1611 1831 1676 elegos

121 1706 195 1757 sic
238 1707 323 1758 hic
367 1724 479 1760 non
525 1707 774 1776 reperias.
857 1709 1069 1761 Monuit
1116 1710 1246 1759 haec
1290 1709 1400 1759 *iam
1445 1706 1723 1758 Passovius
1773 1706 1830 1754 in

121 1804 368 1856 Seebodii
405 1806 614 1859 Horreo
649 1806 835 1874 philol.
873 1817 923 1858 et
962 1804 1178 1874 paedag.
1233 1823 1362 1858 ann..
1403 1809 1559 1856 1825.
1606 1805 1730 1853 fasc.
1767 1803 1831 1867 ΙΙ,

118 1918 172 1966 p.
210 1903 311 1950 189
349 1917 464 1970 sqq.
510 1903 605 1953 ubi
649 1913 832 1955 contra
879 1921 996 1956 eam
1043 1903 1353 1955 sententiam
1402 1897 1704 1952 omnimodo
1741 1899 1831 1950 fir-

119 2015 264 2049 mare
305 1997 500 2065 studet,
549 2017 684 2069 quae
740 2001 866 2053 olim
914 1999 1175 2075 §caligem
1223 2001 1519 2067 placuerat,
1564 1995 1832 2047 Nemesim

42 2120 46 2123 ι
118 2092 278 2148 fuisse
317 2091 610 2160 Glyceram.
680 2095 854 2164 Atque
893 2095 995 2146 hoc
1032 2111 1227 2146 nomen
1266 2110 1453 2146 verum
1487 2091 1646 2143 fuisse
1681 2092 1830 2158 puel-

62 2250 66 2253 ¹
117 2188 216 2251 lae,
250 2187 485 2244 alterum.
505 2188 686 2241 fictum
721 2199 775 2240 et
801 2191 1081 2257 poeticum.
1155 2187 1262 2241 Sed
1295 2188 1510 2239 minime
1545 2188 1675 2238 mihi
1710 2191 1829 2254 per-

119 2282 281 2332 suasit
313 2284 589 2336 Passovius
623 2285 764 2336 hanc
798 2288 1132 2352 sententiam3
1168 2287 1299 2338 ferri
1334 2286 1491 2337 etiam
1529 2287 1658 2336 haec
1695 2287 1829 2335 ratio

121 2378 321 2444 nequit.
391 2377 631 2430 Primum
666 2380 808 2430 enim
841 2378 988 2448 quod
1024 2379 1143 2432 data
1178 2391 1340 2449 opera
1377 2381 1617 2448 exponit,
1651 2380 1830 2431 fictum

120 2483 170 2524 et
202 2476 465 2540 poeticum
499 2472 694 2526 nonien
729 2475 954 2527 eundem
989 2495 1293 2542 numerum,
1334 2495 1495 2547 quam
1534 2493 1740 2540 verum,
1779 2485 1830 2525 et

118 2570 458 2636 quantitatem
495 2567 715 2620 eandem
754 2571 1077 2638 syllabarum
1111 2572 1329 2636 habere,
1374 2581 1436 2622 ut
1471 2575 1693 2623 alterum
1727 2587 1828 2637 pro

120 2665 286 2715 altero
319 2665 464 2717 salvo
503 2675 673 2717 metro
710 2665 954 2716 substitui
990 2667 1182 2734 possit,
1221 2684 1348 2719 vera
1380 2683 1466 2717 res
1501 2684 1598 2733 per
1633 2684 1715 2731 se,
1752 2666 1830 2716 cf.

119 2762 273 2814 etiam
291 2762 658 2814 Weichertum
695 2764 753 2814 in
787 2762 995 2832 Reliqq.
1022 2774 1222 2831 poetar.
1250 2763 1484 2814 Latinor.
1509 2765 1683 2830 p.412
1701 2779 1830 2831 sqq„

118 2856 209 2909 sed
256 2859 387 2909 scire
438 2860 594 2926 cupio
647 2859 935 2929 quomodo>
964 2861 1021 2911 in
1071 2861 1153 2913 his
1201 2843 1525 2912 carminibus
1562 2861 1626 2925 II,
1663 2863 1711 2925 4,
1745 2863 1831 2911 59.

117 2954 212 3006 nbi
245 2954 597 3008 nominativus
634 2956 889 3021 habetur,
926 2955 1092 3023 possit
1133 2950 1338 3025 Glycer&
1375 2973 1483 3006 mea
1520 2971 1619 3022 pro
1658 2956 1831 3007 Neme-

117 3054 189 3101 εἰς
235 3069 344 3102 mea
394 3068 492 3119 per
542 3059 768 3102 metrum
813 3050 1101 3102 substitui„
1166 3048 1272 3103 Sed
1320 3052 1421 3102 hoc
1468 3059 1829 3115 argumentum

117 3144 230 3212 ipse
268 3155 509 3197 evertam.
594 3145 798 3213 Nempe
841 3145 985 3215 quod
1022 3162 1132 3196 non
1167 3148 1367 3199 notavit
1402 3146 1706 3208 Passovius,
1747 3161 1830 3194 re-

119 3242 239 3305 gula
278 3240 377 3292 ista
414 3242 485 3293 sic
528 3253 668 3296 certa
704 3253 806 3307 est,
844 3254 903 3295 ut
940 3245 1032 3313 qui
1067 3244 1242 3297 fictum
1277 3260 1470 3296 nomen
1507 3241 1741 3309 posuerit
1776 3242 1828 3288 in
1902 3228 1904 3230 ’

124 3336 436 3388 carminibus
479 3340 599 3402 suis,
636 3343 737 3394 tale
769 3339 1058 3394 censendus
1100 3343 1164 3395 sit
1192 3343 1401 3407 elegisse
1447 3338 1585 3407 quod
1624 3335 1830 3404 quanti-
