2086 3756
193 234 226 283 2
706 225 1012 283 TIBULLI
1075 223 1216 281 LIB.
1255 223 1296 280 I.
1332 235 1372 281 1.

264 383 333 441 Et
365 380 746 463 quodcunque
782 377 922 436 mihi
965 399 1199 459 pomum
1237 397 1417 434 novus
1457 374 1659 436 educat
1689 399 1892 448 annu8‚

340 489 601 548 Libatum
650 483 929 564 agricolae
973 484 1207 567 ponitur
1252 498 1379 543 ante
1426 482 1611 542 deum.

196 595 433 656 15Flava
481 595 680 666 CereS‚
739 592 841 652 tibi
885 592 959 651 sit
999 606 1195 651 nostro
1242 591 1312 650 de
1357 614 1487 650 rure
1533 613 1744 650 corona

340 702 575 783 Spicea,
636 724 782 783 quae
827 699 1020 783 templi
1064 700 1311 782 pendeat
1354 713 1481 759 ante
1525 699 1708 758 fores:

262 808 636 891 Pomosisque
684 808 859 867 ruber
903 823 1091 867 custos
1136 821 1385 889 ponatur
1428 806 1489 865 in
1532 805 1746 878 hortiS‚

342 917 578 976 Terreat
621 930 681 975 ut
725 938 889 975 saeva
932 914 1073 974 falce
1118 915 1362 997 Priapus
1407 936 1550 973 aves.

260 1025 375 1083 Vos
416 1046 674 1105 quoque,
714 1022 894 1082 felicis
936 1023 1227 1105 quondam
1266 1046 1420 1081 nunc
1458 1020 1727 1104 pauperis
1769 1021 1892 1100 agri

189 1147 251 1190 20
350 1131 656 1202 Custodes,
714 1130 872 1188 fertis
917 1153 1155 1188 munera
1197 1144 1411 1201 vestra,
1468 1131 1658 1188 Lares,

258 1239 423 1296 Tunc
462 1236 635 1296 vitula
678 1236 1009 1295 innumeros
1053 1234 1332 1295 lustrabat
1375 1257 1540 1295 caesa
1581 1234 1878 1295 iuvencos:

339 1346 507 1404 Nune
551 1367 699 1424 agna
741 1342 927 1424 exigui
973 1357 1056 1403 est
1098 1342 1284 1403 hostia
1327 1365 1504 1426 parva
1546 1341 1668 1402 soli.

255 1451 425 1532 Agna
469 1451 632 1512 cadet
666 1450 860 1526 vobiS,
923 1475 1093 1536 quam
1139 1451 1352 1512 circum
1396 1449 1608 1511 rustica
1647 1449 1830 1533 pubes

345 1559 560 1619 Clamet
600 1559 684 1619 ‘io
722 1583 932 1620 messes
972 1575 1026 1620 et
1066 1559 1222 1619 bona
1258 1559 1389 1619 vina
1432 1559 1592 1618 date.'

189 1669 382 1728 25Ian1
425 1668 599 1727 modo
643 1691 762 1727 non
805 1691 1042 1750 possum
1081 1681 1379 1728 contentus
1421 1666 1604 1728 vivere
1647 1690 1824 1751 parvo

340 1776 456 1835 Nec
498 1797 723 1857 semper
765 1772 971 1855 longae
1010 1774 1236 1834 deditus
1283 1797 1403 1833 esse
1438 1774 1590 1846 viae,

260 1882 376 1941 Sed
423 1881 592 1941 Canis
638 1881 878 1942 aestivos
921 1896 1078 1942 ortus
1121 1882 1296 1942 vitare
1334 1882 1442 1942 sub
1480 1881 1687 1941 umbra

348 1989 590 2050 Arboris
636 1990 711 2050 ad
754 1993 906 2050 rivos
951 1990 1362 2073 praetereuntis
1400 2013 1596 2074 aquae.

257 2100 374 2159 Nec
419 2114 607 2159 tamen
655 2097 944 2158 interdum
988 2098 1201 2182 pudeat
1238 2098 1486 2158 tenuisse
1524 2097 1815 2158 bidentem

188 2223 249 2267 30
344 2207 462 2266 Aut
505 2206 732 2267 stimulo
776 2206 971 2267 tardos
1015 2206 1365 2289 increpuisse
1407 2206 1614 2280 boveS,

308 2459 362 2502 V.
386 2459 457 2500 14.
501 2457 802 2513 agricolae
831 2481 891 2489 —
921 2457 1088 2502 deum
1130 2458 1242 2503 libri.
1302 2458 1488 2503 Videtur
1529 2458 1608 2502 cleo
1646 2458 1892 2514 legendum.

309 2558 364 2600 V.
387 2560 459 2600 22.
503 2571 676 2614 parva
720 2558 817 2600 libri
857 2559 1034 2613 optimi,
1087 2559 1202 2613 quod
1247 2559 1418 2603 bonum.
1454 2583 1512 2592 -
1589 2561 1642 2605 V.
1661 2563 1735 2602 25.
1775 2561 1893 2603 Iam

188 2637 351 2679 modo
391 2651 497 2679 non
543 2651 784 2693 possum.
854 2639 1150 2682 Cnmmus:
1206 2640 1322 2694 iam,
1372 2641 1496 2682 modo
1536 2656 1647 2694 non,
1694 2656 1892 2698 possum,

192 2719 310 2773 quod
365 2721 519 2776 probat
559 2722 859 2766 GOLBERYUS.
939 2720 1162 2777 Excerpta
1211 2723 1570 2767 Fmsmassnsu:
1624 2724 1715 2766 iam
1765 2725 1891 2768 modo

188 2799 295 2845 iam.
382 2801 652 2844 Coniecturis
701 2803 889 2844 virorum
931 2802 1156 2846 doctorum
1199 2805 1243 2847 in
1284 2806 1602 2849 Commentario
1644 2809 1892 2851 memoratis

187 2883 300 2926 adde
340 2884 524 2927 Mamm
565 2883 933 2926 emendationem:
979 2887 1081 2925 Iam
1122 2901 1200 2927 nec
1239 2902 1351 2932 non,
1395 2889 1642 2933 Observatt.
1674 2891 1728 2932 ad
1763 2893 1892 2935 Statii

187 2964 341 3009 Achill.
373 2980 415 3021 p.
432 2969 474 3009 8.
516 2965 796 3022 propositam.
857 2966 958 3021 Ipse
998 2968 1205 3011 coniiciot
1247 2971 1348 3010 Iam
1379 2971 1544 3013 modico
1575 2987 1755 3029 possum
1786 2989 1890 3016 corz-

187 3054 341 3088 tentas
377 3046 522 3089 vivere
561 3046 609 3088 in
640 3061 774 3100 arvo,
821 3061 918 3090 cum
960 3062 1069 3104 opus
1100 3051 1156 3092 sit
1185 3053 1387 3095 notione:
1433 3054 1547 3096 domi
1579 3060 1624 3097 et
1658 3056 1699 3097 in
1738 3058 1889 3112 patria,

189 3133 454 3171 monstrante
493 3128 765 3184 oppositione
810 3130 965 3184 longae
1004 3132 1112 3175 viae.
1142 3157 1203 3165 —
1274 3134 1326 3177 V.
1349 3137 1423 3178 29.
1463 3135 1757 3180 bidentem
1792 3139 1887 3181 Re-

188 3212 375 3266 giensis,
421 3213 600 3263 melius;
645 3210 760 3254 unde
802 3214 932 3267 vulgo
973 3214 1148 3269 placuit.
1222 3217 1307 3259 Ubi
1347 3218 1458 3260 enlm
1497 3219 1711 3262 interdum
1753 3226 1886 3276 tenet,

187 3306 317 3336 unum
339 3293 557 3335 bidentem
581 3297 698 3336 tenet
722 3298 865 3349 poeta,
892 3307 974 3337 non
994 3296 1138 3352 plures
1158 3298 1296 3342 simul.
1330 3299 1649 3344 LAchANNus
1675 3301 1883 3348 bidentes.
