2158 3750
312 267 378 310 80
705 257 1061 313 COMMENT
1069 258 1173 312 AR.
1207 258 1283 311 IN
1321 258 1606 310 TIBULLI

309 404 510 457 damnati,
542 401 782 445 excubante
813 404 914 444 ante
939 399 1055 444 fores
1084 399 1293 449 Cerbero.
1354 401 1481 447 Quae
1511 402 1627 444 enim
1659 406 1758 444 ante
1791 403 2008 458 cognitam

309 502 476 545 poenae
506 488 716 531 rationem
745 497 825 528 nos
854 490 1118 539 commovet,
1165 499 1279 529 nunc
1312 491 1412 541 post
1451 487 1669 541 cognitam
1701 500 1795 530 eam
1822 487 2009 530 maxime

309 574 514 618 terribilis
545 572 718 616 videtur
747 570 944 615 inclusio.
1017 572 1163 618 Quare
1196 573 1325 629 plane
1355 571 1491 626 lyrica
1531 576 1598 613 est
1638 570 1745 615 haec
1784 571 2008 615 adornatio

308 669 467 700 rerum.
528 654 716 700 Novavit
747 666 850 696 vero
885 651 970 696 hoc
999 653 1226 708 Tibullus,
1268 654 1397 696 etiam
1427 653 1621 697 Hermo
1653 659 1851 708 notante,
1891 655 2009 708 quod

310 744 411 782 ante
440 739 580 794 ipsum
613 737 843 780 Tartarum
875 737 1112 781 Cerberum
1143 739 1397 791 collocavit,
1429 739 1502 793 qui
1533 739 1664 793 vulgo
1693 738 1775 782 sub
1806 738 1910 781 Orci
1942 739 2012 780 iu·-

306 835 503 878 gressum
534 821 711 866 habitat.
774 822 1008 867 Videamus
1038 837 1150 867 nunc
1186 824 1423 866 orationem
1455 824 1499 866 in
1529 824 1736 878 singulis,
1781 823 1898 866 nulla
1938 835 2010 866 re·-

306 905 590 962 prehensione
621 905 820 960 dignam,
870 905 947 948 sed
977 906 1032 949 ab
1065 907 1180 949 omni
1212 911 1334 962 parte
1365 907 1545 949 consilio
1577 911 1734 962 poetae
1763 918 2009 948 accommo-

306 992 466 1050 datam.
483 1013 544 1021 —
573 990 628 1034 V.
658 993 731 1033 71.
758 989 929 1034 Τ11110.
992 992 1397 1034 ΨυΝυΕκιιοιηυε
1429 990 1598 1033 confert
1627 990 1766 1034 Vmor.
1793 991 1902 1033 Aen.
1931 990 2009 1044 lv,

308 1078 414 1117 250.
478 1075 701 1130 Usurpant
729 1074 772 1116 111
803 1072 1162 1128 descriptionibus
1191 1073 1246 1115 ad
1273 1074 1469 1127 vigorem
1491 1073 1714 1127 orationis,
1744 1071 1859 1127 quod
1880 1073 2010 1116 etiam

305 1154 375 1199 hic
397 1156 594 1212 apprime
618 1159 780 1210 aptum.
800 1177 855 1184 -
890 1166 917 1195 n
931 1153 1021 1207 ige
1035 1167 1080 1207 r,
1112 1155 1244 1196 veluti
1270 1155 1412 1198 Suwr.
1440 1154 1580 1199 Theb.
1602 1155 1659 1208 11,
1681 1158 1756 1198 28.
1778 1168 1783 1171 ’
1803 1157 2011 1200 Similiter

303 1244 458 1280 atrum
487 1236 600 1279 dixit
626 1236 798 1278 SssNssc.
823 1234 958 1278 Herc.
987 1235 1088 1279 Oet.
1119 1238 1192 1279 23.
1213 1241 1270 1277 -et
1300 1242 1432 1277 atras
1461 1249 1596 1278 aures
1627 1237 1720 1279 eius
1742 1237 1925 1280 Horum.
1953 1237 2011 1291 11,

307 1322 380 1373 13,
408 1321 563 1362 34.-—
590 1321 927 1374 serpentum
967 1330 1068 1360 ore
1106 1316 1336 1361 stridet.
1399 1318 1522 1362 Bene
1553 1322 1790 1365 orationem
1822 1324 2011 1368 illustrat

303 1407 722 1449 Wrmussnmcmus.
794 1404 979 1447 Centum
1011 1403 1053 1444 in
1085 1402 1198 1446 iubis
1238 1403 1338 1445 colli
1377 1403 1574 1459 villisque
1615 1405 1770 1462 capitis
1811 1406 2012 1462 gestabat

303 1502 468 1544 angues
507 1501 664 1532 saevus
705 1487 849 1541 canis,
899 1486 955 1530 cf.
998 1486 1119 1528 locos
1163 1499 1236 1542 ap.
1274 1486 1646 1532 Bnoucrmusum
1689 1494 1734 1532 et
1777 1491 1909 1535 Voss.
1952 1491 2009 1534 ad

302 1573 457 1627 Virgil.
488 1574 653 1626 Georg.
685 1571 763 1624 IV,
794 1586 836 1627 p.
863 1573 980 1624 8943
1011 1570 1162 1614 horum
1192 1571 1367 1615 sibilum
1397 1584 1556 1627 regens
1585 1573 1764 1617 arbitrio
1789 1587 1870 1618 suo
1898 1576 2010 1617 stri-

303 1654 379 1696 det
408 1653 708 1711 serpentibus,
740 1660 788 1697 ut
819 1655 958 1698 VIRG.
989 1657 1097 1698 Aen.
1130 1656 1230 1709 VII,
1259 1658 1348 1700 447
1361 1671 1373 1700 t
1417 1656 1620 1714 Erinnys
1647 1656 1805 1700 sibilat
1835 1658 2010 1716 hydris,

305 1745 349 1783 et
379 1741 617 1783 PROPERT.
649 1739 729 1792 ΙΙΙ,
759 1742 803 1793 5,
838 1742 923 1783 142
961 1739 1222 1796 Tisiphones
1250 1763 1311 1772 ——
1332 1739 1464 1798 furit
1495 1755 1645 1798 angue
1676 1749 1832 1798 caput.
1892 1743 2008 1786 Pro-

302 1822 444 1879 prium
484 1836 587 1866 vero
620 1823 804 1866 stridere
835 1827 880 1866 et
909 1823 1084 1867 sibilare
1114 1829 1183 1867 est
1212 1825 1503 1882 serpentium,
1549 1825 1664 1868 unde
1694 1839 1765 1882 ap.
1807 1827 1906 1870 Srn.
1939 1827 2011 1873 ΙΨ.-

302 1905 380 1958 Vl,
412 1908 523 1948 177:
575 1904 746 1948 stridor
778 1903 1026 1949 Cerbereus.
1077 1907 1271 1952 HESIOD.
1315 1905 1483 1962 Theog.
1516 1906 1668 1965 ῥοιζεῖν
1697 1909 1803 1952 dicit
1831 1914 2011 1954 notante

302 1986 566 2031 Hvscnxto.
644 1989 786 2031 Porro
837 2002 911 2030 ore
960 1988 1122 2031 dictum
1173 2003 1236 2044 pr.
1294 1990 1454 2033 oribus.
1532 1991 1711 2035 Confert
1768 1993 2012 2036 Wmmssn-

233 2083 245 2095 ’
302 2084 488 2114 memus
530 2072 655 2126 Virg.
685 2073 850 2126 Georg.
880 2072 959 2126 111,
995 2076 1098 2116 273.
1143 2073 1220 2126 IV,
1257 2076 1386 2127 200„
1435 2074 1510 2117 ubi
1552 2081 1695 2119 tamen
1737 2075 2009 2120 distributive

305 2159 436 2210 poeta
468 2155 680 2209 loquitur,
721 2160 769 2197 ut
797 2168 930 2210 saepe
962 2155 1136 2199 faciunt.
1197 2156 1358 2199 Melius
1388 2159 1706 2214 comparaveris
1737 2158 1919 2203 HonA'r.
1951 2159 2010 2214 ΙΙ,

304 2241 375 2290 19,
406 2242 479 2282 31.
526 2253 598 2279 ore
640 2237 850 2295 trilingui
892 2238 947 2280 de
979 2239 1198 2292 Cerbero,
1242 2244 1289 2282 et
1328 2240 1437 2283 infra
1471 2241 1549 2294 lV,
1582 2245 1624 2294 1,
1654 2244 1728 2286 71.
1772 2257 1907 2285 saevo
1936 2258 2011 2286 ore

302 2320 358 2363 de
398 2320 548 2374 Scylla
589 2333 667 2362 sex
710 2333 786 2362 ora
827 2319 1026 2364 habente.
1089 2321 1174 2365 Est
1215 2323 1280 2365 vis
1320 2322 1533 2376 quaedam
1571 2324 1618 2366 in
1659 2322 1742 2370 hoc
1781 2327 2010 2371 00110011νο

247 2416 254 2423 ’
301 2403 486 2445 nomine.
549 2403 668 2445 Alias
698 2415 830 2458 saepe
867 2404 1049 2446 latratus
1082 2404 1263 2448 Cerberi
1303 2410 1595 2459 memoratum
1627 2406 1858 2451 Tibullum
1889 2409 2010 2452 vides

300 2486 414 2528 sibili
454 2485 658 2540 anguinei
704 2484 926 2528 horrorem
973 2487 1244 2542 praetulisse.
1290 2510 1349 2518 —
1408 2488 1462 2532 in
1487 2493 1692 2545 porta.
1751 2488 2011 2535 Necessaria

301 2567 408 2611 haec
445 2568 577 2611 verba
608 2569 782 2611 suerunt
816 2575 994 2624 propter
1026 2570 1343 2625 oppositionem
1380 2571 1741 2617 antecedentium.
1803 2573 2010 2619 Certissi-

303 2662 418 2691 mum
453 2650 564 2692 enim
596 2649 768 2691 Tartari
800 2656 969 2705 portam
1003 2650 1341 2704 intelligendam,
1373 2664 1458 2694 non
1489 2653 1601 2695 antri
1634 2654 1855 2709 Cerberei,
1882 2656 2008 2699 cuius

303 2733 419 2774 nulla
460 2731 503 2775 in
545 2731 901 2775 antecedentibus
943 2731 1026 2773 suit
1065 2733 1255 2786 menti03
1298 2746 1432 2787 quare
1463 2739 1582 2777 errat
1612 2735 1883 2779 Huscnxms
1914 2738 2007 2783 sine

304 2813 464 2869 dubio,
505 2816 577 2870 qui
609 2813 726 2870 quod
755 2815 983 2857 Somrocn.
1025 2815 1138 2858 Oed.
1169 2815 1265 2858 Col.
1301 2818 1538 2862 1568-73.
1571 2823 1821 2875 comparat3
1851 2819 1908 2863 de
1937 2834 2007 2876 eo,

303 2895 407 2939 mihi
436 2897 588 2950 crede,
636 2909 721 2939 non
763 2896 972 2950 cogitavit
1012 2896 1232 2951 Tibullus.¹
1288 2899 1347 2941 At
1391 2899 1532 2954 enim,
1578 2901 1669 2955 ais,
1713 2903 1909 2958 sequitur
1937 2903 2008 2948 hic

301 2982 430 3022 ante
472 2978 639 3022 fores.
700 2978 841 3021 Miror
881 2979 1176 3035 maximopere
1219 2993 1315 3024 eam
1355 2984 1687 3038 repugnantiam
1727 2985 1863 3029 visam
1905 2987 2007 3031 viris

302 3058 458 3104 doctis.
518 3059 603 3102 Est
626 3067 766 3116 porta
796 3060 998 3104 introitus
1025 3075 1060 3104 s.
1089 3062 1276 3118 spatium
1303 3069 1443 3108 totum
1472 3066 1585 3109 inter
1609 3080 1755 3111 muros
1779 3082 1815 3112 s.
1841 3074 2005 3125 postes,

302 3153 381 3196 per
423 3141 539 3196 quod
578 3142 790 3196 intratur3
835 3142 983 3186 doceri
1026 3143 1162 3198 igitur
1205 3146 1375 3201 cupiam
1415 3161 1492 3191 cur
1521 3149 1681 3192 nonin
1712 3148 1795 3194 hoc
1826 3151 2005 3195 introitu

300 3225 443 3269 iacere
475 3227 666 3282 potuerit
697 3226 914 3269 Cerberus
945 3232 1047 3272 ante
1077 3229 1194 3272 fores
1229 3243 1264 3273 s.
1299 3232 1457 3275 valvas.
1519 3233 1702 3288 Tamen,
1734 3236 1896 3291 pergis,
1926 3250 2006 3281 cur

301 3309 475 3354 omnino
505 3314 822 3366 pentametrum
857 3311 1045 3366 addidit,
1089 3326 1187 3357 cum
1219 3313 1440 3359 sufficeret
1475 3314 1716 3361 hexametri
1754 3320 2004 3364 sententIa?

302 3395 658 3450 Amplificationis
688 3409 844 3451 causa,
884 3397 980 3451 aio,
1019 3397 1209 3453 addidit,
1248 3403 1429 3456 propter
1471 3413 1599 3455 quam
1640 3414 1754 3447 nunc
1783 3403 2002 3448 cumulate
