2158 3750
712 245 892 299 LIBR.
935 247 971 296 Ι.
1045 243 1245 297 ELEG.
1285 246 1323 294 I.
1810 254 1872 299 17

165 399 300 442 Erant
341 399 454 442 enim
501 396 613 440 haud
656 396 786 441 dubie
829 399 974 454 plures
1016 399 1055 440 in
1102 398 1277 454 praedio
1316 398 1406 441 sive
1439 397 1603 441 ‘natura
1646 400 1735 442 sive
1778 405 1870 444 arte

165 481 337 524 deducti
379 481 690 534 arboribusque
729 479 972 522 umbriferis
1016 481 1157 523 cincti.
1214 481 1393 523 Hoiu'r.
1437 481 1576 538 Epist.
1621 483 1655 535 1,
1706 486 1773 528 10,
1815 489 1868 526 6:

163 565 261 621 Ego
293 562 431 604 laudo
472 562 591 603 ruris
623 560 795 602 amoeni
835 559 955 601 rivos
993 567 1037 600 et
1080 576 1228 602 musco
1261 561 1514 603 circumlita
1545 577 1662 604 saxa
1694 579 1872 605 nemus-

162 659 260 702 que.
322 645 388 686 De
417 644 607 698 genitivo
637 654 843 696 aquae,
889 642 926 684 si
967 644 1073 685 tanti
1106 650 1197 696 est,
1241 644 1296 686 cf.
1330 646 1465 688 Ovm.
1499 648 1646 691 Amor.
1682 647 1867 692 Remed.

164 731 275 790 194:
337 728 440 783 Ipse
467 733 595 781 potes
625 727 744 766 rivos
775 723 934 766 ducere
965 724 1077 767 lenis
1108 740 1269 784 aquae.
1334 727 1463 773 Quod
1492 742 1646 772 censor
1675 729 1868 774 lenensis

160 808 372 861 Husclikii
416 824 458 864 p.
501 811 605 852 193,
650 808 859 863 pluralem
904 805 971 850 liic
1018 820 1098 862 pro
1142 807 1350 862 singulari
1395 810 1580 864 positum
1623 813 1774 855 statuit
1815 813 1871 855 de

160 891 291 935 celeri
325 903 453 933 eursu
483 870 622 943 aquae
665 890 788 944 quasi
829 890 1145 946 multiplicante
1178 890 1318 943 rivos,
1364 891 1565 934 Tibullus
1607 898 1725 935 certe
1767 894 1869 936 nihil

159 975 239 1016 nisi
279 973 724 1029 praetereuntis
769 972 887 1017 dicit.
949 973 1010 1016 Et
1040 974 1258 1029 posuisset
1289 971 1401 1015 haud
1434 973 1563 1015 dubie
1594 975 1868 1029 singularem,

158 1056 291 1098 veluti
323 1055 533 1098 Lucnss'r.
563 1054 622 1108 II,
658 1057 743 1097 3⁰:
782 1054 1010 1110 prostrati
1038 1054 1086 1096 in
1113 1053 1318 1112 gramine
1349 1054 1469 1096 molli
1497 1057 1691 1111 Propter
1721 1071 1868 1114 aquae

158 1136 304 1179 rivum
345 1135 429 1178 sub
459 1135 597 1178 ramis
631 1133 806 1181 arboris
839 1134 988 1181 altae,
1034 1135 1115 1178 nisi
1146 1136 1284 1191 accipi
1314 1135 1443 1179 verba
1478 1137 1686 1179 voluisset
1717 1143 1764 1179 ut
1793 1151 1871 1180 nos

159 1219 369 1271 diximus;
415 1232 512 1261 nam
554 1223 600 1262 et
644 1218 861 1262 rarissime
904 1219 1024 1273 ponit
1066 1218 1274 1274 pluralem
1318 1233 1398 1274 pro
1429 1219 1635 1274 singulari
1667 1234 1746 1263 nec
1778 1221 1869 1263 sine

157 1302 311 1345 idonea
341 1315 483 1345 causa.
508 1325 568 1334 —
592 1301 839 1366 ‘Explicatis
869 1302 1050 1356 singulis
1081 1301 1137 1345 de
1168 1303 1369 1344 universo
1401 1304 1498 1345 loeo
1527 1304 1704 1346 verbum
1738 1305 1866 1347 addo.

158 1386 342 1428 Dixerat
373 1398 503 1441 supra
538 1384 594 1428 de
627 1385 888 1442 plantatione
919 1386 1126 1440 cultuque
1169 1386 1349 1429 deorum
1393 1388 1706 1441 agricolarum,
1756 1389 1872 1431 dicet

158 1468 201 1509 in
233 1468 516 1522 sequentibus
547 1467 604 1511 de
643 1468 728 1510 alia
773 1473 895 1524 parte
937 1470 999 1512 rei
1041 1471 1253 1522 rusticae3
1299 1468 1375 1511 has
1415 1472 1522 1512 duas
1554 1478 1699 1526 partes
1730 1473 1869 1526 iungit

158 1552 343 1606 repetita
373 1551 572 1606 primaria
596 1551 824 1602 sententia,
855 1563 983 1604 quam
1013 1551 1211 1606 legimus.
1274 1552 1537 1593 Observabis
1567 1557 1710 1594 autem
1742 1553 1870 1595 simul

159 1647 274 1677 nunc
303 1634 389 1676 alio
420 1634 570 1676 colore
597 1646 726 1687 qnam
755 1646 885 1688 supra
913 1645 1009 1676 eam
1041 1633 1182 1676 redire
1220 1634 1450 1693 vestitam„
1511 1634 1619 1676 Cum
1651 1635 1762 1676 enim
1794 1648 1870 1678 su-

162 1729 239 1772 pra
270 1715 326 1758 de
357 1715 456 1759 foco
490 1714 663 1768 dixerit,
694 1728 808 1757 nunc
839 1713 894 1758 de
921 1715 1073 1758 umbra
1103 1716 1270 1759 arboris
1299 1716 1490 1770 loquitur
1520 1716 1712 1759 fervente
1737 1718 1868 1762 Sirio.

277 1797 332 1840 V.
365 1799 525 1840 29-36.
583 1797 725 1858 {ars
764 1796 1012 1840 secunda
1056 1810 1250 1842 rerum.
1313 1798 1391 1840 De
1434 1799 1571 1840 aliis
1614 1802 1871 1853 negotiis

160 1881 733 1933 rusticisramtioioe
763 1882 1119 1936 maximeque
1158 1882 1475 1938 pecuariae
1516 1895 1675 1934 cura,
1718 1887 1774 1924 et
1806 1882 1873 1925 de

158 1965 317 2007 cultu
348 1963 709 2019 pastoritiae
739 1949 890 2006 deae.

279 2050 330 2092 V.
363 2051 434 2090 30.
477 2048 718 2094 stimulo
746 2031 1136 2103 increpuisse.
1201 2047 1435 2103 comparat
1467 2047 1870 2092 Wmsnrsnmcnms

158 2130 296 2173 hasta
324 2130 552 2187 &crepare
593 2133 737 2175 Sur.
769 2130 908 2175 Theb.
943 2131 1024 2184 111,
1060 2133 1162 2174 431.
1197 2155 1258 2164 —
1295 2144 1574 2186 agnamve
1619 2132 1871 2175 fetumve

160 2213 439 2268 capellae.
482 2212 596 2256 Vide
611 2213 879 2256 mmmm
901 2213 1183 2256 imitationem
1213 2214 1267 2266 V,
1287 2216 1360 2255 29.
1425 2213 1709 2257 Observatum
1735 2216 1869 2258 etiam

161 2302 229 2339 est
246 2295 422 2352 pulchre
438 2309 466 2338 e
483 2297 672 2350 negotiis
690 2298 753 2339 rei
776 2299 1004 2352 pecuariae
1021 2298 1207 2340 electum
1225 2295 1339 2350 quod
1359 2296 1544 2338 maxime
1563 2297 1795 2351 poeticum.
1811 2319 1867 2328 —

163 2379 216 2422 V.
235 2381 306 2421 33.
332 2379 548 2432 exiguo
573 2379 799 2433 pecori,
825 2378 986 2433 exiguo
1011 2377 1227 2432 gregi.—-
1250 2378 1304 2421 V.
1321 2379 1393 2420 34.
1421 2377 1485 2419 de
1508 2390 1712 2431 grege,
1740 2391 1869 2433 prae-

163 2459 322 2514 positio
350 2459 401 2500 de
424 2465 590 2516 partem
608 2460 729 2503 sumi
752 2460 992 2514 significat,
1023 2464 1199 2502 notante
1234 2460 1364 2503 etiam
1393 2461 1785 2503 Wmvnnamcnro.
1813 2485 1873 2493 —

161 2554 365 2595 magno
397 2548 498 2586 est.
559 2542 629 2586 Ne
657 2544 755 2598 quia
784 2545 826 2587 in
858 2550 1077 2600 posterum
1110 2545 1265 2587 iterum
1297 2548 1436 2586 tentet
1466 2544 1642 2587 verbum
1673 2552 1768 2595 est,
1799 2558 1874 2587 se-

162 2625 246 2667 mel
271 2636 439 2676 moneo,
472 2637 568 2668 cum
598 2639 758 2683 magno
782 2631 1008 2669 accentum
1039 2624 1300 2669 rhetoricum
1332 2624 1501 2679 habeat,
1533 2627 1586 2668 ad
1621 2640 1717 2669 eum
1749 2627 1874 2670 adiu-

165 2708 347 2751 vandum
378 2708 617 2751 subiectam
649 2721 747 2751 esse
778 2709 1003 2764 copulam,
1047 2708 1165 2762 quod
1194 2708 1429 2750 innumeris
1460 2709 1668 2764 exemplis
1700 2709 1876 2764 probari

163 2795 324 2846 potest.
394 2792 470 2835 Sic
508 2805 640 2848 supra
671 2805 711 2837 v.
741 2795 826 2836 22:
873 2806 985 2836 nunc
1015 2806 1127 2848 agna
1164 2792 1318 2851 exigui
1348 2797 1415 2835 est
1446 2791 1584 2834 hostia
1616 2806 1746 2848 parva
1777 2794 1873 2836 soli.

164 2873 280 2918 Infra
324 2888 365 2918 v.
407 2878 496 2918 51:
526 2876 598 2932 ‘0
642 2883 862 2935 quantum
908 2883 974 2921 est
1017 2879 1110 2921 auri
1163 2878 1308 2934 potius
1356 2881 1594 2932 pereatque
1642 2874 1870 2929 smaragdi.

167 2960 294 3003 Adde
335 2960 371 3013 1,
400 2963 443 3014 4,
475 2962 533 3003 4:
578 2974 703 3003 coma
747 2969 827 3006 est.
870 2963 978 3007 lbid.
1012 2967 1098 3006 32:
1147 2964 1234 3009 Qui
1279 2963 1395 3018 prior
1437 2961 1546 3003 Eleo
1589 2967 1655 3003 est
1698 2974 1872 3004 carcere

165 3045 322 3087 missus
362 3057 512 3099 equus.
569 3044 677 3088 lbid.
725 3058 764 3088 v·
796 3049 880 3089 64:
929 3061 1158 3103 purpurea
1200 3050 1278 3088 est.
1320 3045 1354 3097 l,
1401 3049 1444 3097 5,
1482 3047 1565 3086 68:
1619 3043 1695 3086 sed
1738 3042 1878 3099 plena

167 3132 234 3169 est
261 3126 539 3182 percutienda
571 3138 713 3172 manu.
755 3126 793 3181 I,
822 3130 867 3181 6,
897 3131 955 3171 3:
999 3142 1050 3171 an
1081 3129 1229 3186 gloria
1259 3142 1424 3184 magna
1458 3132 1536 3169 est.
1584 3126 1692 3168 lbid.
1727 3141 1764 3169 V.
1793 3129 1876 3169 45:

168 3208 292 3253 Haec
322 3210 395 3252 nbi
421 3209 632 3252 Bellonae
666 3217 788 3253 motu
820 3215 888 3254 est
915 3211 1092 3266 agitata.
1123 3211 1159 3263 l,
1186 3215 1226 3263 7,
1259 3214 1312 3252 9:
1355 3208 1454 3251 Non
1486 3210 1579 3250 sine
1611 3223 1675 3249 me
1701 3213 1767 3251 est
1799 3209 1877 3250 tibi

170 3297 318 3346 partus
339 3290 486 3335 honos.
518 3293 552 3346 1,
577 3295 622 3345 8,
647 3295 730 3335 43:
772 3295 861 3337 tum
889 3291 1076 3335 studium
1094 3291 1277 3349 formae
1304 3296 1384 3332 est.
1447 3289 1516 3331 Ne
1539 3290 1716 3333 afferam
1743 3291 1877 3344 plura.

173 3376 369 3420 Pessime
401 3378 554 3433 igitur,
600 3382 646 3420 ut
679 3376 732 3420 ad
765 3377 1029 3435 propositum
1063 3378 1204 3420 locum
1243 3375 1441 3425 redeam,
1476 3382 1544 3415 est
1578 3373 1643 3416 liic
1678 3376 1717 3416 in
1751 3377 1877 3417 finem

1373 3466 1400 3491 ‘)

1370 3495 1402 3506 κν
