2158 3750
718 204 901 257 LIBR.
938 207 980 257 I.
1051 203 1253 257 ELEG.
1289 204 1382 255 IV.
1820 208 1882 254 91
1942 202 1946 205 ’

181 343 469 402 pulchriores,
512 346 783 391 venustiores
824 347 1059 402 reddente3
1105 347 1367 402 exquisitum
1411 335 1599 400 dictum,
1644 356 1740 387 cum
1784 341 1887 387 nihil

184 415 357 475 suavius
386 431 442 475 sit
472 432 643 488 puellae
675 431 926 475 dormientis
956 431 1068 476 facie
1099 437 1143 476 et
1183 431 1300 487 quod
1341 431 1480 486 magis
1523 429 1578 473 ad
1619 441 1790 473 amores
1819 428 1887 471 in-

182 514 303 568 vitet,
329 514 407 558 sed
436 527 463 556 a
492 513 656 557 Tibulli
687 513 830 557 verbis
860 513 1091 557 diversum.
1153 515 1331 557 Alienus
1364 513 1494 558 etiam
1524 511 1733 555 HonA'rn
1765 511 1887 554 locus

111 623 116 627 -
179 597 257 652 lv,
293 601 366 652 13,
395 601 439 641 7.
478 595 535 640 de
566 596 806 654 Cupidine:
853 595 931 638 ille
970 595 1159 641 virentis
1205 597 1341 639 Chiae
1377 595 1586 654 pulchris
1614 593 1808 638 excubat
1839 592 1888 636 in

177 680 329 739 genis.
374 679 414 724 h.
447 694 486 724 e.
518 692 733 736 nunquam
763 678 949 732 dormit,
980 691 1152 735 semper
1181 679 1225 722 in
1253 678 1308 722 iis
1337 679 1471 735 viget.
1503 702 1563 710 -
1610 678 1664 723 V.
1700 680 1757 721 15
1788 690 1884 733 sqq.

178 766 290 810 Post
318 765 425 810 haec
454 766 540 808 iam
568 764 626 807 ad
654 764 776 820 ipsa,
824 775 936 818 quae
967 762 1187 818 postulata
1217 768 1366 817 erant,
1411 766 1647 819 praecepta
1678 760 1888 805 tradenda

178 847 362 892 accedit.
391 869 454 880 —
515 844 568 890 V.
611 848 683 890 15.
743 843 858 888 Sed
901 857 968 888 ne
1012 849 1069 887 te
1118 846 1373 901 capiant.
1437 844 1640 889 Notanda
1682 845 1887 889 transitus

178 933 391 987 ratio-est.
433 929 636 985 Intellige
665 928 743 972 sic.
787 921 1000 973 Dixerat=
1028 928 1158 984 suge3
1189 942 1287 973 nam
1319 929 1447 972 facile
1474 911 1662 986 capiunt.
1706 931 1886 985 Pergit:

177 1014 268 1058 Sed
297 1015 357 1058 sis
384 1011 515 1057 modo
545 1016 762 1065 constans,
791 1005 869 1054 ubi
898 1010 1013 1055 forte
1045 1015 1200 1068 captus
1242 1011 1389 1062 fueris,
1422 1017 1468 1055 et
1498 1012 1610 1055 bene
1642 1013 1724 1056 erit
1755 1014 1884 1056 etiam

176 1099 238 1141 ita
266 1110 363 1151 res3
405 1097 550 1140 vinces
582 1095 694 1138 enim
725 1095 795 1138 vel
826 1094 1112 1138 reluctantem
1142 1098 1380 1151 postremo,
1441 1095 1716 1138 Deteriorum
1749 1096 1885 1139 libro-

175 1197 272 1227 rum
299 1183 460 1226 lectio:
488 1179 579 1223 Sed
607 1187 654 1222 te
684 1193 740 1222 ne
770 1177 956 1236 capiant
987 1192 1043 1222 ex
1074 1179 1378 1223 emendatione
1410 1184 1506 1225 orta
1535 1180 1706 1224 videtur
1737 1180 1792 1224 ab
1817 1182 1887 1236 iis,

177 1269 252 1325 qui
283 1267 396 1311 hunc
422 1265 659 1310 credebant
690 1277 787 1308 esse
819 1257 979 1308 debere
1011 1263 1267 1307 transitum:
1314 1263 1448 1307 Tales
1482 1270 1584 1307 sunt
1613 1264 1762 1321 pueri3
1806 1265 1884 1308 tibi

175 1364 281 1395 vero
322 1349 539 1406 agendum
579 1353 647 1392 est
683 1348 736 1391 ut
776 1361 890 1392 nunc
933 1348 1087 1392 dicam.
1151 1348 1399 1405 opponitur
1438 1349 1576 1404 igitur
1616 1361 1672 1392 ex
1702 1347 1782 1392 hac
1813 1362 1886 1392 ra-
1960 1343 1964 1346 ’

176 1435 296 1478 tione
327 1446 514 1490 persona
542 1431 753 1489 personis,
814 1427 906 1471 Sed
944 1429 1042 1474 vide
1073 1443 1186 1485 quae
1217 1430 1273 1473 de
1303 1428 1387 1473 hoc
1424 1432 1523 1474 loco
1553 1432 1734 1486 aliisque
1762 1431 1885 1475 simi-

176 1519 288 1562 libus
310 1517 516 1561 disertius
537 1515 728 1572 explicui
753 1515 798 1558 in
819 1516 906 1558 fine
925 1514 1250 1557 Dissertationis
1275 1514 1329 1557 de
1351 1514 1612 1557 Elocutione
1633 1512 1810 1574 Tibulli.
1824 1537 1884 1546 —

175 1601 225 1644 si
254 1599 278 1643 s
282 1604 409 1643 orte
437 1598 690 1654 negabit.
752 1590 910 1642 Recte.
971 1598 1186 1642 Futurum
1211 1603 1440 1642 exactum:
1472 1597 1652 1657 negarit
1675 1600 1719 1642 in
1741 1603 1885 1642 trans-

172 1684 300 1728 itoria
330 1696 378 1727 re
406 1683 569 1727 bonum
610 1687 755 1737 esset,
786 1668 857 1727 hic
887 1684 1002 1726 enim
1032 1684 1126 1727 eius
1155 1696 1259 1727 usus
1294 1686 1386 1736 est,
1418 1682 1504 1725 vid.
1537 1682 1796 1725 Munna.
1827 1681 1882 1724 de

174 1780 258 1811 usu
285 1765 366 1812 fut.
391 1766 536 1809 exacti
563 1764 822 1809 Latinorum
862 1765 907 1808 in
937 1765 1147 1810 Seebodii
1178 1765 1355 1809 Horreo
1386 1763 1651 1822 philologico
1684 1763 1884 1819 (Archiv

165 1849 258 1909 fiir·
285 1847 562 1907 Philologie)
594 1848 654 1902 ΙΙ,
685 1850 731 1902 1,
759 1862 804 1904 p.
831 1850 894 1890 20
922 1860 1019 1903 sqq.
1090 1846 1220 1890 Nunc
1250 1851 1396 1890 autem
1428 1847 1483 1890 de
1514 1846 1781 1890 diuturniore
1809 1859 1883 1890 re-

174 1931 409 1976 luctatione
445 1930 614 1986 agstur,
652 1930 723 1973 cui
766 1929 895 1973 unice
932 1928 1118 1985 simplex
1159 1928 1351 1972 futurum
1389 1931 1602 1972 convenit.
1676 1930 1880 1973 Ceterum

175 2029 339 2074 negare
370 2018 462 2058 este
495 2013 716 2058 difficilem
747 2026 845 2057 esse
868 2013 1071 2070 precibus
1098 2013 1295 2069 amantiS,
1327 2018 1375 2056 ut
1401 2013 1459 2067 II,
1477 2017 1520 2068 6,
1538 2017 1614 2058 27.
1673 2006 1884 2058 Similiter

174 2099 291 2144 nolle
321 2099 481 2145 Catull.
510 2098 631 2154 vul,
661 2103 704 2143 9.
744 2099 862 2155 quod
901 2099 1309 2142 thnssnmcnms
1353 2103 1500 2153 notat,
1548 2103 1593 2142 et
1624 2094 1883 2142 ἀναίνεσθαι

175 2183 372 2238 Graece,
416 2183 667 2240 oppositum
709 2196 752 2228 v.
789 2180 1077 2240 χαρίζεσθαι,
1133 2183 1189 2228 cf.
1235 2183 1494 2227 Romnum.
1541 2183 1596 2226 ad
1638 2183 1755 2228 Tim.
1793 2186 1881 2229 lex.

175 2281 220 2323 p.
248 2269 353 2311 275.
381 2290 443 2299 —
486 2267 544 2311 V.
575 2269 634 2310 1⁴1
664 2279 756 2322 sqq.
818 2268 1070 2322 Sequuntur
1111 2268 1311 2323 exempla
1351 2266 1407 2310 ad
1449 2266 1718 2323 probandum
1749 2280 1879 2324 prae-

178 2355 359 2405 ceptum
386 2348 518 2392 modo
547 2349 710 2392 lectum
727 2380 742 2403 ,
771 2348 827 2392 de
858 2362 1042 2404 quorum
1073 2350 1242 2392 ratione
1273 2335 1432 2405 operae
1461 2349 1647 2405 pretium
1678 2353 1745 2392 est
1773 2361 1881 2405 pau—

178 2431 240 2475 cis
270 2430 440 2486 videre,
486 2443 745 2487 quamquam
786 2431 921 2486 vulgo
961 2433 1004 2473 in
1036 2430 1195 2473 talibus
1226 2432 1368 2474 nullas
1399 2429 1582 2474 credunt
1613 2442 1709 2474 esse
1740 2431 1879 2486 leges,

175 2512 253 2556 sed
294 2513 428 2556 licere
466 2512 608 2569 poetis
648 2511 829 2556 fundere
870 2511 1077 2567 quidquid
1118 2513 1266 2555 velint.
1326 2512 1408 2555 Est
1451 2526 1552 2556 vero
1583 2515 1656 2556 illa
1684 2519 1805 2557 certa
1836 2515 1879 2557 in

175 2596 243 2640 his
273 2596 404 2640 rebus
432 2597 539 2639 artis
570 2597 768 2652 poeticae
810 2597 910 2652 lex,
956 2602 1005 2640 ut
1050 2610 1104 2640 ne
1144 2602 1310 2640 temere
1353 2602 1641 2651 congerantur
1679 2598 1880 2653 exempla

173 2692 259 2723 neu
304 2678 407 2735 quid
449 2677 719 2722 iniucundius
762 2677 936 2722 differat
979 2692 1006 2721 a
1049 2679 1272 2735 proposita
1316 2692 1390 2733 re,
1440 2678 1517 2722 sed
1559 2679 1878 2722 similitudinem

173 2761 317 2804 omnia
345 2774 520 2805 suavem
552 2762 739 2806 offerant
766 2762 1035 2818 reddantque
1066 2768 1168 2820 apte
1212 2762 1392 2806 eandem
1426 2763 1593 2817 ideam3
1643 2763 1799 2807 deinde
1829 2768 1878 2807 ut

174 2844 211 2887 si
241 2845 441 2899 graviora
471 2850 548 2888 aut
577 2847 763 2890 certiora
791 2848 878 2891 sint
907 2848 990 2891 alia
1021 2849 1143 2902 aliis,
1188 2861 1212 2890 a
1249 2847 1401 2890 minori
1433 2846 1487 2889 ad
1526 2847 1664 2890 maius
1694 2859 1877 2904 progre-

173 2926 319 2970 diatur
355 2928 496 2974 oratio
525 2940 606 2972 nec
634 2941 841 2986 perverso
872 2929 1023 2973 ordine
1054 2943 1125 2973 res
1166 2930 1445 2973 collocentur.
1506 2929 1597 2972 Iam
1627 2929 1877 2974 considera-

174 3010 313 3053 bimus
336 3010 574 3055 Tibnllum.
635 3011 700 3055 Ac
733 3011 915 3068 primum
946 3011 1120 3067 quidem
1153 3013 1356 3056 leones
1386 3011 1575 3055 domitos
1605 3015 1649 3055 et
1672 3024 1875 3056 mansue-

175 3091 314 3136 factos
344 3106 613 3151 comparans,
642 3095 859 3150 significat
888 3097 1114 3141 manifesto
1144 3098 1273 3141 etiam
1305 3110 1487 3154 puerum
1519 3109 1719 3153 asperum
1752 3109 1873 3140 man-

174 3177 348 3219 suefieri
374 3190 503 3233 posse
527 3183 636 3221 arte.
667 3178 732 3221 Ad
758 3178 913 3223 verba=
944 3179 1141 3237 Longa
1167 3181 1218 3224 di
1235 3195 1291 3224 es
1317 3182 1522 3226 Vnnmus
1545 3179 1690 3224 laudat
1712 3179 1874 3224 InvnN.

175 3260 268 3304 Sat.
299 3260 357 3315 X,
397 3265 502 3305 265.
555 3263 734 3307 PnAn'r.
767 3262 896 3319 Epid.
927 3263 1004 3318 lv,
1038 3267 1079 3318 1,
1113 3268 1182 3308 17.
1244 3264 1354 3308 Add.
1391 3266 1529 3308 Ovln.
1561 3264 1673 3309 Met,
1704 3263 1741 3317 l,
1771 3266 1873 3306 346.

176 3357 229 3387 ne
271 3345 395 3401 plura
436 3346 615 3390 afferam
659 3348 701 3391 in
746 3349 960 3394 locutione
992 3362 1123 3407 saepe
1166 3350 1304 3394 obvia.
1367 3349 1455 3393 Sed
1490 3354 1619 3405 poeta
1650 3349 1762 3406 quod
1799 3348 1874 3390 dc-
