2086 3756
230 196 259 227 Ὗ
267 196 320 226 111

230 339 538 406 veniuntur,
592 356 745 408 quem
790 355 927 389 nunc
971 337 1162 388 Vestro
1211 346 1261 386 et
1307 336 1527 388 aliorum
1578 353 1745 406 aequo
1773 313 1926 389 iudi·
1970 327 1973 331 ’

232 459 310 511 cio
348 457 671 537 commendO.
751 456 885 509 Sunt
922 456 1016 525 qui
1050 456 1281 523 vigorem
1316 473 1563 508 sensuum
1612 467 1662 507 et
1706 457 1927 523 phanta-

230 580 334 631 siae
385 580 639 648 poeticam
692 579 1007 632 alacritatem
1064 566 1235 647 frangi
1291 578 1502 632 credant
1547 579 1669 630 artis
1724 594 1824 628 usu
1879 586 1928 626 et

230 718 435 752 caecum
471 702 705 752 furorem
739 701 1063 768 praeferant,
1102 700 1195 769 qui
1228 700 1358 751 mihi
1386 716 1580 767 parum
1610 709 1845 751 accurate
1879 706 1929 746 et

227 827 410 884 poetas
459 819 640 885 legisse
688 828 740 870 et
783 834 896 869 rem
934 818 1101 886 ipsam
1137 833 1235 884 per
1269 834 1325 869 se
1359 816 1712 870 considerasse
1745 813 1929 867 viden-

227 946 330 988 tur.
398 935 662 989 Nimirum
696 937 888 1005 frangit
922 954 1005 991 ars
1038 937 1306 1004 ingenium
1344 955 1479 1005 quae
1515 917 1800 998 dissimilis,
1839 932 1930 984 ad-

228 1060 373 1111 iuvat
407 1076 541 1128 quae
577 1059 885 1123 conformis,
923 1057 1163 1111 classicus
1199 1067 1371 1109 autem
1406 1058 1628 1125 scriptor
1675 1055 1846 1107 omnis
1881 1065 1932 1106 et

229 1186 339 1227 arte
376 1186 424 1227 et
456 1176 663 1243 ingenio
700 1179 887 1243 pollet,
931 1178 1193 1244 habetque
1240 1178 1368 1228 haec
1407 1179 1480 1228 ita
1517 1178 1817 1240 coniuncta,
1873 1186 1932 1226 ut

228 1310 334 1344 una
381 1293 448 1343 sit
488 1293 567 1345 vis
619 1294 910 1362 utriusque.
995 1291 1153 1356 Quod
1203 1293 1358 1344 etiam
1391 1294 1635 1346 Tibullus
1691 1279 1930 1363 exemplo

208 1427 326 1477 ¹,suo
361 1415 668 1480 comprobat
703 1416 919 1481 egregie.
1005 1415 1208 1465 Verum
1247 1412 1374 1482 quid
1410 1413 1534 1465 talia
1567 1414 1762 1479 Vobis,
1815 1414 1931 1483 qui-

228 1532 328 1583 bus
374 1549 530 1584 nemo
585 1533 776 1586 rectius
824 1532 888 1586 de
926 1549 1145 1601 poeseos
1182 1533 1386 1585 ratione
1432 1531 1665 1586 iudicat?
1744 1519 1930 1586 Valete

229 1651 410 1719 igitur,
461 1652 659 1723 Optimi
707 1654 853 1718 Viri,
909 1664 959 1705 et
1003 1654 1199 1722 pergite
1249 1665 1307 1707 ut
1357 1655 1522 1707 facitis
1573 1655 1703 1707 mihi
1741 1655 1931 1719 favere,

230 1789 455 1841 quorum
491 1774 714 1826 amicitia
747 1774 936 1826 mirum
976 1784 1228 1843 quantum
1261 1776 1444 1826 laetor.
