2158 3750
313 292 379 341 94
709 291 1179 348 COMMENTAR.
1215 297 1291 351 IN
1330 299 1619 352 TIBULLI

226 474 235 483 ,
311 429 443 488 «Ᾰῖγναί,
476 435 749 490 viderentur,
792 436 951 480 factum
982 437 1153 483 videtur
1191 445 1241 484 ut
1271 441 1326 484 ab
1356 443 1599 487 amantibus
1629 444 1871 499 iurantibus
1901 447 2013 490 cita-

310 526 459 564 rentur
490 534 595 577 prae
625 521 734 564 aliis.
795 521 873 564 Sic
916 525 1059 567 omnia
1088 523 1158 568 hic
1187 527 1292 569 satis
1322 527 1541 582 expedita.
1605 529 1736 575 Quod
1767 531 1880 574 enim
1911 537 2014 589 post

308 603 491 657 sagittas
522 603 685 646 Dianae
728 603 924 648 laudatas
961 606 1076 649 aliud
1109 609 1248 652 simile
1281 622 1306 652 e
1338 609 1558 654 Minervae
1589 611 1720 654 armis
1749 613 2013 668 postulatum

308 695 402 740 cst,
443 701 496 730 ea
525 688 673 744 opinio
713 689 925 733 rationem
956 703 1043 734 non
1073 690 1202 735 habet
1231 692 1445 737 idoneam.
1506 694 1682 738 Iuratnr
1711 709 1790 752 per
1819 695 1864 739 id
1895 697 2012 751 quod

306 770 479 824 utrique
511 770 618 813 deae
649 770 942 841 carissirnum,
973 786 1060 828 quo
1088 779 1309 817 contemto
1339 777 1528 819 maxime
1558 777 1761 820 irascitur
1789 791 2015 834 quaeque;

305 853 421 896 sitne
450 867 502 896 ea
532 855 727 910 corporis
757 867 858 911 pars
899 869 953 898 an
994 857 1155 911 telum,
1201 857 1305 912 quid
1338 857 1509 902 refert?
1570 860 1723 902 Poena
1739 864 1802 903 ,ut
1832 873 1887 904 eo
1915 861 2014 918 ipso

303 942 526 991 sumatur,
569 950 649 994 per
678 937 794 993 quod
824 939 1089 994 peieratum,
1133 952 1218 982 non
1250 953 1360 996 opus
1389 945 1470 983 est.
1500 963 1560 972 --
1611 942 1667 986 V.
1699 928 1758 984 27
1788 955 1882 998 sqq.
1945 943 2014 988 De

302 1023 407 1078 suga
429 1023 584 1067 aetatis
602 1023 796 1066 floridae.
815 1046 874 1055 —
904 1023 957 1066 V.
978 1026 1038 1066 27
1061 1037 1125 1078 sq.
1156 1025 1228 1066 At
1257 1025 1304 1068 si
1334 1024 1535 1068 tardus
1565 1027 1706 1081 erist,
1737 1032 1783 1070 at
1813 1028 1851 1071 si
1883 1027 2012 1084 igna-

301 1121 382 1151 vus
412 1108 499 1150 eris
527 1121 609 1150 nec
636 1108 786 1161 quavis
815 1107 1043 1149 occasione
1068 1112 1311 1163 opportuna
1341 1109 1478 1151 utaris
1511 1113 1556 1152 et
1587 1109 1768 1164 quodvis
1799 1111 2011 1164 suscipias

305 1191 361 1234 ad
388 1191 643 1248 capiendum
670 1203 864 1246 puerum,
896 1202 953 1232 ex
983 1203 1071 1244 quo
1106 1204 1269 1244 genere
1299 1192 1595 1235 iusiurandum
1626 1193 1824 1248 vidimus,
1855 1209 2010 1239 etra-

305 1274 406 1317 bis.
438 1297 499 1305 —
546 1272 790 1316 transiit
829 1276 994 1315 aetas
1036 1285 1194 1327 quam
1239 1273 1373 1318 cito.
1435 1274 1549 1317 Sunt
1578 1275 1652 1330 qui
1692 1275 1888 1318 transiet
1931 1278 2012 1321 de-

297 1358 493 1412 fendant,
522 1362 572 1400 ut
601 1357 807 1400 HouA'rn
837 1356 1010 1400 codices
1041 1357 1125 1400 od.
1157 1357 1236 1413 IV,
1266 1347 1312 1412 4,
1343 1361 1416 1402 65.
1447 1357 1568 1399 exiet
1598 1359 1798 1404 offerunt.
1861 1340 2009 1417 Vulgo

298 1446 444 1484 tamen
475 1441 635 1483 rectius
666 1438 854 1481 transiit
883 1438 1103 1495 probatur.
1169 1438 1325 1494 Neque
1359 1443 1503 1483 tamen
1539 1453 1618 1496 pro
1658 1442 1821 1484 aoristo
1850 1442 1896 1485 id
1927 1441 2008 1486 ha·-

299 1523 430 1577 beas,
472 1523 607 1566 veluti
637 1521 879 1565 Horma-tus
909 1521 1016 1564 dicit
1047 1520 1131 1565 Od.
1167 1521 1248 1576 III,
1279 1525 1324 1576 2,
1354 1525 1414 1565 29
1441 1536 1562 1578 sqq.=
1604 1525 1746 1581 Saepe
1775 1524 2009 1583 Diespiter

298 1606 529 1665 neglectus
563 1606 731 1648 incesto
763 1604 941 1647 addidit
971 1606 1222 1664 integrum,
1252 1608 1379 1648 Raro
1409 1606 1739 1650 antecedentem
1771 1607 2006 1650 scelestum

299 1688 495 1730 deseruit
525 1688 632 1745 pede
654 1691 807 1731 Poena
834 1689 1012 1732 claudo.
1074 1690 1187 1734 Nam
1219 1690 1301 1735 hoc
1330 1692 1676 1747 magnificentius
1705 1692 1844 1736 dicam
1873 1705 2004 1748 quam

298 1783 378 1826 pro
411 1771 687 1826 simplicitate
727 1773 933 1814 orationis
965 1772 1252 1817 Tibullianae.
1314 1774 1452 1817 Immo
1495 1775 1736 1832 perfectum
1769 1776 2006 1820 celeritatis

295 1855 656 1909 significationem
693 1853 847 1909 habet,
893 1859 942 1898 ut
971 1855 1080 1898 insta
1112 1855 1170 1910 II,
1203 1858 1245 1909 4,
1278 1859 1362 1900 33:
1410 1856 1499 1898 Sed
1524 1856 1722 1914 pretium
1762 1857 1804 1901 si
1830 1858 2006 1917 grande

286 1939 448 1997 seras,
493 1938 700 1981 custodia
740 1938 864 1981 victa
904 1922 995 1982 estJ
1051 1941 1114 1982 Ac
1153 1939 1253 1982 vide
1295 1947 1496 1983 verterat
1538 1942 1726 1997 positum
1767 1943 1804 1997 1,
1845 1946 1890 1998 5,
1931 1945 2006 1987 38.

293 2021 452 2064 Monet
480 2033 584 2064 vero
615 2021 801 2076 Priapus
832 2022 1034 2063 celeriter
1071 2023 1255 2065 transire
1295 2027 1483 2066 aetatem
1527 2037 1614 2068 non
1657 2009 1862 2070 aniatoris
1897 2019 2004 2070 ⁴tan-

294 2104 533 2158 tummodo‚
564 2104 641 2148 sed
673 2104 803 2147 etiam
833 2105 972 2161 pueri,
1003 2107 1076 2146 καὶ
1107 2101 1265 2153 κάλλος
1293 2102 1424 2148 καλόν
1460 2109 1552 2150 ἐστι
1579 2104 1631 2150 τό
1662 2105 1876 2161 παιδικόν,
1907 2106 2006 2151 ἀλλ’

294 2183 438 2240 ὀλίγον
471 2185 524 2246 ζῆ
555 2188 609 2232 cf.
634 2188 894 2234 Tussocm'r.
922 2189 1090 2244 XXIII,
1114 2193 1188 2233 32.
1251 2193 1400 2237 Quare
1428 2193 1466 2235 si
1496 2193 1645 2236 tardus
1677 2194 1776 2247 eriS,
1805 2195 1882 2248 ait,
1913 2209 1999 2238 non

293 2276 343 2313 tu
374 2273 515 2314 solum
556 2272 727 2314 desines
771 2278 899 2328 aptus
944 2287 1039 2316 esse
1083 2275 1329 2329 amoribus,
1371 2277 1450 2318 sed
1488 2278 1612 2331 pueri
1657 2289 1830 2331 quoque
1871 2279 2004 2321 amati

293 2358 534 2397 marcescet
563 2353 863 2410 pulchritudo,
905 2370 985 2399 nec
1031 2357 1223 2399 manebit
1264 2371 1351 2413 quo
1381 2357 1466 2400 frui
1500 2358 1663 2415 cupias.
1725 2358 1856 2402 Hunc
1887 2360 2002 2403 enim

294 2451 390 2481 esse
421 2451 594 2480 sensum
624 2441 844 2494 sequentis
875 2440 985 2494 loci,
1016 2440 1117 2484 mihi
1144 2454 1231 2484 non
1262 2442 1467 2496 dubium,
1499 2444 1572 2496 qui
1603 2455 1716 2498 quae
1746 2441 1801 2484 de
1831 2441 1998 2486 formae

292 2524 339 2563 et
369 2520 697 2576 pulchritudinis
724 2522 902 2565 interitu
933 2523 1143 2578 dicentur,
1177 2537 1312 2580 puero
1345 2525 1490 2581 potius
1521 2538 1649 2580 quam
1678 2525 1860 2567 amatori
1890 2525 1998 2568 con-

292 2603 442 2646 venire
473 2603 614 2647 vide0.
687 2603 892 2648 Ceterum
925 2613 1122 2647 aetatem
1155 2606 1211 2649 de
1245 2607 1398 2650 florida
1439 2613 1484 2650 et
1524 2612 1681 2663 vegeta
1724 2612 1869 2651 aetate
1912 2608 1999 2652 dici

292 2692 474 2730 constat.
537 2688 602 2730 De
633 2689 846 2730 sententia
878 2688 1314 2731 Mmscmznmcums
1345 2689 1400 2731 ad
1430 2690 1583 2732 Horat.
1615 2691 1672 2744 Il,
1699 2694 1742 2744 5,
1771 2693 1842 2733 13.
1875 2704 1997 2734 com-

293 2776 418 2826 parat
458 2771 731 2814 THEOGNID.
767 2773 870 2814 963.
921 2764 1033 2821 αἶψα
1073 2768 1158 2828 γάρ
1205 2764 1311 2813 ὥστε
1350 2766 1491 2827 νόημα
1533 2774 1796 2829 παρέρχεται
1837 2769 1997 2828 α’γλαὸς

289 2844 392 2909 ἥβη.
424 2851 535 2896 Add.
567 2853 829 2895 Tuuocm'r.
858 2852 1044 2907 XXVII,
1072 2856 1115 2897 8.
1147 2875 1209 2886 -
1237 2866 1343 2896 non
1374 2855 1573 2908 segnis
1603 2859 1724 2897 stat
1754 2861 1998 2899 remeat-

291 2950 397 2990 que
439 2937 584 2990 dies,
629 2937 829 2979 celeriter
868 2937 989 2992 itque
1032 2938 1230 2993 reditque
1273 2938 1391 2991 dies,
1441 2939 1643 2981 celeriter
1688 2937 1861 2994 fugiunt
1901 2939 1996 2983 dies

290 3024 540 3074 noctesque.
601 3019 733 3062 Patet
766 3032 869 3062 vero
910 3033 997 3063 non
1037 3033 1167 3075 posse
1209 3021 1355 3075 iungi:
1403 3022 1549 3078 Quam
1588 3021 1676 3063 cito
1716 3036 1804 3064 non
1846 3022 1996 3080 segnis

290 3108 388 3145 stat
422 3106 531 3155 etc.·,
565 3101 647 3144 etsi
676 3100 781 3144 haec
811 3102 986 3157 antiqua
1016 3103 1308 3159 interpunctio
1338 3105 1422 3157 sit,
1459 3117 1570 3159 quae
1599 3105 1747 3147 nescio
1774 3106 1994 3160 quomodo

289 3186 434 3227 arrisit
476 3199 616 3241 nuper
657 3187 932 3235 GommnYo,
969 3211 1023 3219 -
1070 3189 1139 3231 Ad
1168 3202 1211 3231 v.
1243 3192 1316 3231 29.
1348 3189 1613 3231 Tuuocm'n
1643 3201 1817 3231 suavem
1849 3189 1995 3231 locum

291 3269 518 3312 conferunt
543 3252 710 3323 XXIII,
733 3273 793 3311 28
810 3284 904 3326 sqq.
938 3272 1051 3316 Vide
1083 3274 1214 3315 etiam
1243 3274 1432 3317 Vmam.
1465 3273 1620 3327 Eclog.
1649 3273 1707 3326 ΙΙ,
1741 3276 1812 3316 17.
1854 3274 1992 3318 ΡΜΝ.

290 3353 405 3397 Hist.
436 3353 492 3399 N.
523 3354 646 3408 XXI,
681 3358 733 3397 1:
766 3363 938 3397 natura
957 3357 1100 3412 flores
1132 3357 1371 3416 odoresque
1400 3356 1448 3399 in
1480 3356 1589 3398 diem
1618 3357 1783 3415 gignit,
1813 3371 1994 3416 magna,

292 3445 343 3479 ut
367 3437 526 3494 palam
555 3447 642 3485 est,
679 3438 975 3482 admonitione
1007 3440 1253 3488 hominum,
1289 3456 1403 3502 quae
1434 3439 1757 3498 spectatissime
1779 3441 1993 3497 floreant,
