2086 3756
862 207 906 258 T
910 204 1166 267 lBULLI.
1349 207 1351 209 ’
1735 224 1878 259 vau

176 353 302 400 haec
354 368 518 400 unum
563 360 724 401 restat
762 360 822 400 ut
859 361 1082 416 tangam.
1159 348 1366 398 Etenim
1418 357 1572 414 poeta
1623 347 1874 413 elegiacus

175 447 327 497 etiam
378 449 519 499 levat
563 456 744 512 pectus
774 462 946 496 ·suum
999 449 1167 497 effuso
1216 447 1271 496 in
1309 448 1472 500 verba
1509 448 1693 497 affectu
1736 443 1878 514 (Ari-

175 554 390 593 staenet.
426 544 465 604 Ι,
501 542 649 607 epist.
691 542 787 589 16:
836 533 1041 600 ‘'Anag
1074 535 1180 612 γοέρ
1218 535 1284 595 δι’
1323 536 1515 595 ὁτιοῦν
1555 533 1880 613 ἀχθόμενος

173 633 279 707 τήν
313 627 533 708 ψυχήν,
580 626 645 686 τὸ
687 632 916 687 λυποῦν
949 634 1192 689 ἐκλαλῶν
1233 634 1572 705 ἐπικουφίζει
1609 633 1707 704 τῆς
1743 627 1881 704 (ἔδη-

171 728 380 800 μονιάς
415 721 480 781 τὸ
515 719 746 797 βάρος),
783 726 929 796 quod
963 746 1015 780 v.
1054 747 1097 779 c.
1133 731 1304 781 solum
1342 730 1618 784 consilium
1653 730 1752 784 fuit
1789 729 1879 786 de«.

172 828 292 880 cimi
326 825 568 876 carminis
602 825 781 891 scripti
814 825 935 875 libr.
969 840 1080 891 pr.;
1117 835 1293 875 tamen
1321 826 1475 877 etiam
1503 828 1631 877 haec
1659 843 1744 880 res
1769 844 1879 880 non

171 932 248 970 est
293 922 436 987 paris
480 918 734 971 momenti
777 917 923 986 apud
970 935 1180 983 omneS,
1215 929 1292 970 ,ut
1341 919 1483 986 apud
1530 922 1881 987 Propertium.

170 1014 449 1080 Permagni
483 1031 610 1069 vero
652 1012 908 1067 momenti
944 1013 1088 1080 apud
1123 1013 1396 1067 Tibullum
1434 1025 1539 1077 est,
1589 1015 1682 1083 qui
1721 1034 1880 1083 quam

168 1113 435 1179 praeclare
473 1107 540 1160 ad
574 1108 716 1161 hunc
753 1110 1107 1165 commotioris
1140 1108 1302 1162 animi
1327 1110 1500 1164 nisum
1533 1127 1744 1164 cursum
1777 1113 1881 1167 ele·-

171 1209 373 1273 giarum
421 1204 765 1272 expresserit,
813 1203 986 1257 statim
1023 1202 1243 1258 videbis·
1334 1205 1445 1260 Iam
1482 1205 1621 1256 enim
1661 1223 1724 1258 eo
1762 1223 1883 1272 per-

174 1313 412 1366 ventum,
448 1311 508 1352 ut
543 1317 757 1352 cursum
791 1302 980 1352 harum
1019 1301 1300 1367 elegiarum
1342 1299 1712 1353 describamuS.

310 1399 704 1462 Distinguamus
742 1406 918 1447 autem
954 1407 1074 1448 ante
1125 1395 1302 1446 omnia
1350 1397 1597 1445 exordium
1610 1433 1626 1458 ‚
1679 1398 1883 1448 medium

171 1511 378 1556 carmen,
412 1496 604 1555 exitum,
641 1489 872 1545 adhibita
910 1491 992 1543 his
1028 1491 1202 1556 elegiis
1239 1491 1472 1545 Platonis
1512 1490 1880 1542 observatione

170 1592 228 1645 in
250 1588 492 1642 Phaedro
528 1589 796 1655 Pag.264.
821 1586 890 1639 C:
926 1579 1104 1644 Ἀλλοὶ
1143 1579 1269 1644 τόδε
1303 1606 1366 1657 γε
1399 1584 1565 1656 οἶμαί
1603 1605 1663 1639 σε
1700 1579 1879 1656 φάναι

173 1681 247 1740 ἄν
292 1683 404 1739 δεῖν
450 1675 642 1739 πάντα
691 1674 865 1753 λόγον
906 1676 1090 1751 ὥσπερ
1141 1681 1278 1748 ζῶον
1327 1676 1665 1737 συνεστάναι
1720 1676 1883 1754 σῶμά

171 1798 234 1833 τε
284 1781 485 1850 ἔχοντα
534 1770 715 1834 αὐτὸν
765 1770 971 1839 αὑτοῦ,
1022 1773 1159 1833 ὥστε
1207 1769 1354 1847 μήτε
1407 1772 1692 1846 ἀκέφαλον
1737 1778 1883 1834 εἶναι

169 1869 316 1945 μήτε
354 1870 574 1939 ἄπουν,
613 1865 755 1944 ἆλλοέ
789 1871 939 1943 μέσοι
973 1892 1036 1927 τε
1070 1875 1216 1947 ἔχειν
1254 1872 1348 1929 καὶ
1390 1867 1565 1943 ἄκρα,
1611 1864 1882 1942 πρέποντ’

169 1961 431 2038 ἆλλήλοις
457 1967 547 2027 καὶ
582 1967 656 2040 τῷ
695 1963 800 2039 ὅλῳ
828 1966 1219 2038 γεγραμμένα.
1292 1968 1464 2037 Atque
1491 1969 1737 2019 exordium
1766 1969 1883 2037 qui-

169 2063 287 2121 dem
322 2065 554 2132 primum
586 2065 840 2132 impetum
877 2066 1065 2116 habet:
1104 2064 1234 2134 quid
1271 2065 1338 2116 sit
1375 2063 1520 2134 quod
1557 2075 1884 2119 commoveat

170 2163 430 2227 animum,
477 2160 622 2231 quod
656 2161 936 2228 gaudium,
989 2161 1107 2230 quis
1145 2161 1314 2228 dolor,
1352 2164 1468 2231 quis
1505 2172 1702 2227 metus,
1741 2160 1885 2230 quod

172 2254 487 2308 desiderium
525 2267 616 2313 aut
653 2258 959 2322 eonsilium,
1010 2259 1270 2311 festumne
1309 2259 1375 2310 sit
1412 2258 1555 2327 quod
1595 2260 1888 2311 celebretur

172 2370 240 2402 an
278 2351 422 2407 aliud
457 2351 588 2420 quid
631 2351 875 2405 inciderit
917 2353 1114 2405 laetum
1149 2355 1234 2404 vel
1272 2352 1448 2416 triste,
1499 2353 1727 2423 primum
1762 2352 1885 2406 hinc

171 2448 364 2515 disca83
397 2467 521 2505 nam
555 2450 728 2515 prima
765 2452 816 2500 et
850 2449 1271 2516 praesentissima
1306 2451 1385 2503 vis
1428 2461 1505 2501 est
1541 2450 1704 2517 ipsius
1739 2451 1887 2517 prin-

169 2545 348 2612 cipalis
384 2545 600 2599 affectus
636 2544 724 2596 vel
759 2545 1059 2606 sententiae,
1095 2544 1253 2595 huius
1278 2543 1437 2608 igitur
1466 2547 1612 2595 locus
1637 2546 1887 2612 proprius

167 2643 226 2695 in
275 2639 523 2704 exet-die,
582 2649 633 2691 et
684 2638 1130 2709 quemadmodum
1177 2640 1376 2690 flumen
1428 2639 1602 2690 subito
1652 2641 1887 2693 laxatum

168 2739 336 2792 fervet
377 2735 529 2791 initio
578 2735 954 2802 impetuosum,
1016 2735 1088 2791 sic
1138 2733 1284 2802 quod
1337 2733 1567 2802 primum
1617 2734 1676 2788 in
1724 2734 1887 2787 verba

168 2831 360 2900 prodit,
394 2831 505 2888 fere
537 2829 764 2886 vividius
797 2828 992 2896 prodit.
1064 2827 1184 2891 Quo
1222 2830 1451 2896 pertinet
1480 2830 1634 2880 etiam
1664 2828 1885 2881 mutatio

170 2930 342 2981 subita
378 2926 695 2990 sententiae,
745 2943 901 2994 saepe
954 2926 1112 2980 obvia
1148 2928 1205 2978 in
1242 2927 1501 2994 principio
1540 2928 1733 2978 horum
1772 2945 1886 2977 car-

169 3025 388 3080 minum.
479 3022 564 3079 Sic
600 3023 642 3087 I,
678 3028 730 3088 2,
768 3029 819 3079 7.
866 3023 1099 3089 primum
1140 3023 1464 3089 imprecatur
1512 3023 1701 3078 ianuae
1749 3025 1885 3075 mala

170 3130 342 3188 poeta,
391 3129 502 3170 tum
538 3127 738 3169 mutato
775 3118 1031 3169 sententia
1068 3128 1285 3185 repente
1324 3129 1488 3184 rogat,
1527 3129 1586 3169 ut
1626 3129 1799 3185 pateat
1837 3128 1886 3169 et

173 3217 427 3279 ignoscat,
482 3213 526 3264 si
577 3229 686 3281 qua
730 3212 867 3266 mala
918 3210 1126 3264 dixerit.
1214 3213 1349 3267 Mox
1387 3215 1427 3279 Ι,
1467 3216 1516 3275 5,
1555 3218 1605 3265 5.
1643 3213 1887 3265 omnibus

175 3327 229 3359 se
268 3309 579 3360 cruciatibus
625 3307 782 3360 offert
831 3304 897 3357 ad
946 3305 1193 3358 luendam
1243 3325 1498 3375 poenam,
1552 3307 1691 3375 quod
1734 3308 1891 3356 absti-

1327 3410 1403 3451 02
