2086 3756
234 226 367 260 cxnu
920 207 1017 257 DE
1053 204 1253 260 POESI

233 350 366 403 miro
393 351 627 404 acumine
654 348 1005 417 undequaque
1036 347 1178 399 ducit
1206 347 1467 400 Tibullus.
1534 349 1682 402 Adde
1711 339 1935 420 denique

232 445 361 497 ibid.
387 447 479 511 IV,
505 451 556 495 3.
602 462 794 496 novam
842 442 999 493 totius
1045 443 1330 494 sententiae
1367 442 1680 495 divisionem
1728 465 1814 498 vv.
1853 463 1938 495 oa-

228 547 346 606 gari
375 552 426 590 et
465 541 765 590 concumbere
800 548 1046 588 notatam.
1079 565 1154 574 —
1210 538 1500 589 Veniamus
1536 556 1678 589 nunc
1715 539 1780 589 ad
1814 542 1939 608 qu-

219 637 458 697 damum,
501 631 640 698 apud
679 649 836 698 quem
869 629 1253 698 propemodum
1291 632 1426 681 nihil
1457 630 1759 683 huiusmodi
1788 633 1939 684 inve-

232 728 362 777 nias.
434 725 735 792 Lygdamus
773 724 1087 792 amplificare
1125 735 1276 788 amat,
1315 735 1375 774 ut
1413 725 1612 792 ubique
1648 724 1825 777 videas
1854 742 1939 776 re-

230 821 479 889 petitione
517 819 750 870 eiusdem
787 820 1100 884 sententiae3
1158 821 1260 870 hoc
1301 836 1428 871 vero
1469 819 1686 870 artificio
1725 820 1939 870 minime

231 932 437 980 semper
471 924 610 964 recte
650 915 836 978 utitur,
877 913 969 963 sed
1007 914 1211 980 saepius
1253 923 1360 963 tam
1395 914 1595 979 inepte,
1629 922 1690 962 ut
1725 911 1791 963 ad
1828 924 1939 964 tae-

232 1007 376 1059 dium
399 1026 563 1076 usque
586 1010 812 1059 cumulet
833 1006 990 1057 idem.
1038 1006 1175 1058 Vide
1200 1005 1357 1057 modo
1379 1008 1507 1057 haec
1533 1006 1622 1070 III,
1642 1008 1691 1070 4,
1712 1010 1777 1057 85
1797 1024 1938 1077 sqq.:

372 1101 511 1152 Nam
546 1112 595 1150 te
637 1119 732 1152 nec
770 1103 904 1153 vasti
937 1112 1232 1166 genuerunt
1269 1117 1501 1167 aequora
1537 1098 1713 1167 ponti,

440 1194 552 1245 Nec
585 1193 848 1244 flammam
884 1196 1099 1257 volvens
1136 1211 1226 1244 ore
1261 1193 1536 1243 Chimaera
1576 1193 1721 1258 fero,

370 1287 482 1339 Nec
520 1289 661 1337 canis
700 1287 958 1352 anguinea
994 1286 1264 1338 redimitus
1301 1299 1447 1352 terga
1483 1297 1715 1352 caterva,

448 1381 550 1431 Cui
584 1392 690 1432 tres
731 1392 854 1431 sunt
890 1383 1098 1447 linguae
1136 1383 1585 1450 tergeminumque
1622 1389 1801 1448 caput,

375 1473 653 1543 Scyllaque
689 1475 977 1541 virgineam
1013 1475 1229 1526 canibus
1267 1476 1526 1528 succincta
1560 1477 1808 1542 figuram,

442 1567 555 1620 Nec
591 1579 642 1619 te
683 1581 986 1636 conceptam
1024 1588 1178 1623 saeva
1211 1572 1394 1620 leaena
1428 1572 1573 1633 tulit,

370 1664 606 1714 Barbara
641 1682 740 1714 nec
776 1663 1018 1731 Scythiae
1054 1666 1207 1715 tellus
1248 1663 1579 1717 horrendave
1617 1660 1805 1731 Syrtis.

228 1756 476 1807 Eiusdem
513 1759 751 1824 perversi
783 1758 963 1811 iudicii
1000 1770 1077 1809 est
1112 1759 1437 1810 enumeratio
1473 1761 1630 1823 longa
1673 1757 1939 1817 scelerum,

229 1869 364 1918 quae
399 1870 509 1902 non
544 1852 810 1903 admiserit
841 1853 941 1917 ΙΙΙ,
974 1857 1022 1917 5,
1055 1855 1232 1904 7-14.
1279 1850 1420 1922 (cum
1459 1869 1566 1920 quo
1601 1852 1720 1902 loco
1758 1844 1942 1901 confer

229 1949 499 1998 Tibullum
528 1949 580 2011 Ι,
617 1954 678 2011 3,
709 1951 793 1998 51.
820 1952 906 1998 52.
943 1947 1138 2014 optime
1175 1948 1313 1998 intra
1357 1948 1524 1999 iustos
1557 1947 1688 1999 fines
1727 1962 1780 1995 se
1815 1961 1941 1995 con-

226 2039 528 2107 tinentem),
565 2052 831 2109 postremo
869 2054 979 2094 tota
1013 2044 1174 2109 elegia
1207 2043 1388 2108 tertia,
1426 2042 1519 2094 ubi
1554 2039 1942 2109 propemodum

226 2138 425 2204 ubique
453 2137 710 2203 repetitur
731 2136 885 2202 idem,
917 2136 1119 2190 divitias
1148 2155 1201 2188 se
1232 2149 1563 2197 contemnere
1591 2154 1718 2204 prae
1747 2153 1943 2187 amore.

224 2232 366 2281 Haec
403 2232 561 2296 igitur
609 2234 744 2282 mala
796 2244 943 2296 sunt,
995 2234 1095 2283 alia
1143 2234 1254 2283 sine
1292 2233 1448 2294 vitio,
1508 2232 1767 2296 elegantes
1810 2247 1940 2282 vero

227 2324 412 2377 modos
449 2326 876 2392 amplificationiS,
915 2327 1095 2394 quales
1131 2325 1268 2394 apud
1292 2309 1942 2394 PropertiumJnusquam

226 2418 400 2471 video·
472 2421 648 2488 Atque
696 2421 823 2470 haec
867 2419 930 2470 de
969 2422 1070 2471 his.
1151 2420 1492 2472 Divisionum
1539 2436 1667 2473 vero
1720 2436 1803 2469 ars
1850 2419 1943 2469 Ti-

226 2517 489 2580 bulliana,
531 2527 588 2567 ut
621 2516 727 2567 iam
759 2535 917 2583 supra
955 2516 1088 2581 dixi,
1136 2519 1282 2569 abest
1319 2519 1384 2568 ab
1423 2518 1658 2568 oratione
1684 2498 1942 2583 Lygdami

229 2605 466 2675 (omnino
504 2628 724 2675 perraro
765 2610 929 2660 utitur
959 2609 1228 2662 divisione.
1302 2608 1459 2672 Quod
1492 2611 1570 2661 III
1605 2615 1656 2660 2.
1691 2610 1825 2660 ritus
1861 2626 1942 2659 se-

224 2703 483 2767 pulcrales
521 2721 619 2769 per
651 2713 827 2769 partes
863 2714 1263 2767 enumerantur,
1315 2690 1647 2770 profecto-in
1685 2721 1747 2754 eo
1784 2720 1940 2754 nemo

225 2795 333 2847 vim
356 2796 554 2846 Tibulli
588 2796 780 2849 viderit
801 2797 998 2865 ubique
1041 2808 1092 2848 et
1121 2798 1174 2847 in
1200 2797 1344 2847 omni
1371 2816 1429 2848 re
1467 2797 1750 2851 divisiones
1777 2814 1941 2847 mem-

225 2892 445 2941 brorum
491 2890 734 2941 facillime
769 2887 1138 2960 invenientis);
1197 2909 1330 2958 quae
1365 2910 1450 2943 res
1485 2902 1593 2942 tam
1631 2902 1809 2959 aperta
1850 2901 1941 2956 est,

226 2996 287 3035 ut
322 2986 436 3035 iure
484 2984 689 3035 mireris
742 3003 851 3035 non
890 2985 1313 3037 animadvertisse
1366 3004 1454 3038 eos
1467 3024 1482 3051 ‚
1537 2988 1631 3055 qui
1667 2987 1940 3038 Tibullum

225 3092 491 3132 auctorem
506 3081 662 3132 huius
679 3082 802 3131 libri
816 3083 1115 3133 habuerunt
1131 3094 1181 3133 et
1195 3085 1406 3134 habent.
1443 3086 1604 3134 Plane
1621 3101 1727 3135 non
1746 3085 1938 3135 factum

227 3185 337 3224 erat
356 3175 512 3225 huius
534 3186 716 3240 poetae
739 3175 1008 3240 ingenium
1037 3176 1101 3226 ad
1119 3179 1254 3227 hanc
1278 3178 1500 3227 formam
1531 3195 1807 3230 nervosam
1831 3180 1938 3229 elo-

227 3268 449 3320 cutionis
479 3267 788 3335 fingendam,
822 3270 912 3338 qui
939 3271 1151 3364 omnino
1177 3271 1227 3322 vi
1252 3272 1413 3321 multo
1433 3271 1652 3322 inferior
1671 3283 1747 3323 est
1764 3273 1936 3325 Albio.

2072 243 2082 350 ἒ

2078 355 2086 445 ἒ

2073 2501 2082 2531 ³
