2158 3750
355 321 378 367 1
425 322 453 364 8
746 309 1214 367 COMMENTAR.
1248 311 1323 364 IN
1363 314 1646 370 TIBULLI

391 322 415 366 -Ι

797 682 1358 744 ELEGIA
1484 686 1592 748 IX.

944 1125 1459 1184 INTRODUCTIO.

348 1334 471 1427 Qui
508 1361 559 1400 ut
589 1355 771 1399 Vossius
801 1353 1000 1397 dubitant
1028 1351 1252 1396 Tibullum
1283 1362 1517 1408 puerorum
1555 1349 1774 1395 amoribus
1813 1350 2044 1418 aliquando

343 1443 557 1486 irretitum
600 1440 757 1492 fuisse,
804 1450 890 1482 non
935 1439 1142 1492 legerunt
1181 1440 1350 1480 attente
1393 1433 1476 1479 hoc
1519 1447 1721 1490 carmen,
1758 1435 1807 1480 in
1835 1448 1924 1491 quo
1953 1440 2041 1481 tam

344 1539 502 1582 graves
529 1524 620 1566 irae
649 1523 911 1580 conspicuae
942 1526 1044 1565 sunt
1073 1526 1162 1564 tam
1194 1519 1336 1563 vivida
1369 1508 1571 1563 oratione
1600 1531 1863 1575 expressae,
1906 1522 1956 1561 ut
1983 1518 2041 1563 de

333 1610 512 1653 fictione
539 1607 678 1650 totius
705 1605 771 1648 rei
801 1605 920 1647 nullo
952 1604 1083 1647 modo
1114 1602 1299 1658 cogitari
1330 1602 1483 1657 pessit,
1513 1603 1596 1646 etsi
1622 1603 1670 1654 in,
1697 1601 1834 1646 maius
1863 1605 2038 1651 auctam

333 1704 442 1748 eam,
480 1667 728 1734 concedam.
801 1689 934 1744 Atqui
987 1689 1025 1731 si
1080 1687 1206 1732 huius
1260 1686 1434 1742 elegiae
1485 1688 1789 1741 argumentum
1833 1691 2038 1736 nonest

330 1774 495 1826 fictum,
521 1784 608 1826 quo
638 1771 733 1813 iure
761 1775 940 1824 quartae
969 1774 1015 1812 et
1045 1773 1227 1812 octavae
1259 1768 1490 1813 veritatem
1518 1767 1702 1811 subesse
1733 1762 2035 1830 negabimus?

326 1855 468 1910 Igitur
497 1853 698 1897 Tibullus
738 1856 890 1908 captus
921 1855 1018 1895 erat
1057 1862 1207 1893 amore
1250 1850 1377 1906 pueri
1420 1849 1671 1904 cuiusdam,
1695 1847 1901 1895 Marathi
1926 1861 1954 1892 a
1981 1860 2035 1893 se

328 1938 458 1992 dicti,
499 1950 628 1993 quem
660 1949 745 1991 ego
774 1936 906 1979 etiam
935 1935 981 1978 in
1010 1932 1094 1978 hoc
1125 1933 1318 1977 carmine
1348 1933 1606 1990 intelligam.
1679 1934 1817 1978 Deest
1856 1931 2032 1988 quidem

324 2020 510 2074 nomen,
550 2019 628 2062 sed
670 2032 769 2062 cum
811 2017 896 2061 hoc
934 2018 1109 2061 aliunde
1152 2021 1305 2060 notum
1349 2022 1509 2070 esset,
1540 2030 1654 2061 nunc
1683 2017 1790 2062 satis
1817 2015 1955 2061 visum
1986 2016 2030 2074 in

324 2107 415 2146 tam
456 2102 579 2157 gravi
609 2099 916 2156 obiurgatione
945 2111 1072 2142 suum
1103 2110 1288 2154 puerum
1319 2096 1484 2140 dcere.
1558 2099 1610 2141 Si
1638 2097 1749 2141 alius
1777 2109 1890 2154 puer
1919 2095 2028 2140 fuis-

323 2190 416 2239 set,
466 2185 711 2237 legeremus
754 2182 910 2238 opinor
951 2192 1133 2233 nomen,
1186 2183 1236 2222 ut
1275 2179 1412 2222 moris
1452 2184 1520 2223 est
1563 2180 1608 2223 in
1648 2179 1715 2223 his
1753 2179 2028 2224 carminibus.

322 2268 412 2311 Hic
442 2268 581 2322 igitur
610 2264 838 2308 Marathus
867 2268 969 2320 post
999 2268 1200 2318 tempora
1227 2264 1401 2318 elegiae
1429 2264 1509 2308 IV.
1542 2269 1588 2308 et
1625 2263 1748 2309 V111.
1776 2264 2026 2308 muneribus

321 2355 476 2406 captus
516 2349 611 2392 seni
651 2348 820 2391 cuidam
861 2346 1100 2404 pecunioso
1129 2358 1181 2390 se
1208 2345 1417 2399 dederat,
1467 2359 1580 2401 quae
1621 2345 1797 2402 quidem
1838 2348 2026 2404 pessima

318 2432 503 2490 perfidia
531 2433 592 2475 ita
623 2432 829 2475 excitavit
866 2431 974 2474 iram
1004 2431 1196 2485 Tibulli,
1240 2435 1291 2474 ut
1321 2431 1575 2486 gravissime
1604 2443 1719 2475 nunc
1754 2432 1800 2475 in
1830 2443 1926 2476 eam
1956 2432 2026 2476 in-

316 2512 523 2572 vehatur,
563 2529 645 2559 nec
681 2527 775 2559 rem
819 2514 980 2558 babere
1024 2516 1067 2558 in
1105 2518 1330 2572 posterum
1368 2527 1467 2558 cum
1498 2526 1552 2558 eo
1590 2515 1707 2558 velit.
1779 2513 1864 2557 Est
1889 2513 2025 2569 igitur

313 2608 613 2656 argumentum
642 2600 852 2656 simplex,
896 2599 1058 2655 quippe
1098 2599 1215 2654 qnod
1255 2603 1396 2643 totum
1433 2597 1743 2658 obiurgatione
1782 2603 1829 2643 et
1849 2612 2022 2656 poenae

312 2685 652 2728 denuntiatione
683 2685 978 2737 contineatur,
1019 2696 1072 2727 ac
1112 2683 1216 2739 quid
1246 2684 1364 2727 aliud
1402 2689 1638 2740 praeterea
1672 2684 1817 2740 potuit
1855 2685 1900 2728 in
1943 2683 2021 2738 tali

310 2781 385 2822 re,
432 2781 562 2823 quam
588 2769 816 2824 increpare
846 2779 1058 2824 puerum,
1103 2772 1197 2810 tum
1240 2767 1326 2823 ipsi
1368 2771 1413 2810 et
1443 2767 1688 2823 corruptori
1715 2779 1877 2824 poenas
1906 2778 2017 2811 nun-

308 2853 422 2896 tiare
461 2852 676 2896 meritas?
736 2852 861 2895 Iuvat
901 2864 1007 2894 vero
1039 2851 1342 2894 tractationem
1373 2851 1648 2896 considerare
1676 2851 1834 2896 rationi
1863 2856 1910 2901 et
1943 2853 2016 2901 ,in-

307 2934 399 2978 doli
430 2936 616 2990 elegiaci
645 2935 875 2987 carminis,
915 2938 966 2976 ut
993 2932 1098 2976 mihi
1122 2934 1298 2988 quidem
1327 2934 1524 2989 videtur,
1566 2937 1611 2979 in
1641 2937 1716 2980 tali
1747 2948 1797 2981 re
1824 2937 2015 2987 maximo

307 3019 646 3063 convenientem.
709 3017 914 3060 Cernitur
955 3015 1063 3061 haec
1102 3031 1217 3061 nunc
1258 3018 1304 3062 in
1347 3031 1428 3072 eo,
1467 3018 1583 3074 quod
1613 3023 1745 3076 poeta
1773 3017 2011 3063 identidem

303 3102 466 3157 repetit
510 3107 556 3144 et
599 3101 778 3144 resumit
822 3100 930 3143 illud
974 3107 1306 3156 argumentum,
1359 3107 1407 3146 ut
1450 3104 1564 3146 solet
1607 3102 1790 3146 affectus
1834 3102 2007 3158 saepius

302 3183 446 3225 redire
475 3183 531 3226 ad
561 3183 676 3227 idem
705 3184 831 3227 aliter
870 3189 1002 3240 atque
1045 3187 1174 3230 aliter
1210 3186 1499 3230 tractandum.
1561 3185 1664 3229 Huc
1690 3185 1827 3240 igitur
1855 3185 2008 3242 dispo-

300 3263 403 3307 sitio
443 3264 642 3307 carminis
682 3265 924 3309 revocanda
966 3267 1050 3310 fuit
1092 3281 1120 3310 a
1160 3268 1312 3321 nobis,
1359 3281 1488 3323 quam
1539 3280 1653 3311 nunc
1695 3280 2001 3324 proponemus.

299 3345 494 3389 Affectus
535 3347 580 3390 in
621 3349 765 3391 animo
804 3349 1073 3395 dominantes
1114 3351 1353 3407 prodeunt,
1411 3357 1461 3395 ut
1501 3364 1580 3408 par
1622 3355 1714 3405 est,
1766 3351 1911 3394 statim
1956 3351 2000 3396 in

297 3429 554 3475 exordio.
615 3431 817 3488 Erumpit
843 3434 976 3489 igitur
996 3437 1140 3480 statim
1169 3435 1238 3480 hic
1264 3436 1526 3491 obiurgatio,
1559 3446 1672 3478 nunc
1696 3433 1869 3489 quidem
1895 3433 1996 3477 bre-
2145 3474 2148 3486 4

2139 1791 2158 1967 'i

2139 2013 2158 2243 ἔ
