2158 3750
693 251 876 306 LIBR.
912 252 1004 304 111.
1075 249 1281 304 ELEG.
1316 250 1410 304 IV.
1795 250 1897 304 343

193 398 423 442 somnia.
483 397 747 442 Annotatum
787 403 884 454 est,
933 411 1083 444 vocem
1113 398 1324 456 imprimis
1353 396 1409 442 de
1437 393 1682 455 irrequietis
1712 398 1891 440 somnus

190 481 351 526 dictam
391 480 552 536 videri,
598 482 735 525 veluti
765 482 962 526 Pul-uus
992 481 1094 536 XX,
1125 494 1161 526 s.
1192 485 1266 526 72.
1317 477 1538 523 insomnia
1581 475 1727 522 levari
1773 477 1891 522 dicat

190 567 310 609 aniso
339 566 383 609 in
414 565 589 622 pulvino
617 578 852 623 suspenso,
882 570 932 609 ut
961 565 1225 610 dormientes
1256 565 1474 610 olfaciant.
1505 587 1568 599 —
1609 562 1722 608 Mox
1751 564 1886 620 vulgo

190 655 389 691 extrema
443 652 624 692 nocte.
701 647 815 692 Nam
857 649 1025 692 somnia
1065 660 1217 692 versus
1261 649 1392 692 finem
1432 647 1571 692 noctis
1611 647 1744 703 vulgo
1785 658 1889 690 vera

188 745 286 776 esse
328 737 500 777 veteres
541 731 816 786 statuebant,
863 745 964 776 cum
1006 731 1104 774 dies
1147 732 1340 775 instaret.
1413 731 1490 775 Sic
1530 731 1891 774 Baoucxnusms

186 813 344 858 Horat.
372 815 470 860 Sat.
498 812 535 867 1,
566 816 638 867 10,
669 815 744 856 33.
775 811 947 855 laudat:
991 811 1140 854 vetuit
1178 826 1245 854 me
1276 811 1367 854 tali
1395 827 1499 855 voce
1529 811 1749 869 Quirinus
1776 813 1891 854 Post

186 893 376 937 mediam
414 901 590 938 noctem
630 892 781 941 visus,
825 905 928 935 cum
954 891 1129 935 somnia
1160 906 1295 941 vera,
1342 893 1416 937 ubi
1447 894 1505 938 cf.
1534 894 1893 939 Hssmnonmuu.

184 977 298 1021 vide
328 977 457 1020 etiam
486 977 624 1020 Ovm.
653 974 838 1020 Heroid.
868 973 992 1030 XIX,
1025 978 1140 1019 1952
1174 975 1380 1035 Namque
1407 975 1493 1019 sub
1523 976 1770 1026 Auroram,
1797 976 1891 1019 iam

186 1059 457 1103 dormitante
484 1058 686 1114 lucerna,
713 1058 897 1104 Somnia
925 1075 1014 1119 quo
1045 1059 1166 1102 cerni
1194 1066 1387 1117 tempore
1414 1074 1523 1104 vera
1546 1059 1704 1104 solent.
1765 1058 1891 1104 Adde

183 1145 429 1189 Dnaxssnu.
458 1144 516 1188 ad
545 1146 629 1188 Sil.
658 1144 757 1189 Ital.
782 1144 863 1199 111,
887 1147 992 1188 200.
1053 1145 1268 1188 Romanis
1299 1143 1407 1188 haec
1436 1149 1591 1200 quarta
1618 1144 1890 1202 pars‘noctis

184 1226 292 1280 fnit,
323 1227 508 1270 Graecis
540 1227 695 1281 tertia,
735 1225 793 1271 cf.
820 1227 1005 1270 Moscm
1036 1226 1204 1284 Europ.
1236 1240 1277 1271 v.
1308 1230 1439 1271 2-52
1485 1223 1663 1275 Νυκτδς
1690 1222 1761 1270 ὅτε
1790 1230 1888 1286 τρί-

180 1325 316 1351 τατον
347 1306 482 1364 λάχος
513 1307 716 1361 ἵσταται,
747 1305 905 1364 ἔγγύθι
935 1306 979 1352 δ’
1008 1305 1094 1367 ἠώς
1130 1333 1188 1342 --
1218 1296 1332 1352 Εὖτε
1362 1311 1437 1352 καὶ
1474 1306 1684 1368 α’τρεκέων
1712 1314 1890 1361 ποιμαί-

182 1410 304 1436 νεται
336 1393 466 1441 ἔθνος
495 1389 685 1451 ὀνείρων.
744 1392 839 1436 Sed
869 1405 955 1436 non
986 1405 1097 1449 opus
1138 1390 1204 1435 his
1234 1393 1455 1447 omnibus3
1500 1406 1603 1437 vera
1633 1394 1763 1438 lectio
1794 1406 1889 1436 me-

182 1476 336 1519 liorum
367 1474 564 1519 hester
576 1488 640 1518 na
669 1478 762 1529 est,
802 1473 844 1518 h.
873 1485 915 1517 e.
947 1486 1037 1517 nox
1065 1473 1197 1518 modo
1221 1476 1551 1532 ,praeterlapsffi
1582 1477 1716 1519 veluti
1748 1477 1884 1520 Ovm.

181 1559 365 1605 Heroid.
394 1559 520 1614 XIX,
549 1563 624 1604 72.
687 1559 819 1607 Quod
858 1559 1021 1603 bonum
1050 1563 1099 1602 et
1127 1558 1318 1614 sufficit3
1361 1564 1533 1616 tempus
1565 1559 1708 1602 noctis
1740 1562 1788 1601 ut
1818 1560 1886 1600 in-

180 1641 372 1698 dicaret,
413 1654 593 1687 necesse
627 1654 715 1685 non
745 1645 853 1685 erat.
885 1664 947 1675 —
990 1641 1044 1686 V.
1075 1645 1118 1685 3.
1151 1643 1193 1684 4.
1235 1641 1357 1685 locus
1401 1646 1451 1685 ut
1480 1642 1524 1685 in
1555 1646 1682 1685 textu
1725 1641 1886 1696 legitur

180 1731 436 1783 corruptus,
485 1726 542 1770 de
582 1740 670 1782 quo
706 1725 898 1770 sanando
939 1725 1189 1783 discrepant
1219 1726 1380 1770 iudicia
1409 1727 1711 1784 interpretum.
1771 1726 1882 1768 Cum

179 1812 224 1853 in
244 1810 409 1855 maiore
439 1815 566 1868 parte
595 1810 804 1855 librorum
832 1812 963 1856 vani
992 1813 1178 1867 legatur,
1208 1811 1403 1855 defendit
1431 1810 1513 1855 hoc
1533 1824 1671 1867 nuper
1698 1810 1886 1854 Huscn-

183 1907 287 1937 tuus
317 1895 409 1949 sic,
446 1899 497 1938 ut
525 1907 626 1938 cum
655 1894 948 1938 Pissaunro
978 1894 1200 1937 vanidicos
1231 1894 1492 1950 interpretes
1521 1893 1787 1937 somnIorum
1819 1893 1885 1935 in·-

180 1978 439 2033 telligendos
461 1976 761 2022 contenderet.
820 1976 1015 2019 Frustra.
1077 1977 1202 2020 Bene
1229 1980 1455 2020 monuerat
1480 1975 1724 2019 Harmas:
1756 1974 1885 2029 „Hos

177 2061 376 2104 absolute
406 2074 551 2102 vanos
578 2059 790 2116 appellari
819 2071 906 2114 qua
935 2057 1104 2102 ratione
1131 2062 1177 2101 et
1205 2059 1408 2114 exemplo
1438 2058 1556 2103 dicas
1567 2059 1623 2102 ‘3⁶‘
1654 2058 1751 2102 Nec
1781 2071 1886 2114 pro-

183 2147 301 2190 bavit
330 2145 614 2189 Huscnxms.
673 2146 912 2188 Praeterea
940 2143 1082 2187 aliena
1112 2143 1170 2187 ab
1201 2142 1284 2188 hoc
1320 2143 1420 2187 loco
1452 2147 1521 2186 est
1551 2143 1700 2186 talium
1741 2140 1882 2185 homi-

181 2240 283 2271 num
311 2228 505 2282 menti03
546 2227 759 2270 insomnia
789 2226 1076 2284 deprecatur,
1106 2227 1369 2282 interpretes
1400 2226 1663 2270 somniorum
1694 2238 1773 2269 cur
1802 2226 1884 2268 im-

181 2310 397 2363 misceret,
429 2322 562 2352 causa
591 2309 711 2352 nulla
739 2313 848 2363 erat,
879 2308 1012 2352 immo
1037 2308 1250 2363 frangitur
1278 2309 1343 2351 vis
1371 2310 1470 2362 loci,
1499 2309 1574 2351 ubi
1600 2322 1679 2365 pro
1707 2307 1885 2351 somniis

178 2395 440 2449 interpretes
467 2390 734 2434 somniorum
761 2390 919 2434 abesse
949 2389 1172 2435 iubentur.
1246 2391 1432 2434 Accedit
1460 2390 1578 2445 quod
1607 2404 1722 2434 nunc
1752 2403 1883 2433 sensu

176 2482 326 2521 carent
367 2476 619 2532 sequeutia:
667 2474 1000 2530 falsumque
1046 2475 1302 2518 avertite
1348 2476 1556 2530 visum,
1605 2489 1683 2532 pro
1725 2475 1882 2530 quibus

176 2561 294 2616 quod
325 2560 597 2603 Huscmmss
637 2557 905 2602 substituere
936 2558 1040 2601 velit
1079 2570 1180 2601 cum
1211 2557 1662 2603 Wununnnmzmoe
1697 2556 1882 2616 falsum

176 2660 230 2688 ne
261 2643 487 2687 advertite
515 2642 685 2690 visum,
733 2644 831 2699 quis
862 2656 949 2686 non
990 2642 1130 2699 primo
1161 2642 1371 2699 adspectu
1401 2642 1521 2686 videt
1550 2641 1737 2685 maxime
1767 2641 1881 2684 ieiu-

175 2740 277 2772 num
320 2732 368 2771 et
404 2728 599 2784 ineptum
629 2726 764 2770 esse?
823 2724 949 2770 Haec
989 2725 1124 2781 igitur
1167 2726 1310 2769 omnia
1354 2724 1486 2769 nihili.
1561 2723 1708 2778 Magis
1750 2724 1882 2766 etiam

177 2824 382 2868 perversa
411 2810 650 2855 annnuu
683 2814 729 2855 et
754 2811 923 2855 snm
955 2811 1207 2868 explicatio,
1238 2811 1314 2866 qui
1343 2811 1617 2856 simulatores
1650 2807 1882 2853 mendaces

176 2895 442 2938 somniorum
469 2894 808 2951 interpretantur
831 2908 987 2940 vanos,
1016 2893 1072 2937 de
1101 2907 1192 2950 quo
1225 2894 1309 2938 iam
1340 2893 1531 2938 Vossius
1563 2891 1686 2936 dixit.
1749 2893 1879 2937 Quae

178 2990 277 3021 cum
318 2978 381 3020 ita
410 2977 524 3031 sint,
567 2976 673 3020 ferri
701 2977 822 3020 nullo
851 2976 982 3020 modo
1020 2976 1129 3021 vani
1169 2980 1331 3033 potest.
1394 2975 1487 3019 Iam
1519 2974 1708 3019 Vossms
1739 2972 1881 3016 somni

123 3070 129 3075 ·
177 3059 390 3112 coniecit3
436 3057 516 3102 scd
556 3070 640 3102 nec
679 3059 940 3114 intelligitur
980 3059 1202 3115 quomodo
1234 3057 1319 3104 hoc
1351 3059 1395 3102 iu
1427 3057 1537 3101 vani
1566 3057 1751 3111 abierit,
1797 3069 1880 3099 nec

178 3154 332 3184 sensus
379 3139 424 3183 id
468 3141 667 3195 requirit.
755 3140 870 3185 Nam
919 3145 1020 3198 post
1066 3142 1231 3186 verba=
1289 3155 1393 3186 nec
1437 3142 1558 3185 siut
1601 3139 1882 3184 insomnia

178 3236 333 3275 vera,
382 3224 540 3270 Quae
583 3223 725 3267 tulit
755 3221 1035 3269 hesterna
1077 3226 1321 3284 pessiiua
1363 3229 1533 3268 nocte
1563 3225 1756 3279 quies,
1809 3222 1881 3264 ubi

178 3305 395 3359 setluiturz
442 3305 530 3349 lte
575 3307 806 3362 procul,
854 3307 952 3362 quis
985 3320 1148 3363 quaeso
1177 3308 1293 3352 serio
1323 3308 1603 3352 affirmaverit
1633 3320 1682 3350 se
1714 3305 1884 3349 nescire

180 3399 306 3441 quam
338 3400 430 3432 rem
460 3389 707 3444 alloquatur
750 3390 918 3446 poeta?
981 3391 1150 3439 Quodsi
1180 3391 1422 3437 obscuritas
1453 3404 1538 3436 nou
1570 3402 1758 3445 magua,
1806 3399 1887 3430 no·-
