2086 3756
271 222 397 256 wa
947 200 1040 250 DE
1084 198 1282 252 POESI

281 352 492 416 habent,
530 361 587 401 ut
622 348 833 400 themati
870 362 1073 395 summo
1117 345 1461 412 exprimendo
1498 347 1787 399 inserviant
1822 359 1871 398 et
1910 349 1975 400 ad

275 452 373 501 hoc
426 443 791 498 illustrandum
842 443 1172 510 conspirent,
1222 459 1317 493 nec
1366 453 1534 510 potest
1584 442 1677 493 ubi
1723 460 1850 496 vera
1892 461 1977 494 ars

260 554 483 610 regnat,
534 539 710 591 adesse
748 538 801 587 in
841 535 1246 604 compositione,
1293 536 1438 605 quod
1475 539 1680 588 aberret
1714 549 1910 588 temere
1947 556 1978 587 a

272 649 400 689 toto·
474 634 646 696 Quam
679 636 847 698 legem
885 650 1003 683 cum
1040 631 1195 682 etiam
1221 630 1462 684 Tibullus
1488 644 1738 701 sequatur
1761 633 1977 701 ubique,

273 731 422 785 valde
472 731 775 796 imperfecta
827 740 902 779 est
950 729 1007 779 in
1044 731 1235 782 talibus
1274 728 1596 797 explicandis
1633 731 1860 795 vulgaris
1895 731 1977 779 in-

270 827 591 894 terpretatio.
663 823 748 875 Sic
782 842 833 876 v.
871 841 914 874 c.
961 822 1018 874 in
1067 825 1236 890 prima
1278 826 1441 890 elegia
1475 826 1598 876 libri
1634 822 1830 893 primi,
1885 825 1978 874 ubi

270 925 511 975 Tibullus
549 921 612 973 de
651 912 827 973 amore
865 937 962 972 suo
998 919 1174 972 dicens
1213 920 1278 971 ad
1320 923 1519 972 luctum
1560 923 1617 972 in
1654 922 1843 972 funere
1879 938 1976 971 suo

270 1020 510 1070 futurum
558 1018 774 1082 transit,
822 1035 930 1070 non
979 1011 1225 1069 viderunt
1261 1019 1574 1085 interpretes
1610 1017 1823 1069 militari
1868 1018 1979 1083 glo-

270 1115 379 1165 riae
414 1116 542 1164 haec
591 1113 806 1180 opponi.
882 1110 1013 1173 Quis
1061 1112 1342 1164 declaravit
1379 1115 1436 1163 in
1474 1108 1621 1164 sexta
1658 1113 1789 1182 quid
1825 1113 1978 1164 terri-

270 1212 400 1261 biles
436 1212 569 1260 ritus
616 1210 866 1259 Bellonae
917 1207 1199 1258 sacerdotis
1238 1208 1485 1274 descripti
1534 1209 1633 1259 sibi
1678 1209 1843 1259 velint
1890 1206 1980 1258 aut

271 1306 492 1360 Osiridis
528 1305 708 1357 laudes
745 1304 800 1355 in
837 1301 1096 1372 septima?
1167 1304 1310 1356 Nolo
1345 1305 1498 1372 plura
1546 1302 1766 1370 addere,
1814 1303 1981 1370 expli-

271 1406 355 1455 cui
388 1405 446 1454 in
485 1401 875 1453 Commentario
911 1401 1110 1468 ubique
1161 1398 1315 1450 etiam
1368 1398 1432 1450 de
1480 1401 1692 1450 talibus.
1772 1398 1872 1449 Hic
1921 1407 1981 1448 ut

269 1498 537 1550 absolvam
573 1512 708 1566 quae
746 1495 981 1564 disputo,
1019 1513 1137 1546 cum
1173 1497 1495 1562 singularum
1530 1512 1709 1546 rerum
1745 1495 1980 1546 omnium

270 1595 544 1647 consilium
577 1592 810 1660 positum
850 1592 917 1642 sit
962 1591 1021 1641 in
1069 1591 1184 1657 ipso
1233 1591 1491 1656 themate,
1544 1588 1692 1642 vides
1726 1607 1827 1657 pro
1862 1590 1979 1639 the-

269 1699 404 1741 mate
442 1695 582 1739 recte
623 1687 778 1738 etiam
814 1685 918 1737 dici
956 1685 1232 1737 consilium
1268 1695 1359 1736 aut
1402 1702 1664 1736 summum
1701 1687 1977 1736 consilium

268 1784 508 1835 carminis
519 1822 533 1847 ,
584 1793 643 1833 ut
690 1781 775 1832 hic
826 1792 876 1832 et
925 1782 982 1831 in
1030 1780 1248 1832 Pindari
1298 1780 1527 1832 editione
1576 1780 1770 1849 passim
1803 1781 1977 1832 facere

266 1882 427 1930 soleo·
516 1877 622 1928 Sed
659 1879 724 1927 ab
764 1878 865 1928 hoc
903 1876 1165 1942 distinguo
1204 1877 1522 1929 obiectivum
1567 1876 1868 1941 consilium,
1921 1885 1979 1926 ut

265 1977 611 2041 WelckerUS,
666 1975 829 2028 veluti
864 1974 1124 2026 Pindarus
1172 1976 1421 2042 epinicios
1462 1977 1686 2043 hymnos
1731 1993 1858 2026 suos
1894 1990 1977 2026 ce-

267 2073 419 2134 cinit,
461 2081 517 2121 nt
552 2070 841 2123 victoribus
877 2070 1126 2122 ludorum
1162 2072 1334 2122 honos
1371 2082 1505 2122 esset
1541 2082 1591 2122 et
1629 2071 1850 2138 epinicia
1888 2088 1976 2122 or-

264 2181 519 2220 narentur
556 2179 709 2219 cantu
748 2168 923 2232 chori,
978 2179 1068 2219 aut
1105 2168 1339 2220 dramata
1378 2168 1580 2220 Graeca
1625 2169 1817 2236 scripta
1854 2180 1978 2220 sunt

265 2263 330 2314 ad
367 2265 625 2331 Dionysia
665 2262 1003 2327 celebranda,
1055 2274 1145 2314 aut
1181 2265 1440 2332 Tyrtaeus
1485 2265 1672 2330 elegias
1717 2266 1868 2328 fecit,
1919 2275 1978 2315 ut

264 2360 548 2427 Spartanos
588 2359 654 2411 ad
689 2362 888 2410 bellum
927 2361 1191 2413 excitaret.
1279 2362 1522 2412 Tibullus
1561 2372 1763 2427 autem,
1813 2373 1874 2412 ut
1909 2362 1975 2414 ad

262 2458 404 2506 hunc
441 2454 678 2517 redeam,
718 2449 927 2506 carmen
964 2458 1196 2523 primum
1231 2457 1356 2507 libri
1391 2457 1550 2523 primi
1585 2456 1791 2524 scripsit
1823 2469 1886 2508 ut
1919 2474 1976 2509 se

261 2552 518 2601 Messalae
557 2560 840 2613 excusaret,
883 2568 1090 2600 carmen
1128 2553 1406 2618 septimum
1430 2563 1484 2617 ret
1510 2552 1732 2606 alterum
1758 2546 1976 2606 secundi

260 2644 385 2695 libri
423 2643 488 2694 ad
524 2644 760 2695 natalitia
794 2644 1047 2694 Messalae
1067 2655 1139 2695 *et
1176 2644 1415 2696 Cerinthi
1453 2645 1706 2711 ornanda,
1741 2647 1799 2699 in
1832 2663 1972 2700 ama-

261 2744 408 2793 toriis
447 2752 620 2792 autem
657 2742 830 2806 elegiis
866 2741 919 2793 id
969 2742 1096 2806 agit,
1154 2752 1213 2792 ut
1248 2744 1449 2809 puellas
1487 2762 1605 2795 suas
1650 2758 1974 2800 commoveat

263 2847 312 2887 et
361 2839 464 2888 huc
514 2854 724 2887 omnem
774 2836 882 2889 vim
933 2839 1218 2888 verborum
1271 2837 1462 2903 dirigit.
1561 2839 1811 2909 Denique
1858 2842 1973 2894 fieri

260 2943 460 3000 potest,
496 2943 555 2984 ut
588 2935 734 2984 locus
773 2935 959 3002 aliquis
999 2933 1193 3001 duplex
1232 2937 1508 2986 consilium
1544 2939 1736 2988 habeat
1746 2975 1761 3002 ,
1808 2941 1971 2992 veluti

263 3029 403 3095 apud
441 3030 711 3080 Tibullum
755 3030 813 3079 in
860 3030 1044 3097 quinta
1095 3030 1255 3094 elegia
1302 3031 1424 3082 libri
1472 3030 1631 3098 primi
1678 3034 1968 3086 exsecratio

262 3127 408 3176 lenae
462 3135 513 3174 et
561 3133 782 3191 propter
836 3127 971 3176 hanc
1030 3126 1197 3191 posita
1254 3135 1328 3175 est
1379 3135 1430 3174 et
1476 3136 1696 3192 propter
1742 3127 1966 3182 Deliam.

261 3222 400 3272 Rara
435 3231 610 3271 tamen
647 3222 731 3272 hic
768 3238 880 3284 reS,
934 3219 1072 3271 unde
1111 3237 1251 3271 nunc
1287 3221 1451 3272 verbo
1487 3219 1743 3272 indicasse
1778 3224 1968 3275 sufficit

263 3317 405 3385 quod
444 3316 858 3370 Commentarius
906 3318 999 3369 ubi
1045 3334 1177 3385 opus
1215 3318 1455 3385 pluribus
1494 3321 1754 3388 explanat.
1841 3324 1966 3374 Post
