2158 3750
716 221 1025 283 TlBULLI
1086 222 1225 283 LIB.
1263 221 1303 280 1.
1336 232 1379 279 6.
1824 223 1902 282 21

750 449 1180 501 ELEGIA
1269 449 1364 502 VI.

262 558 550 690 Semper,
592 620 670 666 ut*
699 606 968 678 inducar,
1008 607 1253 667 blandos
1295 607 1472 667 offers
1517 604 1655 664 mihi
1702 604 1904 676 vultuS,

355 717 495 775 Post
551 728 740 774 tamen
786 737 843 774 es
895 714 1103 774 misero
1148 715 1321 774 tristis
1369 729 1422 774 et
1463 719 1658 797 asper,
1711 713 1904 775 Amor.
1942 726 1957 734 ·

267 823 428 902 Quid
452 823 556 883 tibi
581 822 843 883 saevitiae
869 801 1092 882 mecum
1116 825 1236 881 est?
1281 846 1353 882 an
1379 822 1558 902 gloria
1587 834 1906 904 111agna·est

346 930 592 990 Insidias
635 929 856 990 homini
902 930 1289 1012 composuisse
1335 928 1547 988 deum?

223 1039 415 1100 5Nam‘
445 1037 587 1097 mihi
632 1037 947 1098 tenduntur
991 1048 1206 1098 casses:
1273 1037 1386 1098 iam
1428 1036 1594 1097 Delia
1639 1038 1832 1098 furtim

348 1146 553 1207 Nescio
581 1164 760 1230 'quem
803 1146 975 1206 tacita
998 1145 1218 1206 ³callida
1255 1160 1420 1206 nocte
1455 1146 1619 1205 fovet.
1710 1151 1712 1153 ’

257 1252 358 1315 Illa
382 1254 613 1338 quidem
638 1269 748 1314 tam
773 1253 951 1314 multa
973 1261 1161 1335 negat,
1189 1253 1292 1314 sed
1316 1254 1545 1315 credere
1565 1254 1778 1315 durum
1795 1271 1902 1315 est:

340 1364 435 1424 Sic
481 1364 646 1423 etiam
690 1363 761 1423 de
807 1386 898 1423 me
941 1377 1215 1445 pernegat
1261 1386 1440 1446 usque
1482 1362 1603 1422 viro

256 1472 386 1554 lpse
422 1472 596 1532 miser
638 1471 838 1544 docui,
892 1493 1007 1553 quo
1053 1484 1246 1552 posset
1288 1469 1484 1529 ludere
1530 1484 1698 1552 pacto

190 1594 249 1639 10
347 1579 659 1639 Custodes:
718 1578 828 1638 heu
874 1577 987 1637 heu
1031 1601 1187 1637 nunc
1227 1600 1460 1660 premor
1503 1591 1619 1636 arte
1662 1600 1800 1637 mea.

251 1688 495 1770 Fingere
539 1696 674 1748 tunc
720 1685 929 1747 didicit*
967 1709 1198 1758 eausaS,
1254 1700 1319 1745 ut
1362 1684 1483 1746 sola
1529 1685 1790 1758 cubaret,

345 1797 591 1857 Cardine
630 1810 751 1857 tum
792 1795 960 1856 tacito
1003 1809 1216 1854 vertere
1257 1817 1425 1877 posse
1469 1794 1656 1871 fores,

252 1907 400 1965 Tum
446 1915 647 1966 succos
692 1904 1014 1987 herbasque
1060 1902 1227 1978 dedi,
1283 1903 1411 1986 quis
1454 1901 1599 1961 livor
1641 1901 1853 1975 abiret,

335 2013 523 2094 Quem
566 2013 703 2074 facit
743 2012 1023 2096 impresso
1067 2025 1264 2071 mutua
1310 1995 1477 2069 {lente
1522 2001 1731 2070 Venus.

187 2132 246 2179 15
261 2122 338 2182 At
372 2136 465 2196 tu,
517 2120 742 2183 fallacis
781 2120 1031 2181 coniunx
1073 2119 1299 2180 incaute
1338 2117 1591 2202 puellae,

339 2231 435 2290 Me
475 2211 702 2313 quoque
745 2244 998 2301 servam,
1056 2241 1251 2310 peccet
1295 2240 1360 2285 ut
1400 2225 1498 2285 illa
1543 2223 1703 2286 nihil.

256 2340 379 2397 Neu
422 2338 652 2397 iuvenes
698 2336 940 2396 celebret
982 2333 1162 2394 multo
1208 2357 1498 2406 sermone,
1555 2348 1776 2406 cavete,

342 2447 494 2507 Neve
538 2445 705 2506 cubet
748 2444 876 2505 laxo
920 2458 1117 2526 pectus
1155 2457 1348 2525 aperta
1393 2443 1555 2513 sinu,

262 2555 386 2613 Neu
430 2569 481 2613 te
526 2553 775 2636 decipiat
815 2567 989 2623 nutu,
1049 2551 1341 2634 digitoque
1381 2551 1660 2633 liquorem

183 2677 245 2721 20
340 2662 423 2720 Ne
468 2659 656 2720 trahat
693 2670 747 2719 e't
789 2681 1016 2719 mensae
1065 2658 1236 2719 ducat
1273 2658 1333 2718 in
1377 2657 1515 2718 orbe
1552 2672 1734 2721 notas,

253 2769 442 2829 Exibit
488 2792 659 2852 quam
705 2790 901 2851 saepe,
956 2767 1119 2841 time,
1173 2790 1273 2827 seu
1318 2766 1505 2859 visere,
1542 2765 1691 2849 dicet

337 2877 511 2938 Sacra
550 2878 750 2938 Bonae
790 2876 1047 2938 maribus
1092 2855 1209 2937 non
1257 2875 1522 2938 adeunda
1564 2853 1733 2936 Deae.

275 3075 326 3118 V.
346 3079 389 3116 3.
419 3074 508 3116 Pro
538 3073 821 3116 saevitiae
851 3075 983 3128 vulgo
1016 3086 1146 3115 saeve
1170 3087 1308 3129 puer,
1349 3074 1462 3127 quod
1497 3073 1728 3116 Momm-us
1756 3074 1892 3114 testa-

184 3163 254 3200 tur
285 3169 383 3200 esse
412 3156 455 3199 in
486 3157 595 3199 aliis.
622 3179 680 3187 —
723 3159 812 3199 eut
843 3155 884 3197 in
918 3157 1003 3199 fine
1033 3169 1183 3198 versus
1216 3156 1328 3198 male
1359 3157 1503 3198 omisit
1536 3157 1698 3211 primus
1730 3156 1888 3198 Annus

183 3243 314 3283 ¹515.
347 3262 403 3271 —
463 3240 518 3283 V.
538 3242 581 3281 5.
623 3236 757 3280 Nam
796 3238 961 3294 optimi.
1025 3238 1170 3292 Vulgo
1200 3238 1314 3280 Iam.
1344 3261 1403 3268 —
1465 3238 1516 3279 V.
1540 3241 1610 3280 11.
1652 3243 1714 3279 ut
1755 3240 1888 3279 recte.

186 3325 533 3366 anmumwsz
577 3320 763 3375 „Vulgo
795 3333 875 3362 eur
903 3318 1002 3362 inde
1032 3319 1087 3363 ab
1120 3319 1217 3363 ΑΜ.
1252 3322 1394 3372 1502,
1436 3319 1476 3363 ni
1521 3319 1688 3362 fallor.''
