2158 3750
358 266 462 311 250
763 255 1231 310 COMMENTAR.
1268 255 1344 306 IN
1381 255 1670 306 TIBULLI

357 405 628 447 Lic'rm‘rxo
660 399 756 442 Div.
786 399 893 445 Inst.
925 399 960 452 l,
994 401 1074 440 182
1125 400 1214 449 Cur
1244 403 1398 438 autem
1417 395 1649 454 figulinae
1678 398 1891 453 repertori
1922 399 2056 440 honos

355 500 442 527 non
481 478 708 527 liabetur?
779 480 859 523 An
904 479 1014 538 quia
1055 479 1136 521 isti
1178 477 1340 520 divites
1381 491 1496 519 vasa
1539 477 1695 519 Samia
1741 480 2057 522 contemnunt?

355 566 465 609 Vide
503 566 629 607 etiam
672 565 811 607 an.
841 562 1030 615 XXXV,
1070 563 1146 614 12,
1172 562 1246 604 46.
1311 559 1622 616 Exposuerunt
1663 558 1717 602 de
1747 557 1813 602 his
1842 560 2055 604 Bnotsox-

352 661 515 690 nusrus
546 654 589 690 et
623 649 823 690 Vnmus
855 651 900 689 et
930 647 1154 689 Pmom
1198 645 1242 688 in
1285 645 1396 688 libro
1425 646 1494 688 cui
1527 645 1710 687 titulus=
1757 644 1847 684 Res
1885 644 2056 686 Samio-

349 744 449 770 rum
475 745 516 785 p.
539 733 609 774 17.
626 753 685 762 -
713 731 855 774 Porro
886 728 1132 772 Cumana
1165 741 1266 770 vasa
1296 732 1588 770 memorantur
1617 742 1644 771 a
1674 729 1843 772 Pmmo
1871 727 2056 782 XXXV,

349 817 431 858 12:
467 812 784 856 Nobilitantur
812 812 869 856 iis
900 811 1064 870 oppida
1089 826 1276 871 quoque,
1311 819 1364 853 ut
1386 811 1610 870 Rhegium
1636 820 1681 854 et
1707 814 1883 856 Cumae.
1946 810 2056 857 Vide

346 898 644 941 Bnoucxums
676 902 720 941 et
751 897 911 940 Hem.
972 895 1111 939 Erant
1156 893 1262 939 haec
1308 895 1554 952 Campanae
1597 896 1902 952 supellectilis,
1945 908 2055 951 quae

344 980 556 1024 modicam
589 981 801 1024 fortunam
832 980 1087 1034 testabatur,
1119 980 1175 1024 cf.
1208 979 1392 1023 Horum.
1425 980 1518 1022 Sat.
1550 979 1585 1033 Ι,
1618 983 1661 1033 6,
1698 983 1798 1024 118.
1857 979 1964 1035 Egit
1995 978 2050 1023 de

345 1063 398 1105 iis
425 1076 561 1119 nuper
591 1065 719 1107 etiam
754 1065 1015 1107 Μῦιωςιωε
1047 1066 1089 1106 in
1121 1064 1218 1106 libr.
1250 1064 1306 1107 de
1336 1063 1535 1106 Etruscis
1559 1064 1682 1106 Tom.
1709 1064 1767 1118 ΙΙ,
1799 1078 1840 1120 p.
1865 1067 1968 1106 245.
1997 1087 2053 1096 —-

344 1147 573 1190 lubrica
615 1153 790 1190 terra.
852 1146 991 1189 Erant
1021 1147 1169 1189 fictilia
1199 1146 1320 1188 rubri
1350 1147 1523 1189 coloris.
1590 1145 1742 1187 Tellus
1782 1147 1898 1187 Osca
1927 1147 2052 1188 Pno-

342 1245 480 1274 Pssnw.
511 1231 588 1284 lV,
612 1234 657 1284 2,
681 1234 752 1273 62.
774 1253 834 1262 —
865 1235 1019 1282 rota,
1050 1230 1094 1271 in
1125 1242 1173 1271 re
1202 1229 1366 1282 figlina,
1401 1227 1456 1270 cf.
1481 1227 1666 1269 Homi'r.
1697 1229 1790 1270 Art.
1821 1228 1874 1271 P.
1908 1241 1946 1270 v.
1975 1231 2048 1271 22.

340 1315 573 1358 Postremo
604 1314 659 1357 de
689 1315 855 1357 ratione
891 1312 1095 1369 loquendi
1128 1313 1534 1355 Wunnssnmcmus
1570 1309 1738 1352 confert
1767 1310 1908 1352 Sum.
1940 1311 2048 1353 Silv.

339 1397 418 1450 lV,
449 1400 492 1451 9,
524 1399 608 1439 43:
657 1398 852 1438 Cumano
890 1395 1082 1452 patinas
1121 1394 1170 1437 in
1213 1393 1313 1436 orbe
1364 1401 1514 1436 tortas
1559 1391 1728 1447 (collat.
1773 1392 1953 1436 ΒΕΝΤῙ..
1993 1394 2049 1436 ad

339 1479 495 1523 Horat.
527 1481 620 1523 Sat.
652 1479 688 1534 I,
719 1482 764 1533 3,
800 1478 926 1534 91.)‚
977 1482 1022 1521 et
1056 1477 1239 1521 Houu.
1272 1477 1306 1530 I,
1338 1479 1412 1529 20,
1444 1479 1487 1519 9.
1531 1475 1602 1530 qui
1645 1488 1724 1530 pro
1756 1474 1855 1517 vino
1887 1475 2050 1519 Caleno

340 1563 449 1606 dixst
484 1563 611 1620 prelo
654 1562 868 1605 domitam
909 1561 1069 1604 Caleno
1113 1576 1263 1603 uvam.
1295 1584 1353 1593 -
1399 1560 1454 1604 V.
1485 1561 1559 1602 49.
1589 1562 1663 1601 50.
1726 1558 1793 1600 De
1823 1571 1951 1600 sensu
1981 1557 2051 1602 di-

338 1644 461 1688 stichi
485 1659 613 1700 supra
642 1646 899 1702 expositum.
932 1643 1169 1686 veniant
1196 1646 1341 1685 autem
1371 1646 1438 1685 est
1460 1642 1724 1696 contingant,
1748 1646 1796 1684 ut
1822 1654 1966 1698 saepe.
1987 1665 2047 1675 —

338 1729 394 1774 V.
425 1733 480 1772 51
517 1743 611 1784 sqq.
658 1731 896 1772 luxuria
930 1729 1097 1782 fluat,
1140 1734 1189 1770 ut
1219 1732 1319 1771 sunt
1350 1728 1600 1770 notissimae
1639 1726 1882 1769 locutiones
1912 1725 2042 1772 luxu,

336 1810 524 1853 luxuria
551 1813 724 1869 fluere,
771 1811 988 1869 diffluere.
1019 1835 1078 1844 --
1126 1812 1388 1865 Incedat‚
1436 1811 1491 1854 de
1523 1823 1677 1865 gressu
1706 1810 1762 1853 ad
1789 1810 2044 1865 gravitatem

337 1892 580 1948 fastumque
623 1895 864 1950 composito
906 1895 1105 1950 usurpari
1150 1899 1335 1938 constat.
1363 1915 1422 1925 —-
1477 1893 1923 1950 conspicienda,
1971 1905 2046 1936 or-

335 1981 462 2031 nata,
495 1979 742 2033 conspicua.
785 1979 923 2020 Ovm.
955 1978 1074 2020 Fast.
1114 1978 1166 2029 V,
1199 1981 1311 2019 170:
1361 1978 1468 2017 Cum
1498 1984 1632 2017 satus
1661 1983 1730 2017 est
1750 1975 1910 2032 forma
1941 1989 2046 2016 con-

333 2058 588 2116 spiciendus
615 2064 765 2117 Hyas.
798 2061 1208 2103 Wunnmzmcmus
1241 2059 1410 2102 confert
1441 2059 1621 2101 HonA'r.
1643 2058 1784 2114 Epist.
1807 2058 1864 2110 Il,
1889 2061 1933 2110 3,
1959 2060 2018 2100 37
2034 2073 2046 2099 ε

333 2143 627 2200 spectandam
677 2144 819 2202 nigris
864 2143 1006 2186 oculis
1052 2144 1268 2202 nigroque
1316 2141 1492 2199 capillo.
1525 2166 1584 2175 —
1634 2142 1743 2185 Mox
1785 2148 1930 2183 vestes
1975 2148 2044 2181 te·

335 2240 470 2272 nues,
532 2240 645 2283 quas
685 2224 866 2282 femina
917 2228 1004 2266 Coa
1063 2225 1238 2271 texuit,
1293 2231 1394 2267 sunt
1444 2226 1576 2280 vulgo
1622 2225 1876 2282 simpliciter
1922 2225 2043 2267 Coae

332 2314 479 2352 vestes
509 2308 678 2361 dictae,
719 2307 930 2350 tenuitate
959 2307 1168 2360 infames,
1204 2312 1253 2349 ut
1284 2306 1464 2360 notum,
1494 2319 1674 2362 quarum
1704 2308 1917 2350 inventrix
1949 2308 2040 2350 Coa

331 2392 560 2450 Pamphile
593 2391 845 2450 perhibetur
876 2389 1024 2445 fuisse,
1055 2391 1112 2435 cf.
1143 2391 1279 2434 an.
1312 2391 1425 2433 Hist.
1450 2390 1506 2434 N.
1536 2391 1614 2444 XI,
1643 2394 1717 2433 22.
1746 2397 1790 2434 et
1822 2392 2041 2436 Ams'ro‘r.

332 2481 448 2524 Hist.
495 2478 598 2521 Nat.
637 2477 692 2530 V,
736 2480 820 2519 19:
878 2471 1030 2533 πρώτη
1076 2476 1125 2517 δὲ
1172 2475 1340 2528 λέγεται
1384 2470 1546 2524 ὖφᾶναι
1592 2476 1635 2516 ἓν
1677 2476 1762 2530 Κῷ
1808 2475 2038 2532 Παμφίλη.

332 2565 473 2608 Erant
504 2562 814 2616 bombycinae,
846 2575 871 2604 e
903 2562 1106 2616 lanugine
1138 2561 1385 2614 bombycis,
1417 2573 1472 2603 ex
1504 2559 1684 2603 Seribus
1716 2573 1795 2617 per
1823 2564 2040 2604 mercato-

331 2660 402 2689 res
433 2647 587 2698 aHata,
626 2649 776 2687 textae
806 2643 850 2686 in
882 2641 961 2685 hac
994 2643 1147 2684 insula.
1208 2642 1318 2683 Loci
1350 2643 1519 2684 classici
1549 2648 1648 2684 sunt
1686 2656 1757 2698 ap.
1789 2643 1924 2686 ΡωΝ.
1957 2642 2038 2698 ΧΙ,

329 2732 404 2771 23.
435 2741 469 2772 s.
501 2732 575 2772 27.
616 2728 691 2781 Vl,
728 2730 795 2778 17,
827 2738 862 2767 s.
891 2727 965 2766 20.
1025 2721 1138 2766 Vide
1183 2727 1356 2777 praeter
1387 2723 1619 2766 Hermum
1653 2723 1706 2765 ad
1750 2722 1862 2767 hunc
1894 2725 2035 2769 locum

329 2813 534 2856 Vossmm
566 2810 635 2854 hic
679 2817 723 2853 et
763 2809 817 2852 ad
851 2807 1003 2861 Virgil.
1039 2808 1205 2860 Georg.
1240 2806 1298 2859 ll,
1333 2809 1432 2848 121.
1473 2820 1571 2849 cum
1605 2807 1819 2849 Tuumne.
1851 2807 2033 2852 Advers.

327 2895 364 2948 I,
400 2898 468 2937 15.
530 2893 810 2936 Notisslmum
842 2891 972 2933 etiam
1001 2894 1276 2946 ταραντίνιον
1309 2903 1342 2932 s.
1370 2891 1720 2947 ταραντινίδιον,
1752 2891 1808 2934 cf.
1840 2892 2034 2936 LUCIAN.

329 2979 502 3032 Dialog.
534 2978 715 3020 Meretr.
749 2975 848 3028 Vll,
877 2977 920 3015 2.
959 2975 1233 3017 Bolssorun.
1266 2974 1320 3016 ad
1355 2975 1612 3018 Aristaenet.
1646 2966 1687 3030 p.
1719 2979 1823 3019 559.
1855 2975 2035 3020 Bewrr..

326 3060 410 3116 Ep.
456 3059 672 3103 Phalarid.
719 3073 761 3114 p.
806 3061 906 3100 347.
955 3058 1023 3100 ed.
1070 3059 1192 3114 Lips.
1243 3059 1425 3101 Bnner..
1468 3058 1523 3101 ad
1568 3058 1754 3115 Alciplir.
1787 3059 1822 3112 I,
1854 3063 1926 3113 36,
1963 3064 2034 3106 12.

326 3143 602 3186 Gerebantur
647 3147 789 3185 autem
839 3142 959 3183 Coae
1010 3148 1152 3184 vestes
1201 3144 1286 3186 isto
1337 3147 1536 3199 tempore
1583 3156 1609 3185 a
1657 3142 1760 3184 solis
1809 3141 2033 3197 libertinis,

327 3229 477 3279 postea
509 3225 637 3266 etiam
668 3237 693 3265 a
728 3223 934 3265 matronis
965 3223 1218 3266 libidinosis.
1249 3247 1308 3254 —
1347 3228 1580 3267 auratas
1611 3223 2031 3280 disposuitque

327 3307 474 3358 vias,
518 3305 558 3350 ln.
592 3318 629 3347 e.
662 3309 711 3348 ut
740 3304 932 3358 videtur,
974 3306 1118 3359 virgas
1151 3317 1332 3359 aureas,
1376 3319 1486 3360 quae
1521 3307 1632 3349 inter
1662 3308 1771 3350 telas
1802 3321 2034 3364 procurre-

335 3394 429 3432 rent
446 3389 740 3446 imprimisque
810 3402 929 3432 oram
975 3394 1178 3433 ornarent
1225 3390 1463 3443 (Vossws:
1517 3388 1811 3433 durclawirkte
1850 3390 1912 3433 sie
1952 3388 2034 3432 mit

2142 3597 2147 3610 ‘-
2137 3462 2153 3515 θ’,
2136 2485 2158 3432 &swnn-
