2158 3750
708 225 892 276 LIBR.
925 227 1019 277 lv.
1093 225 1307 278 CARM.
1339 226 1384 278 1.
1772 229 1874 277 411
1942 301 1947 307 .

185 363 372 418 ipsorum
407 370 573 410 montes
602 380 650 411 se
679 368 995 424 disperserunt,
1035 383 1144 426 quos
1169 370 1301 427 Alpes
1330 369 1520 426 appellat
1546 372 1722 420 auctor,
1764 367 1875 411 bene

183 447 424 501 explicante
461 450 665 494 Hunno.
725 452 801 494 Sic
829 446 1031 495 Aucron'
1053 453 1203 496 Enna.
1235 467 1294 496 An
1326 453 1497 496 vanu
1527 466 1568 496 v.
1587 455 1700 494 390:
1742 452 1878 492 Sum-

183 543 342 587 maque
387 531 575 587 dispersi
613 547 693 588 per
735 533 847 592 iuga
892 535 1134 577 Pannonii.
1221 536 1405 578 Faciunt
1446 535 1506 577 ita
1556 535 1663 576 tales
1711 533 1875 590 populi.

179 611 324 656 Etiam
356 614 676 659 Lscmumws
704 631 869 660 comma
901 623 1000 674 post
1028 618 1315 665 Pannonius,
1355 617 1470 673 quod
1503 621 1729 674 posuerat,
1764 628 1877 657 nunc

181 697 408 741 delendum
453 707 611 744 monet.
661 705 757 752 ,Ac
796 703 894 745 vide
937 708 1134 758 poetam:
1180 705 1223 746 in
1266 704 1461 746 omnibus
1500 703 1704 746 membris
1745 700 1880 754 addit,

179 783 295 836 quod
339 785 556 838 significet
597 789 824 840 superatos
865 797 962 827 esse
1006 783 1084 827 hos
1129 787 1324 840 populos.
1401 786 1451 828 ln
1499 787 1636 840 primo
1684 783 1877 826 membro

181 864 328 906 victae
370 867 542 921 posuit,
596 866 786 908 secundo
827 864 934 919 hoc,
987 866 1117 909 modo
1159 869 1447 922 explicatum,
1494 881 1660 910 comma
1700 866 1878 919 addidit,

181 951 397 1005 Arupinos
427 956 569 992 autem
606 951 726 992 finita
756 950 1046 1006 descriptione
1078 951 1273 1005 longiore
1308 965 1346 995 v.
1377 955 1478 994 117.
1509 951 1612 994 dicit
1645 952 1878 994 subiectos.

178 1034 452 1077 Salassos
496 1039 640 1077 autem
683 1048 770 1078 uon
814 1036 1069 1079 memoravit
1110 1036 1281 1079 omnino
1306 1041 1479 1091 poeta,
1532 1035 1717 1078 fortasse
1759 1036 1878 1091 prius

175 1123 327 1160 contra
371 1117 557 1173 Iapydes
605 1118 765 1161 bellum
811 1123 856 1161 et
905 1118 1145 1175 posterIus,
1206 1117 1403 1173 proxime
1449 1123 1671 1171 secutum,
1725 1122 1877 1160 contra

176 1200 376 1244 Salassos
411 1214 491 1256 pro
527 1214 615 1244 uno
646 1200 837 1255 habens„
874 1207 925 1245 ut
951 1203 1057 1246 satis
1087 1202 1306 1244 videretur
1336 1206 1502 1257 partem
1533 1203 1751 1244 nominum
1784 1215 1877 1243 me·-

176 1297 382 1330 morasse.
454 1285 642 1327 Omnino
680 1298 766 1328 non
806 1287 946 1334 tenuit
982 1292 1185 1329 accurate
1225 1286 1353 1328 situm
1385 1286 1602 1338 locorum,
1646 1285 1718 1338 qui
1746 1283 1878 1325 Aru—-

166 1366 300 1422 pinos
344 1367 578 1421 distinguat
617 1367 671 1409 ab
712 1367 974 1423 lapydibus,
1022 1381 1202 1422 quorum
1246 1381 1345 1423 pars
1386 1367 1559 1410 suerunt
1600 1366 1876 1408 nobilissima.

176 1452 380 1497 Ceterum
425 1450 494 1493 hic
538 1451 668 1494 lectio
711 1451 854 1493 dubia.
939 1452 1179 1493 ScAmeER
1221 1449 1459 1504 Arupinas
1501 1450 1698 1504 scripsit,
1751 1461 1878 1502 quam

171 1532 353 1576 sormam
389 1546 416 1576 a
447 1533 664 1577 veteribus
704 1545 792 1575 non
831 1534 1011 1586 agnosci
1042 1533 1230 1576 Vossms
1269 1541 1428 1574 monet.
1502 1532 1603 1586 Ipse
1636 1545 1739 1574 vero
1770 1545 1877 1574 con-

169 1615 288 1658 iicit:
313 1629 575 1674 pauperque
604 1623 649 1656 et
679 1623 818 1658 natus
847 1614 1086 1668 inarmis,
1115 1619 1165 1673 ut
1189 1613 1428 1669 Arupinus
1458 1614 1706 1657 retineatur.
1767 1612 1877 1655 Mihi

170 1697 493 1741 Lscmunuus
524 1698 688 1755 optime
714 1704 786 1739 est
815 1711 880 1754 pr.
910 1696 1223 1745 etconiecisse
1253 1695 1423 1747 vIdetur
1459 1696 1699 1750 (Bscmum
1729 1703 1774 1736 et
1807 1709 1871 1751 pr.

171 1786 302 1826 etiam
346 1784 628 1839 accipientem
673 1783 851 1838 taceo),
909 1783 1001 1825 sive
1041 1780 1266 1838 Arupinis
1313 1782 1484 1835 legatur
1525 1794 1562 1822 c.
1605 1781 1875 1832 Cmscnmo,

168 1880 248 1909 seu
289 1867 404 1923 qnod
444 1868 558 1910 malo
595 1866 857 1923 Ανιιῃίηιιε,
903 1866 1111 1923 producta
1152 1867 1304 1908 ultima
1344 1866 1386 1908 in
1429 1878 1631 1918 caesura,
1679 1868 1726 1906 ut
1765 1877 1804 1906 v.
1837 1878 1874 1905 c.

157 1948 424 2008 fintigamffs
463 1950 606 1994 Vmc..
651 1950 758 1999 Αειι.
787 1949 879 2002 ΙΧ,
909 1952 1012 1991 610.
1099 1948 1366 1991 Huscmcws
1413 1950 1639 2004 proponit:
1686 1963 1875 2003 pauper,

165 2031 245 2074 sed
277 2041 418 2074 natas
456 2031 506 2073 in
537 2031 699 2085 armis,
741 2031 823 2073 ubi·
852 2031 996 2073 statim
1037 2028 1119 2070 sed
1157 2029 1368 2085 displicet.
1442 2029 1525 2071 Est
1557 2042 1659 2071 vero
1693 2043 1872 2084 pauper

168 2124 347 2174 propter
387 2117 558 2160 steriles
600 2128 743 2170 agros.
817 2116 1004 2158 STRABO
1038 2114 1145 2168 VII,
1189 2129 1232 2170 p.
1258 2117 1361 2156 315.
1402 2114 1601 2156 laudatus
1642 2113 1696 2155 ab
1738 2114 1874 2155 inter-

165 2202 361 2257 pretibus
409 2201 464 2244 de
510 2199 719 2256 lapydum
769 2204 913 2242 terra:
967 2194 1113 2256 λυπρά
1158 2199 1206 2240 δὲ
1255 2193 1312 2239 τά
1357 2203 1500 2254 χωρία
1547 2199 1620 2239 καὶ
1666 2194 1754 2251 ζειᾷ
1799 2199 1873 2237 καὶ

166 2289 328 2341 κέγχρῳ
370 2280 428 2326 τά
469 2279 609 2325 πολλά
650 2279 913 2340 τρεφόμενοι.
975 2284 1194 2325 Memorat
1225 2288 1368 2325 autem
1407 2287 1535 2337 poeta
1574 2286 1872 2337 paupertatem

166 2372 216 2409 ut
249 2368 398 2410 duram
429 2367 559 2408 vitam
591 2367 739 2408 innuat
775 2365 829 2407 ad
861 2365 972 2407 bella
1007 2365 1177 2407 factam.
1241 2364 1369 2409 Quod
1403 2377 1484 2406 non
1520 2365 1655 2406 sensit
1687 2364 1873 2405 Huscn-

163 2463 270 2492 Kms
312 2449 392 2489 sed
431 2462 688 2505 proponens.
720 2469 777 2478 —
838 2454 978 2487 natus
1019 2445 1066 2488 in
1108 2445 1262 2488 armis.
1324 2446 1503 2488 Confert
1536 2446 1736 2490 Vunpms
1771 2457 1869 2486 cum

164 2534 494 2576 Bnoucruwsxo
538 2533 762 2575 SENECA!
803 2531 857 2574 de
888 2531 958 2573 Ira
988 2531 1023 2583 l,
1066 2543 1104 2574 c.
1130 2533 1212 2573 ll:
1257 2528 1487 2571 Germanis
1524 2526 1635 2586 quid
1669 2535 1737 2569 est
1771 2526 1874 2567 cmi·

163 2614 368 2657 mosius?
428 2613 540 2672 quid
580 2614 643 2655 ad
681 2613 910 2656 incursum
955 2611 1146 2655 acrius?
1203 2612 1314 2671 quid
1354 2627 1578 2653 armorum
1628 2608 1873 2667 cupidius?

163 2697 325 2757 quibus
371 2698 674 2741 innascuntur
716 2697 1134 2757 innutriunturque.
1229 2698 1362 2741 Addit
1408 2698 1492 2739 alia
1542 2696 1696 2739 similia
1743 2697 1872 2738 VUL-

161 2793 277 2824 mus.
318 2804 378 2813 —
477 2781 533 2826 V.
579 2784 660 2823 111
708 2794 801 2836 sqq.
874 2786 1049 2823 vetus
1103 2785 1292 2834 aetas,
1362 2786 1575 2823 senectus.
1688 2779 1870 2842 Veteres

162 2880 288 2906 senes
332 2865 514 2908 vidimus
554 2865 599 2918 l,
629 2868 681 2919 8,
711 2869 784 2908 50.
815 2888 875 2897 —-
959 2866 1173 2920 Pyliae
1227 2865 1438 2917 famae,
1497 2862 1696 2906 Nestoris
1737 2861 1871 2916 Pylii.

159 2949 402 2991 PfflDABth
431 2946 562 3002 Pyth.
590 2948 680 3002 ΙΙΙ,
714 2951 825 2992 113:
864 2950 1069 3006 Νέστορα
1101 2951 1175 2990 καὶ
1203 2945 1365 2990 Λύκιον
1393 2942 1656 3004 Σαρπηδόν’,
1691 2939 1868 3002 ‹inequi-

160 3048 251 3074 πων
290 3029 432 3082 φάτις.
465 3056 524 3064 -
583 3033 693 3076 Post
734 3031 845 3076 hunc
877 3046 1047 3077 versum
1090 3035 1250 3088 legitur
1291 3035 1332 3076 in
1372 3033 1586 3075 nonnullis
1626 3031 1744 3073 libris
1775 3029 1869 3073 hic:

162 3116 367 3173 Namque
407 3128 539 3156 senex
575 3113 734 3173 longae
764 3115 948 3173 peragit
982 3115 1087 3157 dum
1116 3116 1300 3158 saecula
1331 3116 1475 3160 vitae,
1517 3127 1643 3168 quem
1677 3114 1865 3158 Vossms

159 3198 271 3240 male
304 3198 520 3240 revocavit
549 3197 812 3241 substituens
853 3203 996 3241 tamen
1038 3205 1279 3255 „tempora
1313 3198 1472 3240 vitae“
1513 3199 1555 3240 in
1588 3198 1685 3240 fine.
1757 3197 1864 3239 Sine

162 3281 225 3325 his
265 3282 405 3326 verbis
444 3282 629 3326 dubitari
673 3295 803 3339 posse
841 3283 883 3325 in
925 3285 1204 3339 sequentibus
1240 3289 1388 3328 censet
1429 3289 1572 3327 utrum
1616 3283 1777 3326 Nestor
1814 3294 1868 3325 an

159 3367 375 3421 Arupiuus
422 3367 728 3421 intelligendus
774 3367 841 3411 sit.
931 3368 979 3412 lu
1025 3382 1111 3424 quo
1158 3369 1330 3413 fallitur.
1433 3371 1620 3411 Secutus
1669 3368 1867 3411 Vossluu
