2086 3756
1786 188 1843 219 IX

149 558 378 618 VITAE
406 508 712 618 TIBULLI
742 555 846 616 Ex
875 556 1409 639 ANTIQUITATE
1430 550 1847 618 SERVATAE.

700 821 895 874 VITA
963 819 1297 872 TIBULLI

276 1003 361 1048 Ex
392 1004 715 1053 CODICIBUS
745 1007 829 1052 ET
860 1008 1254 1055 EDITIONIBUS
1287 1006 1648 1054 VETERIBUS.
1678 1006 1720 1062 *)

139 1236 362 1329 Albius
397 1278 639 1332 Tibullus
676 1296 836 1347 eques
871 1279 1168 1345 Romanus,
1226 1260 1441 1345 insignis
1479 1278 1650 1329 forma
1685 1278 1852 1330 cultu-

142 1398 245 1448 que
281 1380 516 1446 corporis
551 1380 893 1431 observabilis
930 1389 1050 1430 ante
1085 1381 1213 1431 alios
1250 1378 1541 1430 Corvinum
1574 1380 1853 1431 Messalam

140 1478 393 1543 originem
431 1472 552 1544 (leg.
591 1470 878 1543 oratorem)
915 1473 1122 1539 dilexit,
1172 1477 1317 1527 cuius
1366 1486 1418 1531 et
1464 1478 1852 1529 contubernalis

138 1571 450 1640 Aquitanico
486 1569 625 1620 bello
658 1569 972 1628 militaribus
990 1567 1147 1620 donis
1171 1568 1394 1622 donatus
1428 1580 1521 1624 est.
1591 1572 1692 1624 Hic
1716 1575 1852 1625 mul-

134 1678 312 1720 torum
345 1665 539 1718 iudicio
577 1665 653 1732 [et
682 1667 910 1717 maxime
940 1664 1295 1730 Quinctiliani‚
1331 1667 1433 1718 viri
1464 1668 1521 1717 in
1544 1665 1715 1719 studia
1753 1668 1852 1734 [et]

133 1763 426 1814 litterarum
460 1760 742 1811 acerrimae
783 1759 1084 1825 licentiae·‚]
1135 1760 1427 1828 principem
1472 1762 1614 1813 inter
1661 1765 1851 1830 elegio-

138 1856 361 1924 graphos
397 1855 598 1906 obtinet
628 1856 823 1906 locum.
891 1853 1156 1920 Epistolae
1183 1871 1396 1923 quoque
1416 1857 1528 1908 eius
1555 1861 1852 1925 amatoriae,

139 1969 443 2022 quanquam
471 1953 676 2016 breves,
714 1950 934 2002 omnino
964 1951 1118 2001 utiles
1155 1961 1292 2002 sunt.
1365 1948 1511 2003 Obiit
1535 1951 1852 2006 adolescens·

38 2115 42 2119 st
138 2047 396 2116 [tempore
431 2045 658 2112 Virgilii,
707 2055 779 2106 ut,
801 2043 996 2097 indicat
1033 2046 1346 2112 epigramma
1379 2048 1519 2099 infra
1550 2050 1818 2117 scriptum.

353 2167 431 2217 Te
469 2182 683 2234 quoque
707 2167 930 2233 Virgilio
970 2167 1208 2219 comitem
1250 2183 1356 2218 non
1395 2185 1588 2236 aequa,
1628 2169 1851 2233 Tibulle,

418 2260 570 2312 Mors
604 2261 850 2311 iuvenem
886 2277 1094 2327 campos
1137 2261 1275 2312 misit
1315 2260 1382 2311 ad
1418 2261 1619 2328 Elysios
1636 2300 1650 2326 ‚

351 2352 434 2406 Ne
470 2354 631 2417 foret,
667 2361 757 2405 aut
787 2354 941 2419 elegis
979 2354 1160 2404 molles
1203 2355 1296 2421 qui
1332 2353 1482 2406 fleret
1518 2372 1720 2407 amores

422 2451 528 2502 Aut
565 2458 773 2502 caneret
802 2449 929 2500 forti
963 2449 1103 2514 regia
1145 2449 1280 2499 bella
1319 2447 1505 2516 pede]

256 2708 299 2763 ”)
338 2709 448 2753 Vide
491 2722 604 2766 quae
637 2709 692 2753 de
730 2721 783 2752 ea
821 2712 1000 2751 annotat
1037 2707 1246 2762 Heynius.
1321 2705 1569 2750 Huscbkius
1611 2717 1704 2748 eam
1741 2719 1764 2746 a
1797 2705 1846 2746 P.

138 2785 383 2828 Burmauno
418 2785 622 2829 Secundo
647 2797 703 2828 ex
728 2782 892 2827 Codice
921 2782 1033 2826 Bibl.
1067 2783 1182 2839 Reg.
1211 2781 1387 2827 exhibet
1417 2781 1690 2837 descriptam.
1754 2778 1846 2821 Nos

137 2858 456 2904 Lachmannum
489 2860 719 2916 sequimur.

797 3024 1165 3033 ———-——--—-—-
