<?xml version="1.0" encoding="UTF-8"?>
<!DOCTYPE html PUBLIC "-//W3C//DTD XHTML 1.0 Transitional//EN"
    "http://www.w3.org/TR/xhtml1/DTD/xhtml1-transitional.dtd">
<html xmlns="http://www.w3.org/1999/xhtml" xml:lang="en" lang="en">
 <head>
  <title>
</title>
<meta http-equiv="Content-Type" content="text/html;charset=utf-8" />
  <meta name='ocr-system' content='tesseract 3.04.00' />
  <meta name='ocr-capabilities' content='ocr_page ocr_carea ocr_par ocr_line ocrx_word'/>
</head>
<body>
  <div class='ocr_page' id='page_1' title='image "./carminaexrecensi01tibuuoft_0287.png"; bbox 0 0 2158 3750; ppageno 0'>
   <div class='ocr_carea' id='block_1_1' title="bbox 624 227 1834 290">
    <p class='ocr_par' dir='ltr' id='par_1_1' title="bbox 624 227 1834 290">
     <span class='ocr_line' id='line_1_1' title="bbox 624 227 1834 290; baseline 0.002 -4"><span class='ocrx_word' id='word_1_1' title='bbox 624 227 934 290; x_wconf 91' lang='lat' dir='ltr'>TIBULLI</span> <span class='ocrx_word' id='word_1_2' title='bbox 980 227 1122 288; x_wconf 87' lang='lat' dir='ltr'><strong>LIB.</strong></span> <span class='ocrx_word' id='word_1_3' title='bbox 1157 228 1251 290; x_wconf 88' lang='lat' dir='ltr'><strong>IV.</strong></span> <span class='ocrx_word' id='word_1_4' title='bbox 1282 240 1330 289; x_wconf 83' lang='lat'><strong>4.</strong></span> <span class='ocrx_word' id='word_1_5' title='bbox 1748 228 1834 289; x_wconf 80' lang='lat'><strong>89</strong></span> 
     </span>
    </p>
   </div>
   <div class='ocr_carea' id='block_1_2' title="bbox 61 382 1867 2625">
    <p class='ocr_par' dir='ltr' id='par_1_2' title="bbox 61 382 1867 2625">
     <span class='ocr_line' id='line_1_2' title="bbox 205 382 1834 469; baseline 0.001 -26"><span class='ocrx_word' id='word_1_6' title='bbox 205 382 383 444; x_wconf 87' lang='lat' dir='ltr'><strong>Crede</strong></span> <span class='ocrx_word' id='word_1_7' title='bbox 406 383 566 459; x_wconf 83' lang='lat' dir='ltr'><strong>mihi,</strong></span> <span class='ocrx_word' id='word_1_8' title='bbox 608 399 887 469; x_wconf 87' lang='lat' dir='ltr'><strong>propera:</strong></span> <span class='ocrx_word' id='word_1_9' title='bbox 929 408 1036 447; x_wconf 90' lang='lat' dir='ltr'><strong>nec</strong></span> <span class='ocrx_word' id='word_1_10' title='bbox 1062 386 1280 460; x_wconf 76' lang='lat' dir='ltr'><strong>teiam,</strong></span> <span class='ocrx_word' id='word_1_11' title='bbox 1320 384 1571 459; x_wconf 83' lang='lat' dir='ltr'><strong>Phoebe,</strong></span> <span class='ocrx_word' id='word_1_12' title='bbox 1614 385 1834 468; x_wconf 83' lang='lat' dir='ltr'><strong>pigebit</strong></span> 
     </span>
     <span class='ocr_line' id='line_1_3' title="bbox 288 492 1543 576; baseline 0.003 -26"><span class='ocrx_word' id='word_1_13' title='bbox 288 492 890 554; x_wconf 73' lang='lat' dir='ltr'><strong>Formosae&#39;medicas</strong></span> <span class='ocrx_word' id='word_1_14' title='bbox 935 493 1278 576; x_wconf 81' lang='lat' dir='ltr'><strong>applicuisse</strong></span> <span class='ocrx_word' id='word_1_15' title='bbox 1321 518 1543 556; x_wconf 86' lang='lat' dir='ltr'><strong>manus.</strong></span> 
     </span>
     <span class='ocr_line' id='line_1_4' title="bbox 166 599 1582 685; baseline 0.004 -28"><span class='ocrx_word' id='word_1_16' title='bbox 166 599 390 660; x_wconf 85' lang='lat' dir='ltr'><strong>5Effice</strong></span> <span class='ocrx_word' id='word_1_17' title='bbox 435 623 507 660; x_wconf 92' lang='lat' dir='ltr'><strong>ne</strong></span> <span class='ocrx_word' id='word_1_18' title='bbox 549 601 758 660; x_wconf 89' lang='lat' dir='ltr'><strong>macies</strong></span> <span class='ocrx_word' id='word_1_19' title='bbox 803 599 1076 682; x_wconf 90' lang='lat' dir='ltr'><strong>pallentes</strong></span> <span class='ocrx_word' id='word_1_20' title='bbox 1121 618 1359 685; x_wconf 89' lang='lat' dir='ltr'><strong>occupet</strong></span> <span class='ocrx_word' id='word_1_21' title='bbox 1397 617 1582 676; x_wconf 78' lang='lat' dir='ltr'><strong>artu8,</strong></span> 
     </span>
     <span class='ocr_line' id='line_1_5' title="bbox 289 706 1704 789; baseline 0.001 -23"><span class='ocrx_word' id='word_1_22' title='bbox 289 708 414 766; x_wconf 87' lang='lat' dir='ltr'><strong>Neu</strong></span> <span class='ocrx_word' id='word_1_23' title='bbox 456 721 615 766; x_wconf 81' lang='lat' dir='ltr'><strong>notet</strong></span> <span class='ocrx_word' id='word_1_24' title='bbox 655 706 918 766; x_wconf 87' lang='lat' dir='ltr'><strong>informis</strong></span> <span class='ocrx_word' id='word_1_25' title='bbox 962 707 1176 789; x_wconf 87' lang='lat' dir='ltr'><strong>pallida</strong></span> <span class='ocrx_word' id='word_1_26' title='bbox 1218 711 1475 770; x_wconf 87' lang='lat' dir='ltr'><strong>membra</strong></span> <span class='ocrx_word' id='word_1_27' title='bbox 1521 708 1704 782; x_wconf 90' lang='lat' dir='ltr'><strong>color,</strong></span> 
     </span>
     <span class='ocr_line' id='line_1_6' title="bbox 203 813 1844 898; baseline 0.004 -26"><span class='ocrx_word' id='word_1_28' title='bbox 203 814 277 872; x_wconf 91' lang='lat' dir='ltr'><strong>Et</strong></span> <span class='ocrx_word' id='word_1_29' title='bbox 303 813 686 897; x_wconf 90' lang='lat' dir='ltr'><strong>quodcunque</strong></span> <span class='ocrx_word' id='word_1_30' title='bbox 711 813 856 874; x_wconf 77' lang='lat' dir='ltr'><strong>’mali</strong></span> <span class='ocrx_word' id='word_1_31' title='bbox 881 829 962 873; x_wconf 89' lang='lat' dir='ltr'><strong>est</strong></span> <span class='ocrx_word' id='word_1_32' title='bbox 990 828 1044 874; x_wconf 89' lang='lat' dir='ltr'><strong>et</strong></span> <span class='ocrx_word' id='word_1_33' title='bbox 1079 816 1354 898; x_wconf 89' lang='lat' dir='ltr'><strong>quicquid</strong></span> <span class='ocrx_word' id='word_1_34' title='bbox 1382 819 1538 878; x_wconf 82' lang='lat' dir='ltr'><strong>triste</strong></span> <span class='ocrx_word' id='word_1_35' title='bbox 1562 819 1844 893; x_wconf 83' lang='lat' dir='ltr'><strong>timenmS,</strong></span> 
     </span>
     <span class='ocr_line' id='line_1_7' title="bbox 289 921 1578 1008; baseline 0.004 -28"><span class='ocrx_word' id='word_1_36' title='bbox 289 922 356 980; x_wconf 91' lang='lat' dir='ltr'><strong>In</strong></span> <span class='ocrx_word' id='word_1_37' title='bbox 400 921 638 1004; x_wconf 84' lang='lat' dir='ltr'><strong>pelagus</strong></span> <span class='ocrx_word' id='word_1_38' title='bbox 677 921 896 1004; x_wconf 84' lang='lat' dir='ltr'><strong>rapidis</strong></span> <span class='ocrx_word' id='word_1_39' title='bbox 935 921 1131 983; x_wconf 88' lang='lat' dir='ltr'><strong>evehat</strong></span> <span class='ocrx_word' id='word_1_40' title='bbox 1171 925 1355 984; x_wconf 83' lang='lat' dir='ltr'><strong>amnis</strong></span> <span class='ocrx_word' id='word_1_41' title='bbox 1400 926 1578 1008; x_wconf 87' lang='lat' dir='ltr'><strong>aquis.</strong></span> 
     </span>
     <span class='ocr_line' id='line_1_8' title="bbox 204 1029 1843 1116; baseline 0.002 -27"><span class='ocrx_word' id='word_1_42' title='bbox 204 1030 440 1103; x_wconf 83' lang='lat' dir='ltr'><strong>Sancte,</strong></span> <span class='ocrx_word' id='word_1_43' title='bbox 483 1029 630 1104; x_wconf 88' lang='lat' dir='ltr'><strong>veni,</strong></span> <span class='ocrx_word' id='word_1_44' title='bbox 651 1044 966 1114; x_wconf 67' lang='lat' dir='ltr'><strong>tecumque</strong></span> <span class='ocrx_word' id='word_1_45' title='bbox 1010 1030 1178 1105; x_wconf 82' lang='lat' dir='ltr'><strong>feraS,</strong></span> <span class='ocrx_word' id='word_1_46' title='bbox 1219 1032 1547 1116; x_wconf 87' lang='lat' dir='ltr'><strong>quicunque</strong></span> <span class='ocrx_word' id='word_1_47' title='bbox 1592 1035 1843 1116; x_wconf 76' lang='lat' dir='ltr'><strong>saporeS,</strong></span> 
     </span>
     <span class='ocr_line' id='line_1_9' title="bbox 137 1138 1717 1223; baseline 0.004 -28"><span class='ocrx_word' id='word_1_48' title='bbox 137 1150 197 1195; x_wconf 91' lang='lat'><strong>10</strong></span> <span class='ocrx_word' id='word_1_49' title='bbox 295 1138 642 1222; x_wconf 79' lang='lat' dir='ltr'><strong>Quicunque</strong></span> <span class='ocrx_word' id='word_1_50' title='bbox 684 1153 738 1199; x_wconf 89' lang='lat' dir='ltr'><strong>et</strong></span> <span class='ocrx_word' id='word_1_51' title='bbox 781 1153 980 1199; x_wconf 83' lang='lat' dir='ltr'><strong>cantus</strong></span> <span class='ocrx_word' id='word_1_52' title='bbox 1026 1163 1269 1223; x_wconf 85' lang='lat' dir='ltr'><strong>corpora</strong></span> <span class='ocrx_word' id='word_1_53' title='bbox 1313 1141 1462 1201; x_wconf 88' lang='lat' dir='ltr'><strong>fessa</strong></span> <span class='ocrx_word' id='word_1_54' title='bbox 1503 1140 1717 1201; x_wconf 86' lang='lat' dir='ltr'><strong>levant:</strong></span> 
     </span>
     <span class='ocr_line' id='line_1_10' title="bbox 204 1246 1719 1333; baseline 0.002 -27"><span class='ocrx_word' id='word_1_55' title='bbox 204 1246 330 1306; x_wconf 82' lang='lat' dir='ltr'><strong>Neu</strong></span> <span class='ocrx_word' id='word_1_56' title='bbox 366 1246 626 1307; x_wconf 86' lang='lat' dir='ltr'><strong>iuvenem</strong></span> <span class='ocrx_word' id='word_1_57' title='bbox 670 1261 900 1330; x_wconf 84' lang='lat' dir='ltr'><strong>torque,</strong></span> <span class='ocrx_word' id='word_1_58' title='bbox 957 1247 1157 1308; x_wconf 85' lang='lat' dir='ltr'><strong>metuit</strong></span> <span class='ocrx_word' id='word_1_59' title='bbox 1199 1249 1297 1331; x_wconf 93' lang='lat' dir='ltr'><strong>qui</strong></span> <span class='ocrx_word' id='word_1_60' title='bbox 1341 1249 1456 1309; x_wconf 85' lang='lat' dir='ltr'><strong>fata</strong></span> <span class='ocrx_word' id='word_1_61' title='bbox 1497 1249 1719 1333; x_wconf 85' lang='lat' dir='ltr'><strong>puellae</strong></span> 
     </span>
     <span class='ocr_line' id='line_1_11' title="bbox 288 1355 1711 1440; baseline 0.002 -26"><span class='ocrx_word' id='word_1_62' title='bbox 288 1357 548 1438; x_wconf 85' lang='lat' dir='ltr'><strong>Votaque</strong></span> <span class='ocrx_word' id='word_1_63' title='bbox 590 1378 698 1438; x_wconf 93' lang='lat' dir='ltr'><strong>pro</strong></span> <span class='ocrx_word' id='word_1_64' title='bbox 745 1355 980 1440; x_wconf 85' lang='lat' dir='ltr'><strong>domina</strong></span> <span class='ocrx_word' id='word_1_65' title='bbox 1021 1356 1113 1416; x_wconf 81' lang='lat' dir='ltr'><strong>vix</strong></span> <span class='ocrx_word' id='word_1_66' title='bbox 1156 1357 1514 1418; x_wconf 87' lang='lat' dir='ltr'><strong>numeranda</strong></span> <span class='ocrx_word' id='word_1_67' title='bbox 1562 1358 1711 1419; x_wconf 86' lang='lat' dir='ltr'><strong>facit.</strong></span> 
     </span>
     <span class='ocr_line' id='line_1_12' title="bbox 205 1462 1790 1546; baseline 0.004 -26"><span class='ocrx_word' id='word_1_68' title='bbox 205 1462 502 1523; x_wconf 86' lang='lat' dir='ltr'><strong>Interdum</strong></span> <span class='ocrx_word' id='word_1_69' title='bbox 539 1477 729 1538; x_wconf 82' lang='lat' dir='ltr'><strong>vovet,</strong></span> <span class='ocrx_word' id='word_1_70' title='bbox 783 1463 1104 1538; x_wconf 89' lang='lat' dir='ltr'><strong>interdum,</strong></span> <span class='ocrx_word' id='word_1_71' title='bbox 1157 1465 1314 1546; x_wconf 91' lang='lat' dir='ltr'><strong>quod</strong></span> <span class='ocrx_word' id='word_1_72' title='bbox 1352 1465 1620 1546; x_wconf 84' lang='lat' dir='ltr'><strong>langueat</strong></span> <span class='ocrx_word' id='word_1_73' title='bbox 1663 1466 1790 1540; x_wconf 82' lang='lat' dir='ltr'><strong>illa,</strong></span> 
     </span>
     <span class='ocr_line' id='line_1_13' title="bbox 293 1570 1518 1654; baseline 0.002 -24"><span class='ocrx_word' id='word_1_74' title='bbox 293 1570 451 1632; x_wconf 86' lang='lat' dir='ltr'><strong>Dicit</strong></span> <span class='ocrx_word' id='word_1_75' title='bbox 491 1571 552 1633; x_wconf 89' lang='lat' dir='ltr'><strong>in</strong></span> <span class='ocrx_word' id='word_1_76' title='bbox 597 1586 854 1632; x_wconf 79' lang='lat' dir='ltr'><strong>aeternos</strong></span> <span class='ocrx_word' id='word_1_77' title='bbox 900 1594 1102 1654; x_wconf 85' lang='lat' dir='ltr'><strong>aspera</strong></span> <span class='ocrx_word' id='word_1_78' title='bbox 1146 1573 1319 1633; x_wconf 88' lang='lat' dir='ltr'><strong>verba</strong></span> <span class='ocrx_word' id='word_1_79' title='bbox 1366 1573 1518 1633; x_wconf 82' lang='lat' dir='ltr'><strong>deos,</strong></span> 
     </span>
     <span class='ocr_line' id='line_1_14' title="bbox 141 1678 1849 1754; baseline 0.003 -19"><span class='ocrx_word' id='word_1_80' title='bbox 141 1680 373 1740; x_wconf 88' lang='lat' dir='ltr'><strong>15Pone</strong></span> <span class='ocrx_word' id='word_1_81' title='bbox 415 1694 646 1754; x_wconf 88' lang='lat' dir='ltr'><strong>metum,</strong></span> <span class='ocrx_word' id='word_1_82' title='bbox 691 1678 990 1740; x_wconf 88' lang='lat' dir='ltr'><strong>Cerinthe:</strong></span> <span class='ocrx_word' id='word_1_83' title='bbox 1034 1680 1175 1740; x_wconf 90' lang='lat' dir='ltr'><strong>deus</strong></span> <span class='ocrx_word' id='word_1_84' title='bbox 1206 1705 1324 1741; x_wconf 95' lang='lat' dir='ltr'><strong>non</strong></span> <span class='ocrx_word' id='word_1_85' title='bbox 1369 1680 1544 1741; x_wconf 82' lang='lat' dir='ltr'><strong>laedit</strong></span> <span class='ocrx_word' id='word_1_86' title='bbox 1581 1694 1849 1741; x_wconf 84' lang='lat' dir='ltr'><strong>amantes.</strong></span> 
     </span>
     <span class='ocr_line' id='line_1_15' title="bbox 301 1787 1867 1873; baseline 0.002 -26"><span class='ocrx_word' id='word_1_87' title='bbox 301 1789 394 1847; x_wconf 88' lang='lat' dir='ltr'><strong>Tu</strong></span> <span class='ocrx_word' id='word_1_88' title='bbox 435 1787 611 1848; x_wconf 89' lang='lat' dir='ltr'><strong>modo</strong></span> <span class='ocrx_word' id='word_1_89' title='bbox 657 1811 882 1871; x_wconf 90' lang='lat' dir='ltr'><strong>semper</strong></span> <span class='ocrx_word' id='word_1_90' title='bbox 922 1811 1077 1848; x_wconf 86' lang='lat' dir='ltr'><strong>ama:</strong></span> <span class='ocrx_word' id='word_1_91' title='bbox 1137 1787 1289 1849; x_wconf 85' lang='lat' dir='ltr'><strong>salva</strong></span> <span class='ocrx_word' id='word_1_92' title='bbox 1333 1789 1523 1873; x_wconf 87' lang='lat' dir='ltr'><strong>puella</strong></span> <span class='ocrx_word' id='word_1_93' title='bbox 1568 1789 1672 1850; x_wconf 89' lang='lat' dir='ltr'><strong>tibi</strong></span> <span class='ocrx_word' id='word_1_94' title='bbox 1712 1804 1806 1850; x_wconf 87' lang='lat' dir='ltr'><strong>est.</strong></span> <span class='ocrx_word' id='word_1_95' title='bbox 1852 1833 1867 1849; x_wconf 29' lang='grc' dir='ltr'>κ</span> 
     </span>
     <span class='ocr_line' id='line_1_16' title="bbox 210 1895 1670 1981; baseline 0.001 -25"><span class='ocrx_word' id='word_1_96' title='bbox 210 1895 304 1957; x_wconf 79' lang='lat' dir='ltr'><strong>Nil</strong></span> <span class='ocrx_word' id='word_1_97' title='bbox 352 1920 498 1980; x_wconf 90' lang='lat' dir='ltr'><strong>opus</strong></span> <span class='ocrx_word' id='word_1_98' title='bbox 542 1911 626 1956; x_wconf 90' lang='lat' dir='ltr'><strong>est</strong></span> <span class='ocrx_word' id='word_1_99' title='bbox 663 1895 828 1956; x_wconf 88' lang='lat' dir='ltr'><strong>fletu:</strong></span> <span class='ocrx_word' id='word_1_100' title='bbox 882 1895 1132 1956; x_wconf 86' lang='lat' dir='ltr'><strong>lacrimis</strong></span> <span class='ocrx_word' id='word_1_101' title='bbox 1179 1897 1285 1957; x_wconf 90' lang='lat' dir='ltr'><strong>erit</strong></span> <span class='ocrx_word' id='word_1_102' title='bbox 1329 1899 1515 1981; x_wconf 83' lang='lat' dir='ltr'><strong>aptius</strong></span> <span class='ocrx_word' id='word_1_103' title='bbox 1555 1899 1670 1973; x_wconf 87' lang='lat' dir='ltr'><strong>uti,</strong></span> 
     </span>
     <span class='ocr_line' id='line_1_17' title="bbox 297 2004 1395 2088; baseline 0.001 -23"><span class='ocrx_word' id='word_1_104' title='bbox 297 2005 360 2065; x_wconf 91' lang='lat' dir='ltr'><strong>Si</strong></span> <span class='ocrx_word' id='word_1_105' title='bbox 397 2005 631 2088; x_wconf 90' lang='lat' dir='ltr'><strong>quando</strong></span> <span class='ocrx_word' id='word_1_106' title='bbox 672 2004 846 2066; x_wconf 85' lang='lat' dir='ltr'><strong>fuerit</strong></span> <span class='ocrx_word' id='word_1_107' title='bbox 886 2005 1104 2066; x_wconf 87' lang='lat' dir='ltr'><strong>tristior</strong></span> <span class='ocrx_word' id='word_1_108' title='bbox 1138 2005 1234 2066; x_wconf 81' lang='lat' dir='ltr'><strong>illa</strong></span> <span class='ocrx_word' id='word_1_109' title='bbox 1276 2006 1395 2066; x_wconf 87' lang='lat' dir='ltr'><strong>tibi.</strong></span> 
     </span>
     <span class='ocr_line' id='line_1_18' title="bbox 201 2113 1799 2189; baseline 0.001 -15"><span class='ocrx_word' id='word_1_110' title='bbox 201 2113 279 2174; x_wconf 92' lang='lat' dir='ltr'><strong>At</strong></span> <span class='ocrx_word' id='word_1_111' title='bbox 319 2137 475 2175; x_wconf 92' lang='lat' dir='ltr'><strong>nunc</strong></span> <span class='ocrx_word' id='word_1_112' title='bbox 515 2128 635 2175; x_wconf 84' lang='lat' dir='ltr'><strong>tota</strong></span> <span class='ocrx_word' id='word_1_113' title='bbox 677 2129 774 2174; x_wconf 87' lang='lat' dir='ltr'><strong>tua</strong></span> <span class='ocrx_word' id='word_1_114' title='bbox 819 2128 932 2189; x_wconf 87' lang='lat' dir='ltr'><strong>est,</strong></span> <span class='ocrx_word' id='word_1_115' title='bbox 986 2129 1040 2175; x_wconf 83' lang='lat' dir='ltr'><strong>te</strong></span> <span class='ocrx_word' id='word_1_116' title='bbox 1083 2114 1267 2175; x_wconf 89' lang='lat' dir='ltr'><strong>solum</strong></span> <span class='ocrx_word' id='word_1_117' title='bbox 1314 2115 1563 2176; x_wconf 81' lang='lat' dir='ltr'><strong>candida</strong></span> <span class='ocrx_word' id='word_1_118' title='bbox 1606 2139 1799 2176; x_wconf 89' lang='lat' dir='ltr'><strong>secum</strong></span> 
     </span>
     <span class='ocr_line' id='line_1_19' title="bbox 61 2223 1621 2312; baseline 0.003 -31"><span class='ocrx_word' id='word_1_119' title='bbox 61 2297 66 2300; x_wconf 21' lang='grc' dir='ltr'>Ι</span> <span class='ocrx_word' id='word_1_120' title='bbox 145 2238 207 2281; x_wconf 85' lang='grc'><strong>20</strong></span> <span class='ocrx_word' id='word_1_121' title='bbox 308 2223 557 2307; x_wconf 83' lang='lat' dir='ltr'><strong>Cogitat,</strong></span> <span class='ocrx_word' id='word_1_122' title='bbox 615 2239 669 2284; x_wconf 89' lang='lat' dir='ltr'><strong>et</strong></span> <span class='ocrx_word' id='word_1_123' title='bbox 706 2224 919 2284; x_wconf 84' lang='lat' dir='ltr'><strong>frustra</strong></span> <span class='ocrx_word' id='word_1_124' title='bbox 962 2223 1192 2284; x_wconf 89' lang='lat' dir='ltr'><strong>credula</strong></span> <span class='ocrx_word' id='word_1_125' title='bbox 1237 2225 1403 2312; x_wconf 77' lang='lat' dir='ltr'><strong>turba</strong></span> <span class='ocrx_word' id='word_1_126' title='bbox 1450 2225 1621 2285; x_wconf 86' lang='lat' dir='ltr'><strong>sedet.</strong></span> 
     </span>
     <span class='ocr_line' id='line_1_20' title="bbox 216 2312 1856 2412; baseline 0 -20"><span class='ocrx_word' id='word_1_127' title='bbox 216 2312 486 2406; x_wconf 79' lang='lat' dir='ltr'><strong>Phoebe,</strong></span> <span class='ocrx_word' id='word_1_128' title='bbox 534 2332 692 2392; x_wconf 84' lang='lat' dir='ltr'><strong>save:</strong></span> <span class='ocrx_word' id='word_1_129' title='bbox 755 2331 879 2392; x_wconf 87' lang='lat' dir='ltr'><strong>laus</strong></span> <span class='ocrx_word' id='word_1_130' title='bbox 924 2354 1133 2412; x_wconf 85' lang='lat' dir='ltr'><strong>magna</strong></span> <span class='ocrx_word' id='word_1_131' title='bbox 1178 2333 1281 2392; x_wconf 86' lang='lat' dir='ltr'><strong>tibi</strong></span> <span class='ocrx_word' id='word_1_132' title='bbox 1323 2333 1606 2394; x_wconf 80' lang='lat' dir='ltr'><strong>tribuetur</strong></span> <span class='ocrx_word' id='word_1_133' title='bbox 1640 2334 1700 2393; x_wconf 91' lang='lat' dir='ltr'><strong>in</strong></span> <span class='ocrx_word' id='word_1_134' title='bbox 1739 2357 1856 2392; x_wconf 89' lang='lat' dir='ltr'><strong>uno</strong></span> 
     </span>
     <span class='ocr_line' id='line_1_21' title="bbox 315 2441 1388 2524; baseline 0.005 -24"><span class='ocrx_word' id='word_1_135' title='bbox 315 2442 567 2524; x_wconf 88' lang='lat' dir='ltr'><strong>Corpore</strong></span> <span class='ocrx_word' id='word_1_136' title='bbox 612 2455 830 2502; x_wconf 81' lang='lat' dir='ltr'><strong>servato</strong></span> <span class='ocrx_word' id='word_1_137' title='bbox 871 2441 1181 2502; x_wconf 87' lang='lat' dir='ltr'><strong>restituisse</strong></span> <span class='ocrx_word' id='word_1_138' title='bbox 1227 2441 1388 2506; x_wconf 89' lang='lat' dir='ltr'><strong>duos.</strong></span> 
     </span>
     <span class='ocr_line' id='line_1_22' title="bbox 221 2549 1858 2625; baseline 0.002 -16"><span class='ocrx_word' id='word_1_139' title='bbox 221 2551 341 2609; x_wconf 87' lang='lat' dir='ltr'><strong>Iam</strong></span> <span class='ocrx_word' id='word_1_140' title='bbox 390 2549 635 2625; x_wconf 87' lang='lat' dir='ltr'><strong>celeber,</strong></span> <span class='ocrx_word' id='word_1_141' title='bbox 679 2551 791 2611; x_wconf 87' lang='lat' dir='ltr'><strong>iam</strong></span> <span class='ocrx_word' id='word_1_142' title='bbox 837 2549 1014 2610; x_wconf 87' lang='lat' dir='ltr'><strong>laetus</strong></span> <span class='ocrx_word' id='word_1_143' title='bbox 1057 2551 1198 2624; x_wconf 80' lang='lat' dir='ltr'><strong>eriS,</strong></span> <span class='ocrx_word' id='word_1_144' title='bbox 1245 2575 1373 2611; x_wconf 91' lang='lat' dir='ltr'><strong>cum</strong></span> <span class='ocrx_word' id='word_1_145' title='bbox 1421 2551 1611 2612; x_wconf 85' lang='lat' dir='ltr'><strong>debita</strong></span> <span class='ocrx_word' id='word_1_146' title='bbox 1658 2551 1858 2613; x_wconf 87' lang='lat' dir='ltr'><strong>reddet</strong></span> 
     </span>
    </p>
   </div>
   <div class='ocr_carea' id='block_1_3' title="bbox 308 2655 1542 2742">
    <p class='ocr_par' dir='ltr' id='par_1_3' title="bbox 308 2655 1542 2742">
     <span class='ocr_line' id='line_1_23' title="bbox 308 2655 1542 2742; baseline 0.001 -26"><span class='ocrx_word' id='word_1_147' title='bbox 308 2658 574 2719; x_wconf 84' lang='lat' dir='ltr'><strong>Certatim</strong></span> <span class='ocrx_word' id='word_1_148' title='bbox 620 2659 828 2719; x_wconf 83' lang='lat' dir='ltr'><strong>sanctis</strong></span> <span class='ocrx_word' id='word_1_149' title='bbox 873 2655 1052 2718; x_wconf 86' lang='lat' dir='ltr'><strong>laetus</strong></span> <span class='ocrx_word' id='word_1_150' title='bbox 1101 2673 1337 2742; x_wconf 84' lang='lat' dir='ltr'><strong>uterque</strong></span> <span class='ocrx_word' id='word_1_151' title='bbox 1383 2658 1542 2719; x_wconf 86' lang='lat' dir='ltr'><strong>focis.</strong></span> 
     </span>
    </p>
   </div>
   <div class='ocr_carea' id='block_1_4' title="bbox 270 2847 1860 2905">
    <p class='ocr_par' dir='ltr' id='par_1_4' title="bbox 270 2847 1860 2905">
     <span class='ocr_line' id='line_1_24' title="bbox 270 2847 1860 2905; baseline -0.001 -15"><span class='ocrx_word' id='word_1_152' title='bbox 270 2848 324 2890; x_wconf 86' lang='lat' dir='ltr'><strong>V.</strong></span> <span class='ocrx_word' id='word_1_153' title='bbox 345 2851 387 2892; x_wconf 84' lang='lat'><strong>6.</strong></span> <span class='ocrx_word' id='word_1_154' title='bbox 430 2847 653 2904; x_wconf 78' lang='lat' dir='ltr'><strong>pallida</strong></span> <span class='ocrx_word' id='word_1_155' title='bbox 692 2849 761 2891; x_wconf 87' lang='lat' dir='ltr'><strong>vel</strong></span> <span class='ocrx_word' id='word_1_156' title='bbox 795 2847 958 2904; x_wconf 78' lang='lat' dir='ltr'><strong>polida</strong></span> <span class='ocrx_word' id='word_1_157' title='bbox 992 2848 1088 2891; x_wconf 84' lang='lat' dir='ltr'><strong>libri</strong></span> <span class='ocrx_word' id='word_1_158' title='bbox 1133 2854 1348 2905; x_wconf 86' lang='lat' dir='ltr'><strong>corrupte.</strong></span> <span class='ocrx_word' id='word_1_159' title='bbox 1411 2848 1604 2891; x_wconf 82' lang='lat' dir='ltr'><strong>candida</strong></span> <span class='ocrx_word' id='word_1_160' title='bbox 1640 2848 1860 2891; x_wconf 73' lang='lat' dir='ltr'><strong>HuYNms</strong></span> 
     </span>
    </p>
   </div>
   <div class='ocr_carea' id='block_1_5' title="bbox 153 2929 1865 3139">
    <p class='ocr_par' dir='ltr' id='par_1_5' title="bbox 153 2929 1865 3139">
     <span class='ocr_line' id='line_1_25' title="bbox 153 2929 1862 2985; baseline 0 -13"><span class='ocrx_word' id='word_1_161' title='bbox 153 2941 208 2973; x_wconf 77' lang='lat' dir='ltr'><strong>ex</strong></span> <span class='ocrx_word' id='word_1_162' title='bbox 250 2929 447 2973; x_wconf 79' lang='lat' dir='ltr'><strong>Romana</strong></span> <span class='ocrx_word' id='word_1_163' title='bbox 489 2943 586 2972; x_wconf 85' lang='lat' dir='ltr'><strong>auu.</strong></span> <span class='ocrx_word' id='word_1_164' title='bbox 617 2933 747 2973; x_wconf 76' lang='lat'>1475.</span> <span class='ocrx_word' id='word_1_165' title='bbox 782 2953 840 2962; x_wconf 94' lang='lat'><strong>—-</strong></span> <span class='ocrx_word' id='word_1_166' title='bbox 915 2931 970 2974; x_wconf 89' lang='lat' dir='ltr'><strong>V.</strong></span> <span class='ocrx_word' id='word_1_167' title='bbox 995 2934 1040 2973; x_wconf 86' lang='grc'><strong>8.</strong></span> <span class='ocrx_word' id='word_1_168' title='bbox 1087 2931 1233 2985; x_wconf 82' lang='lat' dir='ltr'><strong>Vulgo</strong></span> <span class='ocrx_word' id='word_1_169' title='bbox 1279 2931 1469 2973; x_wconf 77' lang='lat' dir='ltr'><strong>devehat</strong></span> <span class='ocrx_word' id='word_1_170' title='bbox 1515 2932 1569 2974; x_wconf 87' lang='lat' dir='ltr'><strong>de</strong></span> <span class='ocrx_word' id='word_1_171' title='bbox 1615 2932 1862 2974; x_wconf 85' lang='lat' dir='ltr'><strong>coniectura</strong></span> 
     </span>
     <span class='ocr_line' id='line_1_26' title="bbox 156 3012 1865 3070; baseline 0.001 -16"><span class='ocrx_word' id='word_1_172' title='bbox 156 3012 359 3055; x_wconf 72' lang='lat' dir='ltr'><strong>Hnmsn.</strong></span> <span class='ocrx_word' id='word_1_173' title='bbox 386 3035 446 3043; x_wconf 92' lang='lat'>—</span> <span class='ocrx_word' id='word_1_174' title='bbox 505 3013 560 3056; x_wconf 90' lang='lat' dir='ltr'><strong>V.</strong></span> <span class='ocrx_word' id='word_1_175' title='bbox 581 3015 624 3056; x_wconf 89' lang='grc'><strong>9.</strong></span> <span class='ocrx_word' id='word_1_176' title='bbox 666 3026 844 3069; x_wconf 70' lang='lat' dir='ltr'><strong>sopores</strong></span> <span class='ocrx_word' id='word_1_177' title='bbox 884 3013 1015 3068; x_wconf 85' lang='lat' dir='ltr'><strong>vulgo</strong></span> <span class='ocrx_word' id='word_1_178' title='bbox 1057 3027 1112 3056; x_wconf 84' lang='lat' dir='ltr'><strong>ex</strong></span> <span class='ocrx_word' id='word_1_179' title='bbox 1154 3014 1272 3056; x_wconf 82' lang='lat' dir='ltr'><strong>libris</strong></span> <span class='ocrx_word' id='word_1_180' title='bbox 1315 3015 1462 3070; x_wconf 81' lang='lat' dir='ltr'><strong>paucis</strong></span> <span class='ocrx_word' id='word_1_181' title='bbox 1502 3028 1583 3057; x_wconf 90' lang='lat' dir='ltr'><strong>nec</strong></span> <span class='ocrx_word' id='word_1_182' title='bbox 1616 3014 1762 3067; x_wconf 88' lang='lat' dir='ltr'><strong>bonis,</strong></span> <span class='ocrx_word' id='word_1_183' title='bbox 1806 3014 1865 3055; x_wconf 83' lang='lat' dir='ltr'><strong>ait</strong></span> 
     </span>
     <span class='ocr_line' id='line_1_27' title="bbox 154 3096 485 3139; baseline -0.003 0"><span class='ocrx_word' id='word_1_184' title='bbox 154 3096 485 3139; x_wconf 55' lang='lat' dir='ltr'><strong>Licnmmnus.</strong></span> 
     </span>
    </p>
   </div>
   <div class='ocr_carea' id='block_1_6' title="bbox 160 3185 1862 3314">
    <p class='ocr_par' dir='ltr' id='par_1_6' title="bbox 160 3185 1862 3314">
     <span class='ocr_line' id='line_1_28' title="bbox 277 3185 1862 3231; baseline 0.001 -1"><span class='ocrx_word' id='word_1_185' title='bbox 277 3188 326 3230; x_wconf 89' lang='lat' dir='ltr'><strong>V.</strong></span> <span class='ocrx_word' id='word_1_186' title='bbox 354 3189 570 3231; x_wconf 77' lang='lat'><strong>17—22.</strong></span> <span class='ocrx_word' id='word_1_187' title='bbox 616 3185 707 3229; x_wconf 78' lang='lat' dir='ltr'><strong>Nil</strong></span> <span class='ocrx_word' id='word_1_188' title='bbox 744 3211 800 3219; x_wconf 91' lang='grc'><strong>-</strong></span> <span class='ocrx_word' id='word_1_189' title='bbox 834 3189 902 3230; x_wconf 80' lang='lat' dir='ltr'><strong>At</strong></span> <span class='ocrx_word' id='word_1_190' title='bbox 940 3211 991 3220; x_wconf 92' lang='lat'>-</span> <span class='ocrx_word' id='word_1_191' title='bbox 1032 3187 1273 3231; x_wconf 85' lang='lat' dir='ltr'><strong>Phoebe.</strong></span> <span class='ocrx_word' id='word_1_192' title='bbox 1354 3188 1526 3230; x_wconf 81' lang='lat' dir='ltr'><strong>Primus</strong></span> <span class='ocrx_word' id='word_1_193' title='bbox 1568 3189 1723 3230; x_wconf 64' lang='lat' dir='ltr'><strong>Annus</strong></span> <span class='ocrx_word' id='word_1_194' title='bbox 1768 3200 1862 3231; x_wconf 86' lang='lat' dir='ltr'><strong>ann.</strong></span> 
     </span>
     <span class='ocr_line' id='line_1_29' title="bbox 160 3267 1862 3314; baseline -0.002 -3"><span class='ocrx_word' id='word_1_195' title='bbox 160 3272 292 3311; x_wconf 81' lang='lat'><strong>1515.</strong></span> <span class='ocrx_word' id='word_1_196' title='bbox 323 3267 451 3311; x_wconf 80' lang='lat' dir='ltr'><strong>habet</strong></span> <span class='ocrx_word' id='word_1_197' title='bbox 473 3267 584 3311; x_wconf 86' lang='lat' dir='ltr'><strong>hunc</strong></span> <span class='ocrx_word' id='word_1_198' title='bbox 609 3267 801 3311; x_wconf 79' lang='lat' dir='ltr'><strong>ordinem</strong></span> <span class='ocrx_word' id='word_1_199' title='bbox 826 3281 1024 3313; x_wconf 77' lang='lat' dir='ltr'><strong>versuum</strong></span> <span class='ocrx_word' id='word_1_200' title='bbox 1052 3276 1230 3314; x_wconf 85' lang='lat' dir='ltr'><strong>rectum.</strong></span> <span class='ocrx_word' id='word_1_201' title='bbox 1294 3270 1415 3312; x_wconf 80' lang='lat' dir='ltr'><strong>Libri</strong></span> <span class='ocrx_word' id='word_1_202' title='bbox 1440 3270 1508 3311; x_wconf 82' lang='lat' dir='ltr'><strong>At</strong></span> <span class='ocrx_word' id='word_1_203' title='bbox 1532 3293 1588 3301; x_wconf 97' lang='lat'><strong>—</strong></span> <span class='ocrx_word' id='word_1_204' title='bbox 1612 3268 1785 3310; x_wconf 77' lang='lat' dir='ltr'><strong>Phoebe</strong></span> <span class='ocrx_word' id='word_1_205' title='bbox 1808 3292 1862 3300; x_wconf 87' lang='lat'><strong>--</strong></span> 
     </span>
    </p>
   </div>
   <div class='ocr_carea' id='block_1_7' title="bbox 163 3349 1864 3404">
    <p class='ocr_par' dir='ltr' id='par_1_7' title="bbox 163 3349 1864 3404">
     <span class='ocr_line' id='line_1_30' title="bbox 163 3349 1864 3404; baseline 0.001 -13"><span class='ocrx_word' id='word_1_206' title='bbox 163 3350 262 3404; x_wconf 86' lang='lat' dir='ltr'><strong>Nil,</strong></span> <span class='ocrx_word' id='word_1_207' title='bbox 307 3356 353 3394; x_wconf 89' lang='lat' dir='ltr'><strong>et</strong></span> <span class='ocrx_word' id='word_1_208' title='bbox 379 3365 417 3395; x_wconf 93' lang='lat' dir='ltr'><strong>c.</strong></span> <span class='ocrx_word' id='word_1_209' title='bbox 445 3353 575 3394; x_wconf 66' lang='lat' dir='ltr'><strong>Anno</strong></span> <span class='ocrx_word' id='word_1_210' title='bbox 607 3354 738 3394; x_wconf 82' lang='lat'><strong>1502.</strong></span> <span class='ocrx_word' id='word_1_211' title='bbox 770 3352 1018 3395; x_wconf 59' lang='lat' dir='ltr'><strong>Scnmassn.</strong></span> <span class='ocrx_word' id='word_1_212' title='bbox 1082 3354 1151 3395; x_wconf 84' lang='lat' dir='ltr'><strong>At</strong></span> <span class='ocrx_word' id='word_1_213' title='bbox 1176 3376 1234 3383; x_wconf 91' lang='lat'>—</span> <span class='ocrx_word' id='word_1_214' title='bbox 1262 3351 1342 3392; x_wconf 84' lang='lat' dir='ltr'><strong>Nil</strong></span> <span class='ocrx_word' id='word_1_215' title='bbox 1363 3375 1420 3384; x_wconf 92' lang='lat'><strong>-—</strong></span> <span class='ocrx_word' id='word_1_216' title='bbox 1446 3349 1618 3392; x_wconf 78' lang='lat' dir='ltr'><strong>Phoebe</strong></span> <span class='ocrx_word' id='word_1_217' title='bbox 1651 3353 1864 3393; x_wconf 74' lang='lat' dir='ltr'><strong>Pucch.</strong></span> 
     </span>
    </p>
   </div>
  </div>
 </body>
</html>
