2158 3750
359 737 1927 856 ALBIITIBULL1

539 911 979 974 LIBER
1077 909 1736 973 TERTIUS.

859 1290 1294 1342 ELEGIA
1375 1291 1419 1341 Ι.

356 1364 616 1502 Martis
659 1444 907 1505 Romani
947 1446 1122 1506 festae
1166 1466 1368 1505 venere
1412 1441 1686 1503 kalendae

441 1548 752 1630 (Exoriens
797 1555 1008 1615 nostris
1053 1554 1147 1615 hic
1190 1554 1299 1614 fuit
1343 1576 1528 1613 annus
1569 1551 1762 1626 avis),

405 1736 730 1789 „Vmcssmms
758 1742 1135 1788 Rumonem-ms
1166 1758 1459 1800 quoscumque
1492 1755 1644 1786 versus
1688 1753 1744 1783 ex
1774 1737 1856 1782 hoc
1885 1737 1996 1780 libro

287 1817 447 1870 petitos
478 1821 630 1876 affert,
663 1823 772 1867 libro
806 1827 996 1870 secundo
1027 1827 1206 1870 Tibullii
1235 1827 1423 1870 ascribit.
1487 1826 1598 1869 ‘Hic
1627 1806 1737 1867 liber
1766 1821 1995 1876 inscriptus

288 1896 438 1950 [immo
468 1902 682 1959 scriptus]
724 1907 896 1950 videtur
934 1909 1150 1962 Lygdami
1195 1910 1391 1962 nomine,
1437 1908 1510 1963 qui
1551 1905 1724 1950 amabat
1763 1903 1994 1948 Neaeram.

286 1981 447 2035 alioqui
479 1986 639 2028 amicas
670 1988 832 2032 Tibulli
876 1991 990 2033 solas
1024 1991 1156 2046 duas,
1200 1991 1371 2034 Deliam
1415 1995 1460 2032 et
1503 1988 1751 2040 Nemesim,
1797 1984 1997 2039 agnoscit

286 2064 491 2108 Ovidius’
522 2069 736 2114 Paccius.
811 2073 934 2116 Haec
966 2075 1153 2117 carmina
1196 2075 1268 2131 qui
1311 2074 1532 2116 Tibullum
1574 2070 1792 2126 Lygdami
1821 2067 1996 2111 nomine

285 2151 579 2203 composuisse
622 2161 824 2210 censent,
881 2157 958 2199 sed
1002 2158 1323 2201 adolescentem
1373 2157 1557 2201 necdum
1602 2156 1656 2199 ad
1697 2169 1818 2209 eam,
1866 2166 1996 2208 quam

284 2228 397 2272 libro
441 2234 580 2287 prImo
621 2237 831 2291 ostendit,
877 2240 1078 2282 virtutem
1121 2240 1314 2293 enisum,
1358 2253 1434 2282 eos
1474 2238 1574 2282 huic
1603 2243 1761 2295 poetae
1792 2237 1992 2279 iniuriam

284 2312 429 2357 facere
463 2318 688 2372 existimo,
737 2334 888 2376 quem,
929 2329 1028 2366 ante
1060 2337 1218 2366 annum
1250 2325 1304 2366 ab
1336 2338 1379 2368 u.
1412 2338 1450 2366 c.
1483 2327 1587 2366 723.
1635 2323 1703 2378 (in
1733 2320 1847 2364 huuc
1878 2320 1992 2364 enim

284 2401 454 2451 partem
485 2399 582 2442 libri
612 2402 738 2456 primi
768 2404 1038 2449 referendam
1070 2419 1166 2449 esse
1206 2407 1396 2460 constat)
1430 2406 1716 2458 scribentem,
1763 2404 1890 2447 nimis
1922 2403 1993 2445 in-

284 2483 388 2533 epto
419 2482 599 2525 consilio
631 2485 831 2528 maritum
863 2487 1062 2531 Neaerae
1093 2493 1239 2532 natum
1272 2490 1447 2532 finxisse
1479 2489 1613 2531 velint
1644 2488 1746 2530 belli
1769 2487 1992 2530 Mutinen-

283 2561 343 2603 sis
374 2567 567 2619 tempore
601 2566 677 2620 (5,
712 2567 818 2622 18),
850 2569 931 2613 hoc
964 2575 1030 2612 est
1061 2576 1152 2613 tum
1189 2571 1243 2614 ad
1275 2584 1484 2614 summum
1517 2570 1828 2613 undecennem.
1853 2570 1992 2615 multo

285 2643 350 2687 his
383 2648 542 2691 rectius
575 2649 790 2704 iudicant,
831 2653 903 2706 qui
935 2651 1042 2695 haec
1071 2653 1257 2695 carmina
1291 2666 1374 2694 non
1406 2652 1583 2694 Tibullo
1617 2652 1693 2695 sed
1729 2653 1799 2694 alii
1831 2656 1990 2708 poetae

285 2729 518 2774 ascribunt.
559 2734 599 2774 ei
632 2733 915 2790 Lygdamum
960 2739 1004 2776 et
1048 2735 1187 2777 amico
1227 2734 1390 2776 Tibulli
1437 2733 1688 2776 cerinthum
1728 2747 1882 2778 nomen
1922 2734 1995 2778 se-

285 2812 396 2854 cisse
437 2819 541 2868 puto
584 2816 655 2869 qui
699 2814 810 2859 hunc
851 2817 1006 2859 librum
1048 2831 1147 2860 cum
1190 2818 1381 2860 secundo
1423 2823 1468 2860 et
1498 2822 1652 2872 quarto
1683 2818 1842 2872 edidit,
1888 2823 1990 2874 post

286 2893 448 2936 obitum
480 2896 666 2949 Tibulli,
708 2899 790 2940 nisi
823 2898 970 2941 fallor:
1021 2904 1139 2942 certe
1171 2899 1349 2942 Ovidius
1382 2914 1521 2955 neque
1548 2901 1588 2943 in
1622 2896 1818 2956 epistolis
1846 2914 1988 2955 neque

284 2977 327 3017 in
376 2977 571 3031 epicedio
617 2978 777 3020 Tibulli
821 2993 877 3022 ex
919 2981 980 3022 eis
1024 2981 1250 3036 quicquam
1302 2982 1492 3024 imitatus
1538 2987 1629 3035 est,
1681 2982 1795 3036 quod
1845 2986 1988 3025 tamen

284 3063 437 3113 postea
468 3072 597 3114 saepe
630 3059 740 3102 fecit·
791 3061 866 3123 sed
900 3061 967 3104 hic
1001 3063 1279 3117 Lygdamus,
1314 3065 1507 3118 quisquis
1538 3048 1641 3117 suit,
1690 3065 1732 3106 iu
1763 3077 1843 3106 usu
1877 3078 1987 3118 quo-

283 3140 461 3183 rundam
494 3142 797 3184 vocabulorum
831 3157 856 3185 a
892 3144 1066 3187 Tibullo
1100 3148 1292 3189 secessit.
1339 3147 1430 3188 eius
1463 3146 1577 3189 modi
1611 3150 1699 3199 est,
1730 3147 1844 3201 quod
1877 3148 1988 3189 alter

286 3237 310 3262 0
339 3230 492 3277 pereat
525 3223 657 3276 dixit,
687 3225 797 3266 alter
828 3225 888 3264 alz
912 3236 1094 3281 pereat,
1127 3226 1192 3269 hic
1231 3230 1439 3284 particula
1469 3235 1621 3268 autem
1650 3230 1811 3282 utitur,
1842 3243 1866 3270 a
1899 3243 1984 3284 qua

285 3305 356 3347 ille
387 3304 571 3348 abstinet
603 3304 734 3358 (haec
766 3306 878 3348 euim
913 3307 1177 3351 Huscnxms
1211 3324 1252 3364 p.
1288 3312 1374 3353 335
1408 3314 1452 3352 et
1484 3309 1667 3353 Vossms
1710 3325 1752 3366 p.
1782 3313 1870 3367 475
1902 3311 1983 3353 ob-

2120 551 2142 646 ΏΙΑ,
2125 499 2132 510 ,Α
