2158 3750
669 297 853 352 LIBR.
890 301 929 352 Ι.
1004 299 1206 352 ELEG.
1241 298 1360 351 VII.
1769 305 1867 352 155

177 439 390 494 Vossrns,
423 441 656 497 Blucium,
688 445 992 487 Gonsssarus.
1053 442 1142 485 Alit
1173 442 1286 485 enim
1318 440 1477 484 Cilicas
1508 438 1679 484 Taurus
1713 452 1871 495 pascua

171 522 336 567 liabens
367 532 413 568 et
452 527 664 570 messibus
694 526 903 570 faciendis
944 526 1123 570 idoneas
1164 527 1411 580 convalles,
1458 527 1501 569 in
1530 524 1706 569 summis
1737 527 1870 581 parti-

174 610 255 651 bus
284 609 395 652 adeo
425 610 573 663 ferax3
605 610 718 664 vide,
747 623 877 666 quem
905 610 1143 664 conferunt,
1174 611 1415 654 S'rmnou·
1443 610 1543 664 XII,
1575 625 1619 666 p.
1643 611 1744 653 546.
1808 612 1871 652 Ac

173 693 374 737 similiter
403 694 621 737 Lucnws
653 694 713 747 ΙΙ,
744 697 847 738 430.
880 694 936 737 de
965 695 1215 750 Apennino:
1262 702 1372 736 tunc
1408 692 1584 736 Umbris
1614 690 1871 751 Marsisque

166 775 325 832 ferax.
343 799 403 808 —
434 775 671 832 Epitheton
702 776 969 819 intonsos
997 777 1303 818 Gomusnzms
1336 776 1447 818 bene
1477 775 1642 818 notavit
1670 773 1727 817 ad
1757 775 1874 830 ipsos

174 858 331 900 montis
362 857 525 900 incolas
555 859 772 913 pertinere
812 862 857 900 et
887 857 1063 901 omniuo
1093 856 1278 900 adeam
1311 864 1480 914 partem
1512 859 1715 910 Ciliciae,
1763 870 1873 911 quae

176 948 355 993 τραχεῖα
391 939 634 995 appellata3
678 939 933 982 maritimam
976 944 1144 995 partem
1186 940 1415 983 cultiorem
1448 940 1596 985 fuisse.
1658 941 1874 984 Messalae

171 1035 276 1065 vero
305 1035 390 1065 non
420 1034 554 1079 parva
582 1022 678 1064 laus
706 1026 799 1075 est,
846 1021 964 1076 quod
1006 1021 1138 1065 etiam
1169 1020 1247 1065 lias
1278 1023 1481 1076 regiones
1517 1022 1663 1077 attigit
1693 1028 1739 1066 et
1769 1022 1877 1064 sub-

173 1104 278 1159 egit.
307 1125 370 1135 -·
414 1104 472 1148 V.
507 1107 578 1148 17.
609 1107 682 1147 18.
742 1102 882 1160 Syria
923 1105 1069 1148 latiori
1103 1117 1234 1148 sensu
1273 1105 1404 1148 etiam
1433 1105 1724 1149 Palaestinam
1756 1118 1876 1149 com·

173 1185 471 1242 plectebatur,
515 1190 567 1229 ut
606 1190 804 1239 constat,
846 1186 902 1230 cf.
935 1187 1077 1230 Mssa
1109 1188 1144 1241 l,
1176 1190 1248 1231 11.
1297 1189 1439 1232 an.
1481 1189 1535 1243 V,
1580 1191 1650 1231 12.
1701 1190 1876 1232 STRAB.

173 1269 293 1324 XVI,
323 1273 460 1314 1090.
499 1275 546 1314 et
581 1270 987 1315 Palaestinam
1025 1273 1230 1327 Syr-um
1270 1270 1403 1316 habes
1447 1273 1576 1317 etiam
1611 1274 1750 1318 Ovm.
1784 1250 1878 1317 Ᾰιτ.

175 1356 271 1397 Am.
313 1354 348 1407 l,
390 1357 493 1398 416.
555 1354 653 1399 Nec
671 1356 832 1420 »quinus
872 1362 1024 1401 notum
1064 1370 1091 1400 e
1134 1357 1415 1413 Geograpliia
1467 1369 1671 1413 magnum
1727 1370 1878 1400 nume-

175 1449 269 1480 rum
299 1437 469 1480 urbium
502 1438 544 1481 in
576 1438 824 1482 Palaestina
855 1438 1004 1482 fuisse.
1077 1439 1368 1482 Abstinebant
1399 1445 1544 1482 autem
1575 1439 1676 1493 Syri
1710 1439 1877 1481 colum-

175 1521 266 1574 bis,
309 1533 424 1576 quae
463 1521 580 1577 apud
622 1535 700 1566 eos
729 1528 909 1567 sanctae
939 1528 1064 1567 erant
1104 1529 1284 1581 propter
1314 1524 1478 1566 cultum
1508 1521 1617 1564 deae
1653 1520 1810 1575 Syriae
1841 1534 1880 1563 s.

178 1606 400 1658 Astartes,
446 1604 503 1648 cf.
550 1605 747 1650 Luctus.
790 1605 847 1650 de
891 1605 974 1650 dea
1017 1607 1149 1660 Syria
1188 1619 1227 1649 c.
1261 1608 1332 1649 14.
1378 1610 1424 1648 et
1462 1606 1536 1647 54.
1585 1602 1776 1646 MuNcK.
1817 1601 1874 1644 ad

178 1685 343 1741 Hygin-
384 1686 475 1732 fab.
507 1689 608 1731 197.
656 1688 783 1732 Voss.
815 1687 959 1745 Epist.
989 1687 1176 1744 Mytliol.
1205 1688 1264 1743 ΙΙ,
1298 1692 1366 1732 10.
1411 1687 1653 1730 Cnssnzsn.
1681 1685 1879 1741 Symbol.

175 1766 305 1811 Tom.
335 1767 394 1822 11,
426 1773 469 1825 p.
503 1773 566 1812 70
593 1783 689 1826 sqq.
722 1777 856 1825 atque
902 1783 959 1814 ex
995 1768 1079 1814 hoc
1110 1772 1210 1814 loco
1252 1769 1448 1814 videmus
1482 1770 1765 1814 ‘sanctitatem
1805 1782 1880 1812 ea-

177 1864 271 1896 rum
301 1853 432 1896 etiam
465 1866 543 1909 per
572 1853 864 1898 Palaestinam
899 1853 1168 1908 obtinuisse,
1206 1853 1281 1896 ubi
1313 1858 1493 1909 praeter
1523 1853 1708 1896 Iudaeos
1739 1850 1883 1896 ethni-

176 1947 255 1977 cae
283 1941 438 1990 gentes
466 1935 612 1979 variae
642 1934 908 1979 habitabant.
971 1936 1071 1979 Hoc
1101 1937 1237 1990 igitur
1267 1937 1458 1988 clarum,
1500 1934 1605 1977 illud
1638 1947 1741 1978 vero
1776 1948 1881 1991 pro-

176 2016 406 2074 pemodum
440 2016 660 2074 displicuit
690 2017 885 2062 Hunno
927 2024 972 2062 et
1013 2019 1109 2062 leve
1147 2022 1281 2072 atque
1313 2017 1429 2060 exile
1460 2017 1598 2059 visum
1630 2021 1724 2069 est,
1763 2016 1880 2071 quod

175 2096 258 2143 hoc
286 2098 420 2144 modo
448 2098 692 2154 designavit
730 2100 903 2155 Syriam
937 2105 1093 2157 poeta,
1143 2113 1240 2143 cum
1279 2113 1356 2156 per
1387 2112 1436 2142 se
1465 2099 1670 2154 ignobilis
1701 2084 1793 2142 avis
1823 2100 1880 2142 sit

176 2181 403 2236 columba3
432 2182 687 2227 recordatur
716 2188 861 2227 tamen
890 2182 1007 2226 idem
1038 2187 1182 2237 recte,
1217 2195 1272 2226 ex
1303 2183 1398 2238 ipsa
1430 2182 1643 2237 religione
1675 2195 1768 2225 rem
1805 2196 1879 2225 sa-

175 2265 232 2308 tis
261 2264 484 2320 dignitatis
513 2262 687 2308 habere.
758 2264 831 2308 Tu
873 2270 923 2308 ut
961 2265 1265 2309 tractationem
1307 2269 1467 2322 poetae
1508 2266 1681 2322 penitus
1714 2267 1882 2322 perspi-

175 2349 289 2402 cias,
324 2347 432 2391 illud
461 2354 687 2405 praeterea
716 2362 885 2393 mecum
917 2349 1128 2393 observa:
1170 2350 1498 2406 Descriptiones
1531 2349 1730 2406 poeticae
1761 2349 1882 2391 loco-

179 2445 275 2476 rum
306 2433 526 2487 longiores
558 2436 607 2476 ut
639 2432 753 2477 bene
786 2433 1001 2490 placeant,
1033 2433 1166 2477 debet
1198 2433 1384 2477 varietas
1415 2434 1560 2476 suavis
1592 2439 1638 2476 et
1667 2434 1883 2490 oppositIO

180 2530 320 2560 rerum
351 2517 516 2561 adesse.
589 2518 734 2565 Quam
770 2518 915 2573 legem
948 2518 1080 2561 etiam
1121 2530 1157 2561 a-
1177 2517 1354 2560 Tibullo
1387 2530 1465 2573 per
1497 2521 1638 2561 totum
1669 2515 1783 2561 hunc
1814 2521 1881 2562 lo-

179 2613 275 2643 cum
306 2600 580 2643 observatum
612 2600 712 2644 dico
743 2599 1045 2657 pulcherrime.
1109 2601 1219 2644 Cum
1251 2601 1364 2644 enim
1408 2606 1510 2644 ante
1551 2601 1693 2655 Cydni
1733 2613 1882 2645 amoe-

178 2682 301 2726 nitati
329 2683 583 2739 opposuerit
613 2684 747 2727 Tauri
778 2686 937 2728 montis
968 2685 1275 2741 asperitatem,
1323 2690 1370 2727 ut
1402 2685 1608 2739 vidimus,
1640 2698 1752 2728 nunc
1786 2691 1883 2742 post

178 2771 461 2809 memoratum
503 2766 706 2822 frigidum
749 2768 941 2812 Taurum
985 2782 1082 2812 cum
1125 2770 1307 2812 intonsis
1340 2770 1491 2812 incolis
1525 2770 1580 2812 ad
1612 2770 1882 2813 Palaestinae

178 2847 352 2891 crebras
391 2849 520 2893 urbes
553 2863 633 2893 nos
663 2850 807 2908 ducit,
851 2853 922 2896 ubi
955 2867 1111 2897 suaves
1143 2854 1439 2898 columbarum
1472 2853 1749 2896 candidarum
1781 2867 1882 2908 gre-

178 2944 258 2984 ges
289 2931 455 2984 volant3
502 2932 546 2975 in
576 2946 664 2988 quo
697 2933 794 2990 quis
832 2935 917 2978 iam
967 2949 1051 2979 non
1082 2937 1214 2979 sentit
1246 2935 1607 2993 pulchritudinem
1641 2936 1881 2992 oppositio·
1939 2988 1947 2991 .

179 3014 279 3057 nis?
308 3038 368 3048 —
412 3016 465 3059 V.
500 3019 568 3060 19.
600 3019 675 3063 20.
737 3019 947 3074 Sequitur
977 3034 1088 3064 nova
1119 3020 1339 3078 oppositio
1372 3021 1426 3064 ad
1460 3021 1641 3064 eandem
1675 3034 1881 3067 normam.

180 3098 291 3141 Cum
321 3098 433 3142 enim
465 3100 664 3143 columba
697 3101 825 3144 simul
855 3102 1077 3145 terrestris
1107 3103 1200 3147 avis
1226 3104 1298 3158 sit,
1329 3103 1512 3160 opponit
1545 3116 1658 3146 nunc
1691 3102 1756 3146 his
1788 3104 1881 3146 cul—

178 3183 236 3225 tis
262 3182 306 3225 in
337 3183 583 3226 Palaestina
615 3184 911 3229 columbarum
940 3186 1151 3242 gregibus
1183 3188 1464 3231 terrestribus
1498 3186 1711 3230 maritima
1743 3186 1884 3229 studia

180 3266 287 3319 Tyri
317 3267 541 3321 nauticae,
586 3282 696 3324 quae
729 3274 821 3312 tota
853 3271 960 3314 mari
991 3270 1137 3315 dedita
1169 3277 1237 3315 est
1267 3278 1399 3328 atque
1432 3272 1562 3315 etiam
1597 3270 1749 3315 domos
1783 3283 1882 3313 suas

182 3351 458 3395 mercatorias
489 3356 576 3395 tam
609 3353 697 3396 alte
728 3355 911 3398 exstruit
943 3368 1091 3399 versus
1123 3369 1242 3400 mare
1275 3370 1532 3412 conversas,
1578 3362 1624 3400 ut
1661 3358 1747 3399 late
1781 3369 1883 3411 pro-

184 3435 337 3491 spiciat
378 3449 540 3494 aequor
574 3444 617 3482 et
649 3452 820 3497 semper
851 3445 951 3485 ante
985 3442 1134 3486 ocutos
1180 3438 1347 3487 habeat.
1421 3441 1519 3493 Hoc
1556 3442 1666 3486 cuim
1702 3443 1811 3484 inest
1844 3442 1885 3483 in
