2158 3750
374 251 476 296 300
769 245 1240 299 COMMENTAR.
1280 245 1356 298 IN
1393 246 1681 300 TIBULLI

817 588 1388 672 ELEG1A
1512 613 1614 674 vl.

968 993 1487 1049 INTRODUCTIO.

363 1174 517 1248 Vere
560 1203 795 1247 iudicatum
839 1208 907 1247 est
949 1203 1031 1248 hoc
1072 1218 1246 1248 carmen
1287 1218 1344 1248 ex
1386 1203 1775 1260 praestantissimis,
1797 1203 1866 1246 sul
1895 1203 2070 1258 generis
2142 1210 2158 1262 ξ

363 1293 475 1326 esse.
561 1284 727 1328 Duram
774 1293 819 1328 et
866 1287 1098 1343 superbam
1142 1286 1362 1329 Nemesim
1411 1286 1544 1328 fnisse
1589 1287 1694 1329 satis
1731 1285 1916 1340 scimus;
1970 1285 2069 1329 huic
2139 1280 2158 1337 ,Ἶ

360 1377 474 1409 nunc
505 1373 635 1422 poeta
676 1370 927 1413 mollissimo
970 1371 1132 1414 affectu
1172 1372 1342 1427 plenam
1375 1371 1562 1425 elegiam
1601 1369 1762 1422 mittit,
1809 1381 1936 1424 quem
1981 1367 2068 1410 alio
2140 1357 2154 1408 Ξ

361 1451 559 1505 tempore
609 1453 719 1495 alios
770 1453 925 1496 modos
976 1454 1159 1496 vidimus
1214 1458 1466 1496 tentantem.
1542 1453 1706 1509 Accipe
1749 1454 2063 1507 argumentum,

359 1532 545 1574 Aemilio
576 1534 744 1588 Macro,
776 1535 908 1578 nobili
941 1541 1085 1593 poeta,
1118 1538 1258 1580 amico
1292 1536 1471 1590 Tibulli,
1519 1539 1658 1578 castra
1689 1538 1858 1599 secuto,
1897 1537 1940 1576 et
1972 1533 2065 1589 ipse
2147 1558 2150 1571 ·

359 1615 414 1659 de
444 1619 669 1673 stipendiis
702 1620 906 1664 faciendis
936 1623 1131 1676 cogitare
1162 1623 1337 1678 incipit,
1384 1622 1420 1664 si
1452 1621 1566 1664 forte
1601 1621 1665 1663 sic
1695 1620 1894 1674 effugere
1925 1618 2063 1690 possit

357 1714 584 1744 aerumnas
629 1704 800 1746 amoris.
874 1706 1032 1748 Statim
1075 1718 1179 1748 vero
1228 1705 1377 1747 abiicit
1424 1705 1650 1748 consilium
1697 1702 1828 1747 modo
1874 1695 2062 1760 captum,

356 1785 588 1827 recordans
620 1799 749 1840 quam
779 1799 912 1843 saepe
949 1788 1034 1830 iam
1078 1787 1320 1830 decreverit
1361 1786 1564 1830 deserere
1593 1785 1814 1830 Nemesim
1847 1785 1915 1828 vel
1947 1785 2064 1828 iura·

355 1869 426 1908 tus
464 1872 509 1910 et
538 1873 681 1911 tamen
712 1883 926 1924 nunqnam
958 1871 1166 1926 potnerit.
1239 1869 1438 1912 Produnt
1472 1882 1586 1912 nunc
1616 1882 1665 1911 se
1695 1867 1886 1924 apertius
1918 1871 1963 1909 et
1994 1866 2063 1909 di-
2143 1876 2158 1902 νε

354 1951 514 1992 sertius
545 1941 720 1994 dolores
751 1953 1047 1996 intolerabiles
1076 1958 1260 2008 poetae3
1291 1953 1485 1995 videmus
1517 1956 1816 1996 exsecrantem
1845 1951 2061 1994 cruciatus

354 2033 526 2076 Amoris
567 2035 825 2092 Amorisque
868 2039 980 2090 tela,
1022 2043 1067 2080 et
1107 2039 1408 2094 cognoscimus
1449 2051 1550 2081 eum
1591 2039 1661 2082 vel
1705 2039 1796 2080 leto
1839 2037 2058 2080 finiturum

353 2115 486 2158 vitam
516 2116 676 2169 fuisse,
724 2119 804 2160 nisi
837 2132 939 2175 spes
971 2121 1180 2163 retineret
1212 2120 1306 2163 fore
1350 2119 1580 2175 aliquando
1620 2120 1798 2173 melius,
1847 2121 2059 2177 potentis-

352 2199 459 2241 sima
489 2200 561 2241 illa
592 2201 634 2242 in
678 2202 875 2243 omnibus
905 2201 1034 2244 rebus
1076 2201 1298 2256 humanis,
1342 2216 1470 2256 quam
1512 2216 1569 2245 ne
1610 2202 1732 2245 fallat
1766 2206 1863 2246 orat
1893 2201 2058 2245 Neme-

351 2283 446 2326 sim.
507 2283 580 2326 Ex
611 2297 697 2339 quo
727 2290 950 2328 crescente
982 2287 1145 2329 affectu
1172 2287 1228 2328 ad
1259 2287 1594 2330 obtestationem
1626 2287 1920 2342 gravissimam
1951 2300 2058 2331 con-

351 2367 549 2419 vertitur,
581 2381 660 2423 per
689 2381 837 2411 manes
868 2369 1030 2412 sororis
1064 2369 1248 2412 infelicis
1279 2374 1463 2413 amatam
1495 2369 1742 2423 obsecrans,
1777 2382 1889 2425 quae
1918 2382 2058 2431 nuper

351 2463 377 2492 e
420 2451 611 2494 fenestra
651 2465 863 2508 praeceps
906 2453 1124 2497 ceciderat
1165 2458 1316 2496 tenera
1359 2458 1528 2497 aetate:
1576 2451 1704 2497 huius
1745 2453 1800 2497 ad
1845 2455 2055 2498 tumulum

349 2536 536 2590 supplex
581 2535 735 2577 sedere
781 2541 826 2579 et
874 2541 1024 2592 petere
1071 2536 1126 2579 ab
1176 2550 1228 2579 ea
1274 2536 1480 2579 auxilium
1526 2538 1648 2590 vult,
1696 2549 1809 2592 quae
1853 2538 2055 2592 neglecta

349 2619 516 2660 somnia
545 2620 658 2661 mala
690 2619 846 2662 mittet.
907 2620 1086 2673 Verum,
1117 2621 1275 2676 pergit,
1315 2621 1446 2662 finem
1476 2620 1589 2662 facio
1623 2621 1772 2663 talium
1807 2619 2054 2677 verborum,

347 2711 403 2741 ne
443 2705 675 2743 renovetur
718 2702 858 2744 luctus
889 2701 1088 2744 Nemesis
1129 2714 1210 2744 nec
1242 2703 1429 2744 lacrimis
1471 2703 1587 2746 oculi
1628 2703 1857 2747 foedentur
1898 2704 2052 2747 imme-

346 2787 518 2837 rentes3
565 2784 678 2827 bona
719 2790 786 2828 est
825 2787 993 2842 puella,
1041 2791 1086 2828 at
1118 2787 1214 2828 lena
1247 2787 1460 2842 pessima,
1504 2800 1615 2841 quae
1647 2788 1688 2830 ei
1717 2787 1863 2831 servit.
1925 2787 2052 2832 Haec

347 2871 414 2908 est
457 2880 568 2921 quae
609 2869 790 2911 aliorum
832 2873 1073 2911 amatorum
1115 2875 1215 2911 vota
1258 2869 1433 2911 adiuvat
1475 2874 1520 2912 et
1550 2882 1621 2911 me
1654 2870 1785 2912 toties
1817 2870 1995 2912 remittit
2023 2884 2050 2913 a

345 2950 519 3004 limine,
562 2964 659 2994 cum
701 2950 903 2994 Nemesis
944 2951 1058 2994 intus
1098 2957 1179 2994 est.
1245 2951 1358 2994 Huic
1401 2951 1534 3006 igitur
1574 2965 1622 2994 se
1667 2951 1782 2994 diras
1822 2952 2051 3008 imprecari

344 3033 484 3074 solere
529 3032 634 3075 dicit
675 3034 882 3076 maximas
924 3040 1157 3090 speratque
1203 3047 1383 3090 poenam
1428 3049 1454 3077 a
1499 3034 1582 3077 diis
1627 3040 1866 3078 venturam.
1924 3035 2048 3080 Haec
2126 3094 2128 3102 Ι

343 3113 564 3160 hactenus.
624 3117 762 3161 Vides
794 3119 924 3160 etiam
964 3117 1088 3161 huius
1131 3121 1296 3174 elegiae
1337 3133 1547 3163 summam
1578 3121 1620 3163 in
1651 3121 1830 3175 querela
1872 3121 2046 3175 versari,

341 3203 472 3253 atque
503 3200 546 3242 id
577 3214 710 3254 agere
739 3206 913 3256 poetam
946 3203 1209 3256 gravissimis
1240 3207 1285 3244 et
1319 3203 1578 3245 mollissimis
1619 3203 1787 3257 verbis,
1838 3209 1886 3246 ut
1918 3218 2043 3259 quam

342 3282 529 3323 maxime
571 3287 839 3324 commoveat
882 3284 1113 3339 flectatque
1156 3285 1308 3328 durum
1353 3287 1539 3329 animum
1585 3287 1801 3330 Nemesis.
1873 3289 1921 3331 ln
1957 3301 2042 3343 quo

341 3367 625 3422 contemplari
672 3367 833 3411 iuvabit
880 3381 964 3422 qua
1017 3371 1272 3424 gradatione
1322 3383 1463 3414 rerum
1510 3375 1684 3424 utatur,
1739 3376 1784 3414 et
1829 3372 2043 3427 quomodo
