2158 3750
328 249 432 300 454
706 246 1172 300 COMMENTAR.
1209 246 1285 298 IN
1322 246 1610 300 TlBULLI

332 394 657 450 tempestIvum,
701 392 886 435 instante
928 392 1090 448 quippe
1127 394 1260 436 natali
1303 392 1390 436 die.
1447 393 1562 436 Mira
1593 391 1660 438 hie
1689 395 2023 440 comminiscitur
2099 408 2101 411 ·
2126 374 2142 406 4

330 478 534 521 Voss1u5.
565 499 624 507 -·
670 487 841 531 saepe
879 476 1219 531 propinque.
1280 475 1428 519 Verba
1455 481 1673 532 corrupta,
1701 481 1754 519 ut
1780 476 2022 522 iudicarunt
2103 494 2111 502 ·

325 558 570 610 Earinus,
612 556 908 610 Huscmcms,
937 556 1025 600 alii.
1090 554 1494 599 wunnnmcmus
1525 570 1776 613 comparans
1806 559 2023 603 Graecum

326 635 447 693 ἐγγύς
477 632 585 681 εἶναι
611 634 742 688 τινός,
773 639 986 694 explicat:
1015 651 1147 694 saepe
1197 646 1243 681 tu
1269 639 1353 682 iter
1384 640 1731 696 intempestivum
1758 646 2024 698 susceptare,

327 721 369 767 h.
402 736 440 766 e.
482 723 556 778 qui
597 735 680 765 non
724 723 859 766 semel
922 721 1026 766 mihi
1064 724 1270 767 molestus
1300 724 1420 767 suisti
1447 725 1670 768 itineribus
1700 725 2025 782 intempestivis.

333 805 545 849 Similiter
570 805 799 849 Vum‘lus:
835 804 923 851 Qui
953 803 1266 860 profectionem
1297 811 1343 849 et
1372 806 1607 850 discessum
1635 806 1871 850 identidem
1900 808 2024 862 cogi-

323 895 415 943 tas,
445 890 629 935 afferens
659 891 801 934 locum
844 889 1026 942 Lucam
1060 889 1136 943 VI,
1169 893 1208 934 l.
1238 891 1469 947 repetitum
1501 891 1555 933 ab
1585 891 1855 935 Huscnno:
1888 891 2025 934 Post·
2056 919 2058 922 -

323 987 458 1031 quam
489 979 642 1014 castra
673 971 832 1019 duces,
855 986 1037 1031 pugnae
1069 971 1162 1014 iam
1208 980 1351 1015 mente
1372 972 1637 1032 propinqui,
1671 974 1924 1031 Imposuere
1950 971 2026 1016 iu-

321 1053 412 1112 gis,
471 1054 568 1108 Tu,
599 1053 762 1108 eredo,
791 1067 963 1098 mecum
991 1055 1126 1098 sentis
1157 1056 1345 1111 ineptam
1377 1061 1422 1099 et
1452 1070 1700 1113 perversam
1731 1055 1800 1100 hic
1829 1070 1928 1102 esse
1955 1062 2026 1102 ta·

323 1141 409 1184 lem
449 1138 693 1184 dictionem.
754 1139 972 1183 Hermus
1025 1140 1233 1183 coniecit:
1283 1141 1387 1181 Non
1416 1139 1724 1197 tempestivam
1763 1139 1830 1183 sic
1863 1155 2026 1198 prope-

322 1236 424 1264 rare
455 1220 587 1269 viam,
618 1222 748 1268 modo
779 1237 835 1267 ne
866 1222 974 1267 haec
1001 1224 1173 1279 longius
1198 1237 1223 1266 a
1254 1223 1412 1267 tradita
1442 1223 1945 1279 scriptura-recederent.
1963 1247 2026 1258 —
2092 1219 2102 1251 ἶ

322 1307 457 1362 Hie,
501 1307 683 1352 Romae.
746 1308 879 1352 Vides
908 1313 1008 1352 ante
1039 1309 1124 1352 iter
1153 1309 1315 1366 scripta
1345 1308 1454 1352 haee
1484 1322 1582 1353 esse
1611 1310 1657 1352 in
1685 1309 1819 1364 urbe,
1849 1308 2025 1354 minime

329 1404 433 1434 vero
467 1390 511 1434 in
543 1391 668 1446 villa,
710 1395 759 1434 ut
800 1391 989 1435 Vossws
1033 1396 1209 1445 censet,
1258 1391 1331 1447 qui
1363 1392 1536 1434 omnino
1565 1391 1732 1435 fabulas
1762 1391 2026 1447 excogitavit

327 1475 382 1517 ad
413 1474 496 1518 hoc
533 1487 718 1517 carmen.
779 1475 944 1519 Verum
975 1473 1080 1516 vidit
1111 1474 1515 1518 Wunnssnmcffltss
1546 1486 1645 1517 cum
1687 1473 1906 1528 Hermo,
1953 1485 2027 1516 as-

322 1557 507 1600 sentitur
550 1557 834 1600 Huscmssus.
865 1579 922 1588 -
984 1555 1259 1610 abducta,
1307 1568 1363 1598 ex
1402 1556 1512 1599 urbe
1555 1556 1708 1613 procul
1750 1570 1777 1599 a
1818 1553 2026 1600 Cerintho

321 1651 444 1692 meo,
487 1639 543 1683 cf.
574 1639 633 1693 ΙΙ,
662 1643 704 1693 3,
737 1642 811 1683 61.
874 1639 973 1682 Non
1016 1640 1177 1694 ubique
1219 1640 1434 1695 significat
1477 1640 1781 1688 voxinvitum
1811 1639 1938 1695 duci,
1978 1645 2026 1684 at

322 1718 402 1763 hoc
433 1721 544 1764 loco.
604 1720 694 1764 Iam
723 1726 773 1763 ut
800 1722 851 1763 fit
883 1720 1039 1775 (veiuti
1070 1721 1180 1765 infra
1212 1725 1283 1776 13,
1319 1726 1362 1765 9.
1396 1726 1468 1766 10.
1511 1723 1645 1792 verba
1685 1723 1865 1767 secretis
1894 1722 2026 1768 silvis

322 1809 593 1859 pentameter
624 1805 859 1860 amplificat
888 1805 977 1848 sic:
1026 1807 1127 1863 Qua
1158 1805 1290 1848 nulla
1321 1806 1516 1848 humano
1546 1806 1608 1849 sit
1638 1805 1716 1850 via
1745 1805 1864 1850 trita
1884 1805 2024 1864 pede)
2098 1795 2100 1798 ¹

317 1885 359 1928 in
395 1886 575 1930 eandem
605 1887 858 1930 sententiam
881 1886 1055 1930 subiicit
1085 1892 1426 1944 pentametrum:
1461 1889 1725 1932 Arbitrio
1755 1890 2024 1945 quoniam
2099 1917 2103 1920 ·

274 2007 277 2010 .
318 1973 403 2012 ete·
445 1969 488 2013 h.
521 1983 558 2013 e.
602 1971 800 2025 quoniam
839 1969 943 2015 mihi
986 1973 1072 2016 vim
1104 1972 1237 2015 infers
1268 1987 1348 2016 nec
1379 1986 1449 2015 me
1479 1973 1582 2016 sinis
1613 1973 1748 2030 ipsam
1779 1971 1896 2016 domi
1926 1982 2022 2016 ma-

319 2065 438 2098 nere.
500 2054 734 2110 Supplebis
764 2055 899 2109 igitur
928 2070 1008 2099 me.
1071 2055 1201 2101 Quod
1236 2057 1480 2099 emendavit
1506 2056 1732 2101 Hssmsms
1764 2055 1944 2099 arbitrii
1962 2079 2024 2090 -

322 2135 429 2184 mei,
470 2141 639 2181 constat
682 2135 810 2181 hodie
853 2151 938 2181 non
981 2143 1144 2182 temere
1178 2139 1444 2183 inferendam
1488 2154 1584 2183 esse
1616 2140 1659 2182 in
1692 2139 1798 2184 haec
1829 2141 2021 2184 carmina

314 2221 499 2264 formam
530 2221 731 2276 genitivi,
776 2234 904 2275 quam
937 2221 1103 2277 primus
1133 2223 1435 2265 Paopssums
1467 2222 1640 2265 admisit
1669 2227 1895 2279 poetarum
1925 2222 2020 2266 Au-

318 2303 435 2358 gusti
476 2302 742 2346 senescentis
783 2306 942 2344 aetate.
1005 2301 1149 2345 Esse
1191 2302 1441 2346 arbitrio
1484 2316 1602 2347 meo
1649 2303 1810 2348 dictum
1852 2303 2024 2348 videtur

318 2399 381 2443 pr.
413 2385 456 2428 in
487 2385 667 2428 arbitrio
698 2398 811 2429 meo.
843 2408 902 2416 —

739 2794 1332 2862 CARMEN
1463 2802 1572 2861 IX.

309 3159 582 3234 Nuntiat
613 3187 828 3231 amicus
861 3188 1148 3235 Cerintho
1179 3193 1469 3237 abiectum
1506 3197 1813 3243 consilium
1844 3200 2015 3245 itine-

308 3265 385 3307 ris
411 3271 466 3309 et
497 3267 682 3311 licere
714 3272 947 3326 puellae
980 3273 1032 3315 iu
1063 3274 1204 3318 urbe
1235 3288 1457 3320 manere
1484 3280 1664 3322 natali
1694 3293 1823 3336 suo,
1853 3295 2012 3339 quem

306 3361 450 3392 nune
481 3350 1044 3423 laetissimunrdiem
1076 3359 1216 3403 fore.
