2158 3750
627 257 811 310 ΗΒΕ.
846 259 942 311 rv.
1012 258 1226 311 CARM.
1260 259 1332 311 x.
1721 260 1824 338 ⁴⁵⁷

139 399 501 442 contemtissimae
530 400 805 454 ancillarum,
848 406 899 443 ut
928 414 955 444 e
982 402 1225 445 Pis-nomo
1256 415 1295 444 c.
1329 402 1431 444 132.
1461 399 1623 454 liquet,
1668 399 1827 441 collato

139 481 447 525 Bona-menno
489 483 531 525 in
574 484 721 527 Sabin.
761 484 890 527 Tom.
918 484 975 528 11.
1018 498 1118 540 pag.
1155 488 1251 528 104.
1311 484 1420 527 Erat
1447 496 1553 526 vero
1585 480 1829 540 quasillum

147 563 353 616 calathus,
384 565 427 606 in
459 579 544 619 quo
574 568 756 609 ancillae
787 580 917 622 pensa
947 567 1098 609 diurna
1127 567 1408 623 reponebant,
1438 565 1493 609 cf.
1524 563 1720 608 laudatos
1747 564 1831 606 iam

139 646 194 685 ab
225 646 321 688 aliis
349 647 607 702 interpretes
636 648 692 690 ad
721 649 960 693 PnoPssn‘r.
992 649 1070 702 lv,
1101 654 1142 702 7,
1173 653 1246 692 41.
1289 654 1334 691 et
1363 649 1417 691 ad
1451 649 1611 691 Crcssn.
1639 645 1828 702 Philipp.

136 726 216 778 lll,
245 730 288 769 4.
350 730 414 770 Ac
442 728 582 784 premi
612 729 806 787 quasillo
837 738 904 772 est
934 735 1112 783 tenere,
1161 736 1361 785 portare,
1412 729 1690 773 circumferre
1720 740 1830 782 qua-

136 810 276 851 sillum
308 824 440 864 grave
470 813 580 855 lana.
639 813 868 855 Postremo
899 826 1078 864 moneo,
1125 814 1239 867 quod
1271 815 1365 869 ipse
1397 815 1568 867 vidisti,
1608 826 1677 856 me
1708 812 1830 855 initio

138 893 377 935 sententiae
420 894 592 936 lectioni
628 894 690 935 sit
730 895 986 950 praetulisse
1017 896 1308 939 coniecturam
1340 896 1528 939 Hssmsu
1559 897 1632 949 si,
1678 899 1831 951 utpote

137 975 290 1016 melius
335 977 655 1017 convenientem
705 976 857 1018 rationi
909 976 1121 1019 carminis.
1203 977 1339 1019 Ridet
1387 979 1530 1032 puella
1580 975 1830 1019 Cerinthum

136 1057 250 1111 quod
283 1059 406 1099 nimis
436 1071 614 1100 securus
643 1059 700 1100 sit
731 1058 785 1100 de
815 1058 963 1101 favore
993 1073 1087 1103 suo.
1148 1059 1308 1112 Erras,
1339 1061 1425 1113 ait,
1459 1059 1573 1114 quod
1606 1065 1830 1101 aeternum

136 1141 276 1183 credis
305 1142 493 1184 favorem
524 1155 681 1184 meum.
743 1143 792 1184 Si
828 1148 876 1184 tu
917 1144 1042 1185 aliam
1085 1157 1228 1196 amm,
1270 1149 1369 1186 sunt
1400 1146 1528 1186 etiam
1561 1142 1662 1186 mihi
1694 1143 1834 1186 admi-

133 1230 316 1268 ratores.
376 1225 455 1266 Sin
487 1238 623 1280 ponas
653 1223 743 1271 sit,
772 1224 912 1267 dicet:
958 1223 1115 1267 habeas
1146 1226 1226 1268 tibi
1256 1227 1388 1279 alias,
1418 1225 1519 1268 nihil
1551 1225 1714 1279 refert,
1747 1237 1834 1267 non

138 1301 292 1362 doleo,
337 1314 438 1351 sunt
471 1308 573 1351 milii
611 1309 683 1351 alii
724 1307 1019 1352 admiratores.
1080 1309 1171 1352 Sed
1211 1309 1318 1353 haec
1349 1323 1434 1352 non
1466 1316 1533 1353 est
1563 1323 1683 1353 mens
1715 1311 1836 1362 eius;

136 1406 290 1435 revera
320 1392 439 1435 dolet
479 1397 524 1435 et
558 1405 613 1435 ne
650 1393 812 1435 ironice
842 1393 1015 1448 quidem
1047 1395 1301 1449 permittere
1337 1394 1430 1436 vult
1460 1394 1591 1436 credo
1621 1391 1736 1447 quod
1772 1393 1836 1434 sic

136 1479 350 1534 ponimus,
379 1501 440 1509 —
490 1478 544 1520 V.
575 1481 604 1520 5
634 1491 700 1533 sq.
758 1479 1023 1521 Solliciti
1066 1483 1197 1521 sunt
1241 1491 1340 1534 pro
1380 1479 1558 1521 nobis.
1618 1478 1686 1520 De
1728 1491 1833 1520 con-

136 1562 375 1603 structione
423 1561 830 1603 Wunnssnmcmtrs
877 1559 1046 1602 confert
1088 1559 1249 1603 TAcr'r.
1292 1560 1408 1602 Hist.
1451 1561 1528 1613 IV,
1568 1563 1653 1602 58:
1703 1559 1837 1600 Nun-

138 1659 274 1702 quam
304 1643 430 1700 apud
457 1659 535 1686 vos
566 1642 699 1686 verba
722 1643 845 1703 feci,
888 1652 974 1687 aut
1004 1660 1091 1701 pro
1134 1642 1255 1687 vobis
1285 1642 1518 1686 sollicitior
1546 1649 1630 1684 aut
1654 1656 1739 1698 pro
1770 1656 1836 1681 me

139 1726 350 1768 securior.
410 1727 628 1770 Hermus
670 1740 725 1769 ex
767 1727 913 1770 Gellio
942 1725 1066 1780 XIX,
1098 1729 1150 1769 1:
1194 1725 1418 1768 sollicitus
1443 1738 1527 1780 pro
1565 1723 1664 1766 vita
1695 1723 1836 1775 affert,

138 1813 185 1851 et
220 1809 490 1851 Huscnxms
522 1823 576 1851 ex
607 1810 810 1864 Appulei.
843 1810 951 1852 Met.
985 1810 1037 1851 V.
1070 1823 1114 1864 p.
1146 1812 1231 1851 99:
1278 1806 1503 1850 sororibus
1527 1823 1612 1863 pro
1643 1814 1726 1847 tua
1758 1819 1838 1847 ,ςα-

138 1888 235 1931 lute
264 1890 484 1933 sollicitis.
515 1914 575 1922 —
628 1892 755 1936 Quae
783 1896 1023 1945 sequuntur
1052 1890 1207 1933 verba:
1253 1890 1461 1944 quibus
1502 1890 1604 1931 illa
1647 1887 1839 1930 dolori

139 1978 252 2026 est,
300 1975 415 2016 refer
446 1975 501 2017 ad
531 1976 744 2018 sollicitos
775 1976 872 2017 illos
903 1975 1186 2018 admiratores
1216 1975 1462 2029 Sulpiciae,
1509 1973 1582 2026 qui
1611 1972 1840 2026 indignan-

137 2059 209 2096 tur
238 2055 364 2097 vilem
396 2057 511 2098 illam
543 2057 617 2098 tali
659 2058 804 2111 puella
845 2057 1059 2111 potiorem
1102 2055 1264 2099 habeti.
1340 2057 1544 2098 Postulat
1582 2054 1663 2098 hoc
1709 2054 1837 2096 etiam

137 2139 380 2194 oppositio=
421 2139 471 2181 Si
502 2144 574 2192 tu,
606 2139 769 2193 inquit,
799 2138 993 2194 praefers
1022 2138 1152 2180 vilem
1184 2138 1395 2193 puellam,
1428 2142 1528 2179 sunt
1558 2141 1708 2179 contra
1737 2135 1839 2178 milli

136 2222 264 2265 amici
294 2223 414 2265 exosi
446 2223 586 2275 illam,
633 2223 705 2276 qui
737 2223 888 2265 nolunt
918 2235 989 2264 me
1029 2221 1187 2265 cedere
1222 2227 1267 2264 et
1301 2220 1549 2277 posthaberi
1581 2220 1657 2262 tali
1687 2221 1839 2274 ignoto

135 2311 235 2349 toro
266 2311 310 2348 et
339 2307 512 2359 colunt,
544 2304 754 2348 honorant
785 2306 884 2348 data
915 2319 1063 2361 opera.
1126 2305 1194 2347 Ne
1225 2306 1378 2358 iungas
1409 2304 1541 2357 igitur
1572 2316 1667 2345 cum
1700 2302 1835 2344 Hm(-

137 2401 219 2431 mo
251 2387 412 2430 nobis
432 2387 736 2442 —quibus‚
771 2388 813 2429 in
846 2400 932 2441 quo
965 2387 1093 2429 etiam
1127 2386 1230 2427 illud
1264 2386 1476 2441 displicet,
1508 2385 1623 2439 quod
1649 2385 1843 2439 Sulpicia

140 2469 304 2513 directe
347 2470 509 2512 fatetur
550 2471 690 2513 dolori
732 2471 812 2513 sibi
858 2483 954 2513 esse
998 2472 1122 2513 istam
1169 2471 1312 2512 vilem.
1373 2468 1468 2511 Nec
1511 2469 1664 2511 latebit
1706 2473 1749 2510 te
1779 2468 1842 2510 sic

141 2552 224 2596 hoc
266 2554 395 2596 colon
437 2554 613 2596 omnino
658 2554 807 2596 inutile
850 2559 894 2595 et
937 2554 1126 2595 ieiunum
1161 2552 1498 2594 additamentum
1526 2551 1634 2592 fieri.
1708 2550 1844 2592 Cete-

140 2649 236 2677 rum
269 2635 410 2677 dolori
438 2650 531 2677 esse
561 2634 698 2676 alicui
731 2639 823 2678 est:
871 2635 934 2677 ira
976 2635 1164 2677 afficere.
1195 2658 1255 2665 --
1305 2633 1472 2677 Verba:
1522 2631 1602 2674 Ne
1649 2631 1843 2674 cedam

142 2719 343 2774 ignoto
390 2724 540 2772 toro,
597 2720 708 2761 male
750 2719 1016 2762 Huscmuus
1061 2732 1158 2762 cum
1206 2720 1344 2760 amico
1392 2716 1573 2758 ΗΕΥΝΠ
1628 2714 1842 2769 explicat:

138 2817 195 2846 ne
234 2804 335 2856 tibi,
384 2804 570 2846 obscuro
606 2802 792 2857 homini,
837 2804 1019 2856 nubam,
1062 2804 1182 2857 quasi
1214 2803 1314 2844 talia
1352 2801 1492 2843 verba
1520 2812 1659 2854 aequo
1698 2799 1841 2840 animo

139 2887 256 2929 fen-e
289 2885 520 2929 Cerinthus
552 2887 758 2942 potuerit.
834 2888 1097 2930 Stultissima
1129 2887 1280 2928 fuisset
1310 2884 1504 2940 Sulpicia
1534 2883 1636 2924 talia
1667 2881 1844 2931 iaciens,

139 2970 370 3011 vilissimus
400 2967 528 3011 homo
562 2968 820 3022 Corinthus,
849 2972 887 3013 si
917 2972 962 3013 in
992 2972 1068 3014 tali
1103 2974 1326 3014 contemtu
1357 2981 1440 3010 non
1474 2966 1745 3009 discessisset
1774 2964 1842 3005 in-

141 3050 453 3104 dignabundus
515 3051 719 3094 Ceterum
762 3053 1004 3106 ignotus
1047 3058 1206 3095 torus
1248 3064 1378 3106 supra
1410 3050 1550 3092 dictus
1580 3048 1658 3101 111,
1691 3051 1734 3100 6,
1766 3050 1838 3089 60.

141 3133 501 3188 quemadmodum
533 3135 704 3177 Graece
737 3136 867 3178 toties
899 3135 1021 3188 λέχος
1052 3135 1106 3179 de
1138 3139 1279 3177 amata
1311 3139 1386 3175 aut
1417 3136 1584 3184 amato,
1617 3131 1670 3173 de
1706 3143 1843 3172 uxore

141 3222 218 3260 aut
248 3218 416 3259 marito.
448 3239 509 3249 —-
549 3217 792 3260 maxima
822 3230 1005 3260 causa.
1067 3217 1197 3263 Quod
1230 3217 1349 3259 multi
1381 3216 1617 3271 probarunt
1649 3197 1844 3254 maxima

144 3315 280 3346 cura,
326 3300 554 3343 manifesto
596 3301 768 3343 tenuius
811 3306 878 3344 est
921 3306 967 3344 et
1010 3301 1192 3344 debilius
1224 3299 1304 3342 hoc
1342 3299 1521 3342 fortiore
1553 3302 1597 3340 et
1627 3295 1844 3353 pondero-

143 3387 258 3428 siore
288 3386 447 3439 verbo,
478 3384 594 3440 quod
625 3385 737 3429 bene
768 3385 1088 3430 Lacummsus
1121 3386 1348 3429 revocavit.
1411 3383 1493 3426 Est
1517 3394 1619 3425 vero
1650 3378 1844 3421 maxima
