2086 3756
822 252 1124 304 TIBULLI.
1666 272 1819 306 xxxv

490 395 743 446 Restituta
767 395 1062 447 valetudine
1090 394 1312 445 Romam
1329 409 1584 460 reversus,-
1612 390 1819 449 Deliam

563 476 820 554 aegrotam
851 486 1069 556 invenit,
1107 492 1210 543 nisi
1239 490 1418 558 paullo
1449 491 1570 558 post
1597 491 1654 540 in
1678 508 1820 541 mor-

563 584 691 633 bum
738 583 947 648 incidit,
999 598 1050 638 et
1094 587 1351 655 praestitit
1397 572 1467 635 ei⁷
1490 595 1602 636 tum
1624 612 1629 617 ·
1649 585 1818 637 officia

562 676 771 729 laudata
808 679 933 743 eleg.
963 679 1004 743 Ι,
1043 685 1094 731 5.
1523 670 1546 688 ”
1599 680 1631 690 ”
1727 682 1729 684 ’

150 783 272 818 ann.
307 770 428 818 725.
490 770 780 823 Discidium
819 781 1008 838 ortum,
1053 791 1171 824 cum
1207 776 1375 837 Delia,
1413 789 1550 843 quae
1582 771 1687 824 iam
1723 774 1816 824 ab-

158 854 170 866 ⁰
559 877 703 918 sente
738 866 952 919 Tibullo
990 866 1121 917 clam
1152 866 1310 918 fidem
1348 867 1635 918 deseruisse
1671 866 1815 919 vide-

559 969 673 1021 tur,
721 970 842 1026 post
877 961 1123 1011 morbum
1161 971 1337 1028 aperte
1375 959 1587 1013 divitem
1621 969 1814 1010 amato-

558 1070 669 1103 rem
709 1053 1014 1104 admitteret.

487 1148 598 1201 Sub
622 1159 867 1201 aestatem
894 1161 1067 1200 tamen
1092 1151 1279 1217 scripta
1305 1147 1512 1201 videtur
1538 1147 1661 1212 eleg.
1688 1147 1727 1210 I,
1752 1152 1815 1208 5.,

560 1259 677 1293 cum
724 1241 997 1294 discidium
1045 1259 1157 1293 non
1203 1244 1366 1293 ferret
1415 1241 1623 1292 diutius.
1713 1239 1816 1290 Sed

559 1336 714 1388 Delia
751 1337 885 1388 circa
918 1335 1020 1389 hoc
1061 1348 1266 1405 tempus
1302 1337 1418 1389 viro
1453 1337 1622 1387 nubit.

119 1426 462 1476 ann-725·26·
489 1430 674 1482 Hieme
704 1429 877 1482 reddit
902 1433 1136 1483 favorem
1161 1430 1317 1480 Delia
1342 1440 1545 1495 poetae,
1577 1431 1668 1496 qui
1694 1431 1817 1480 scri-

559 1527 638 1576 bit
673 1526 798 1592 eleg.
834 1527 874 1590 Ι,
911 1531 961 1596 23.
1012 1541 1130 1576 cum
1177 1525 1406 1590 primum
1453 1539 1592 1575 nova
1639 1523 1821 1572 limina

560 1628 799 1670 tentaret.

490 1714 784 1766 Gerebatur
821 1716 957 1766 circa
992 1715 1092 1764 hoc
1128 1723 1332 1779 tempus
1370 1713 1566 1763 bellum
1600 1713 1656 1760 in
1696 1708 1821 1760 Cili·
1860 1700 1863 1704 ’

561 1811 638 1859 cia
675 1807 772 1859 sub
813 1807 1068 1859 Messalae
1107 1807 1373 1874 auspiciis,
1420 1807 1511 1875 qui
1551 1803 1820 1857 Orientem

562 1901 924 1970 componebat.

135 1998 276 2048 Anni
307 2001 427 2048 726.
485 2015 607 2066 pars
643 1997 772 2051 felix
807 1995 1016 2049 amanti.
1087 1996 1226 2046 Tum
1255 1995 1410 2047 Delia
1450 2013 1648 2047 novum
1684 1994 1822 2046 ama-

557 2104 727 2144 torem
751 2091 975 2143 admittit
998 2101 1049 2142 et
1069 2103 1227 2160 poeta
1254 2093 1432 2144 scribit
1458 2093 1584 2157 eleg.
1611 2092 1650 2155 I,
1682 2097 1732 2142 6.
1750 2120 1821 2130 —-

559 2187 748 2238 Postea
780 2184 963 2239 relicta
1004 2194 1098 2237 est.

159 2297 279 2332 ann.
310 2284 432 2330 727.
492 2281 740 2334 Carmina
777 2280 844 2333 ad
875 2280 1179 2331 Marathum
1213 2280 1369 2332 scribi
1404 2290 1601 2345 coepta.
1636 2309 1707 2318 —-
1757 2279 1826 2331 D.

563 2377 767 2427 XXIV.
802 2374 945 2441 Sept.
979 2373 1232 2435 Messala,
1285 2370 1457 2422 redux
1495 2389 1562 2421 ex
1598 2370 1826 2434 Oriente,

564 2470 907 2536 triumphavit
932 2467 996 2518 de
1023 2467 1316 2534 Aquitanis.
1380 2467 1711 2534 Paullo‘post
1738 2468 1827 2516 Ti-

563 2563 740 2615 bullus
778 2559 1013 2612 natalitia
1053 2561 1163 2610 eius
1211 2561 1490 2613 celebravit
1538 2563 1662 2627 eleg.
1696 2562 1735 2624 Ι,
1779 2567 1827 2613 7.

166 2676 289 2710 ann.
315 2663 438 2709 728.
498 2653 598 2708 Edi
630 2656 805 2724 potuit
837 2656 975 2707 liber
1008 2655 1212 2722 primus
1249 2653 1566 2727 elegiarunu

160 2776 282 2810 ann·
307 2761 429 2809 729·
501 2781 724 2849 Glycera
751 2790 955 2832 amatur
981 2792 1032 2832 et
1058 2788 1318 2832 canuntur
1344 2793 1565 2850 propter
1596 2799 1710 2832 eam
1738 2782 1830 2832 fle-

188 2842 239 2881 et
280 2834 401 2880 73⁰⁸
570 2877 702 2928 biles
753 2875 899 2941 elegi.
987 2874 1145 2926 Initio
1200 2877 1388 2927 amoris
1454 2877 1610 2927 scribi
1663 2875 1834 2943 potuit

572 2987 728 3021 carm.
764 2971 855 3032 IV,
896 2975 978 3021 13.
1223 2967 1266 3002 θ’

168 3084 290 3118 ann.
318 3069 438 3116 731.
501 3065 627 3116 Post
663 3063 916 3131 Glycerae
952 3080 1183 3118 amorem
1231 3064 1448 3130 elegidia
1492 3065 1616 3116 libri
1663 3064 1834 3133 quarti

576 3176 890 3227 componere
927 3159 1116 3226 coepit.

171 3259 287 3308 circ.
327 3262 445 3308 733.
503 3253 770 3305 Nemesim
808 3270 983 3305 amare
1021 3256 1212 3323 coepit,
1253 3255 1335 3307 cui
1373 3253 1560 3306 deinde
1594 3257 1691 3302 tria
1728 3268 1836 3301 car-

577 3347 718 3398 mina
755 3361 1068 3401 consecrata.

1286 3465 1362 3505 c2
