2158 3750
354 284 456 334 274
742 279 1216 332 COMMEN'I'AR.
1258 282 1332 332 lN
1371 283 1660 333 TissULm

354 431 479 484 nique
524 428 789 469 llo-scimus
828 426 1029 468 observat
1062 426 1217 467 imitari
1260 425 1370 467 hunc
1414 426 1554 468 locum
1586 427 1795 469 Ovumm
1826 428 1942 471 Fast.
1978 430 2053 481 lv,

354 516 454 554 451.
520 511 724 551 Ceterum
759 507 863 547 (lam
897 506 1130 548 cumulant
1162 507 1290 560 dicit,
1334 509 1549 562 praesenti
1577 513 1797 564 tempore,
1837 511 1938 564 quia
1970 511 2052 552 iam

354 609 462 637 nunc
506 607 575 635 res
618 595 691 646 fit,
734 596 917 634 canente
955 595 1096 647 poeta.
1160 594 1304 646 Atque
1346 590 1452 634 haec
1495 590 1717 637 hacteuus,
1746 614 1806 623 ——
1847 593 1900 635 V.
1931 598 1959 635 7
1988 607 2054 647 sq.

352 680 461 723 Sed
493 678 713 722 nitidus
744 675 1107 733 pulcherque
1144 677 1288 719 veni.
1351 670 1663 732 Accipiendum
1691 677 1754 741 de„
1777 681 1931 719 ornatu
1962 680 2030 720 cul

350 770 483 818 tuque
527 762 708 815 reliquo.
769 760 844 801 Sic
889 759 1073 802 Houmr.
1116 759 1192 811 ΙΙΙ,
1238 762 1309 811 24,
1353 763 1439 803 20:
1485 759 1630 801 nitido
1677 758 1786 814 fidit
1833 759 2057 805 adultero,

350 850 649 901 comparante,
674 843 1002 890 BRoucKszn)
1052 847 1095 885 et
1143 843 1349 885 Harum.
1429 843 1495 885 lta
1546 844 1680 897 igitur
1727 843 1856 886 deum
1902 844 2055 888 adesse

352 934 470 984 vult,
501 932 601 973 licet
630 943 714 972 non
744 930 880 971 visum
912 929 1075 980 ocu11s3
1107 941 1204 969 nam
1239 932 1444 973 ornatum,
1471 929 1603 972 etlam
1639 929 1744 972 deos
1775 934 1944 972 mutare
1974 943 2055 986 pro

350 1015 472 1058 festis
503 1014 655 1056 diebus
685 1012 868 1055 credidit
897 1013 1146 1075 antiquitas,
1179 1019 1222 1054 et
1253 1012 1558 1056 documentum
1587 1019 1654 1056 est
1686 1012 1876 1057 habitum
1905 1015 2053 1057 faven-

349 1098 404 1141 tis
448 1097 545 1150 dei,
591 1096 627 1138 si
669 1095 778 1137 bene
825 1080 1006 1136 ornatus·
1031 1094 1274 1136 interesset.
1339 1095 1544 1138 Ceterum
1574 1096 1688 1139 conf.
1720 1097 1778 1149 ΙΙ,
1809 1100 1852 1150 2,
1886 1102 1927 1140 6.
1976 1097 2054 1151 IV,

350 1186 392 1235 6,
428 1185 498 1224 13.
541 1180 747 1222 clerum..
772 1178 890 1230 LXl,
922 1181 1072 1220 6-10.
1121 1178 1383 1223 anmm.
1414 1177 1604 1233 Epithal.
1636 1173 1803 1223 Pallad.
1835 1185 1879 1222 et
1911 1180 2055 1224 Celer.

349 1279 388 1308 v.
422 1267 503 1306 103
537 1276 630 1317 sqq.
694 1261 911 1303 Notarunt
941 1260 1324 1314 Buoucifflusms,
1365 1259 1612 1314 Hermus,
1656 1261 1874 1315 Vossms,
1906 1263 2050 1305 Wun-

352 1359 650 1390 nnnmcums.
685 1367 738 1375 --
799 1347 1016 1385 vestem
1059 1343 1402 1398 sepositam,
1448 1342 1504 1385 ad
1543 1342 1679 1386 festos
1723 1343 1829 1388 dies.
1901 1343 2054 1388 Talem

350 1430 606 1472 observante
637 1427 879 1468 Huscnmo
912 1425 1153 1480 Appuleius
1176 1424 1255 1478 XI,
1283 1429 1387 1467 245.
1420 1425 1684 1469 cataclistam
1714 1427 1928 1483 appellat:
1959 1429 2054 1470 Eas

350 1527 560 1555 amoenus
603 1509 872 1552 lectissimae
914 1508 1169 1551 iuventutis
1200 1517 1324 1552 veste
1354 1507 1485 1551 nivea
1516 1516 1563 1550 et
1595 1509 1839 1552 cataclista
1868 1491 2057 1566 phaeni-

348 1604 449 1637 tens
482 1592 754 1651 sequebatur
784 1591 960 1636 choram.
1027 1592 1090 1633 De
1135 1604 1222 1645 quo
1265 1592 1365 1635 vide
1407 1591 1775 1635 Sumsmusad
1819 1586 2056 1638 Tertullia-

349 1690 451 1719 num
492 1676 546 1718 de
586 1675 727 1718 Pallio
773 1690 813 1730 p.
850 1676 949 1716 174.
1025 1673 1251 1727 Intelliges
1282 1687 1384 1716 vero
1416 1673 1484 1718 hic
1516 1677 1675 1731 pallam
1705 1689 1741 1720 s.
1773 1677 1927 1720 stolam
1964 1670 2054 1728 P'y-

347 1760 503 1813 thiam,
545 1759 599 1802 cf.
632 1758 712 1811 111,
747 1760 788 1810 4,
821 1760 894 1800 35.
935 1757 1174 1800 PROPERT.
1205 1757 1262 1810 ΙΙ,
1295 1761 1367 1810 31,
1397 1758 1470 1801 fin.
1515 1758 1762 1817 Saunium.
1793 1758 1859 1823 ad.
1882 1757 2054 1802 Callim-
2123 1727 2158 1766 ..a

348 1848 391 1889 in
422 1846 565 1902 Apoll.
599 1847 698 1897 32,
746 1842 883 1898 qualis
916 1843 1088 1884 omnino
1119 1840 1411 1885 citharoedica
1456 1842 1564 1896 suit,
1610 1843 1666 1888 cf.
1699 1841 1884 1887 Hauon.
1916 1843 1952 1898 Ι,
1981 1847 2055 1888 24.

348 1930 404 1972 de
436 1930 611 1981 Arione,
643 1929 779 1970 Ovm.
811 1926 933 1968 Fast.
962 1926 1020 1980 ΙΙ,
1054 1929 1155 1969 107.
1219 1926 1342 1970 Adde
1374 1928 1554 1971 Puocu
1586 1926 1902 1971 Chrestomath.
1934 1943 1978 1984 p.
2009 1933 2054 1971 8.

347 2012 418 2056 ed.
460 2010 628 2054 Schott.
676 2014 720 2052 et
764 2010 1024 2051 Wnncxnm
1068 2010 1390 2052 annotationem
1436 2009 1608 2053 doctam
1656 2009 1712 2055 ad
1756 2009 1883 2054 Pind.
1924 2009 2054 2052 Nem.

346 2097 427 2150 IX,
457 2096 550 2138 init.
591 2096 636 2138 in
666 2090 858 2136 Boeckh.
891 2091 995 2134 edit.
1039 2107 1085 2148 p.
1119 2095 1222 2135 453.
1285 2092 1400 2136 Vide
1431 2094 1561 2136 etiam
1594 2094 1794 2136 Simus.
1828 2092 1884 2136 de
1913 2092 2054 2136 Pallio

345 2194 390 2235 p.
421 2181 524 2221 469.
566 2182 610 2220 et
651 2177 879 2219 Bou'muc..
920 2175 976 2218 ad
1017 2176 1205 2231 Longin.
1240 2193 1283 2233 p.
1317 2177 1474 2220 CLIX.
1507 2177 1578 2220 ed.
1610 2177 1802 2230 Weisk.‚
1843 2181 1888 2220 et
1917 2177 2057 2220 Mfin-
2135 2183 2139 2191 ”

345 2273 460 2303 LERI
492 2259 727 2314 Compend.
762 2256 988 2302 Archaeol.
1021 2273 1064 2313 p.
1095 2261 1182 2300 467
1214 2273 1308 2313 sqq.
1341 2282 1402 2290 ·-
1452 2260 1506 2303 V.
1539 2263 1566 2302 9
1596 2273 1662 2314 sq.
1724 2260 1964 2308 Qualem
2001 2265 2055 2302 te
2115 2267 2139 2328 ''

348 2345 686 2394 memorant,
727 2338 767 2381 h.
801 2353 839 2382 e.
883 2340 1001 2393 quali
1042 2337 1194 2382 habitu
1237 2344 1282 2382 et
1314 2344 1483 2385 ornatu.
1545 2342 1801 2385 Saturno
1837 2342 2054 2397 fugato.
2127 2355 2131 2357 ’

347 2424 488 2469 VIRG.
521 2424 628 2466 Aen.
660 2422 780 2475 VIII,
813 2425 927 2465 320:
974 2419 1158 2463 Primus
1201 2419 1259 2462 ab
1300 2420 1502 2465 aetherio
1542 2423 2054 2483 νεηὶεῶ(11ιιο,ιιὶ)ἰιιιιιιε

344 2507 511 2563 Roma)
545 2509 774 2548 Saturnus
807 2505 1018 2562 Olympo,
1063 2505 1210 2548 Arma
1249 2505 1372 2548 Iovis
1402 2505 1598 2566 fugiens
1644 2515 1691 2550 et
1732 2506 1882 2568 regnis
1923 2505 2056 2565 exsul

346 2589 551 2633 ademtis.
613 2591 692 2632 Illa
719 2603 821 2632 vero
854 2591 1067 2644 exquisita
1100 2590 1259 2644 fabula,
1290 2596 1469 2635 notante
1499 2592 1709 2646 Hermo,
1741 2591 1859 2655 quq}
1889 2592 2050 2655 Apollo

347 2681 451 2719 tunc
482 2676 631 2719 laudes
674 2676 788 2718 Iovis
830 2675 1007 2718 victoris
1049 2676 1257 2718 cecinisse
1301 2676 1452 2719 fertur.
1515 2678 1740 2720 Samma
1777 2654 2057 2727 coutulerunt
2078 2676 2089 2688 ''
2126 2654 2128 2659 Ι

345 2762 431 2804 iam
461 2762 533 2803 alii
572 2762 615 2803 iu
648 2763 798 2815 Agam.
831 2763 946 2802 331:
998 2759 1124 2800 Licet
1167 2767 1212 2800 et
1254 2758 1422 2801 chorda
1461 2760 1670 2817 graviore
1711 2775 1869 2812 sones„
1907 2758 2052 2816 Quale
2076 2753 2087 2763 '
2118 2764 2123 2794 .’

347 2843 537 2896 canebas
580 2860 678 2887 cum
727 2844 919 2885 Titanas
959 2842 1167 2884 Falmine
1212 2842 1353 2885 victos
1396 2842 1546 2885 videre
1587 2842 1672 2887 dei.
1704 2842 1918 2886 -Aliunde
1947 2841 2055 2885 nihil

344 2927 399 2973 de
430 2941 481 2970 ea
512 2941 561 2970 re
592 2930 775 2970 constat.
837 2926 1038 2967 Tibullus
1083 2939 1107 2967 e
1152 2927 1326 2992 Graeco
1373 2931 1504 2982 poeta
1535 2940 1627 2970 rem
1661 2940 1747 2969 non
1779 2925 1921 2970 hausit
1951 2939 2050 2969 cum

342 3010 443 3052 talis
474 3008 716 3063 exquisitae
747 3007 969 3050 doctrinae
1001 3008 1185 3062 vestigia
1226 3022 1436 3063 nusquam
1476 3010 1581 3053 alias
1616 2999 1877 3066 apud⁵2mm
1919 3023 2050 3066 repe-
2115 3017 2118 3019 ’

341 3087 520 3146 riantur,
551 3092 628 3136 sed
660 3090 885 3148 probabile
917 3097 982 3134 est
1013 3092 1217 3134 Latinum
1249 3105 1405 3148 poema
1430 3092 1564 3137 fuisse
1593 3098 1684 3137 tum
1714 3093 1846 3148 vulgo
1874 3083 2070 3146 lectum„
2108 3110 2119 3143 ἡ

342 3175 414 3216 ubi
456 3175 600 3218 fabula
642 3178 968 3226 memoraretur.
1029 3175 1261 3219 Postremo
1303 3175 1359 3218 de
1403 3177 1584 3219 consilio
1629 3181 1785 3231 poetae
1830 3188 2050 3230 quaeren-

342 3259 471 3313 dum,
518 3273 595 3304 cur
626 3259 840 3304 addiderit.
871 3258 952 3303 hoc
984 3260 1212 3304 distichon.
1274 3263 1469 3307 Vossms
1502 3262 1656 3304 iterum
1689 3261 1876 3316 Augusti
1908 3263 2049 3305 victo-

343 3342 427 3384 rias
460 3341 623 3384 laudari
657 3346 831 3395 censet,
863 3343 937 3396 qui
969 3342 1202 3385 orientales
1236 3343 1422 3398 populos
1453 3357 1549 3387 cum
1583 3344 1769 3386 Antonio
1801 3343 2050 3386 debellave-

340 3431 418 3469 rat·
480 3425 579 3481 Eg⁰
619 3440 721 3470 vero
759 3431 911 3482 sepem
955 3426 1071 3482 quod
1113 3440 1243 3484 supra
1285 3427 1404 3482 dixi,
1454 3428 1616 3471 nullam
1645 3426 1689 3471 in
1732 3430 1825 3470 toto
1857 3427 2048 3470 carmine

2152 1544 2158 1556 -
2143 1386 2158 1435 ...nx
2137 1136 2158 1381 ‚anemium-...1
2146 1107 2158 1119 ι
