2158 3750
373 300 477 346 260
772 288 1245 343 COMMENTAR.
1280 289 1355 340 IN
1394 289 1681 341 TIBULLl

377 453 596 485 amaras
639 442 814 490 noctes,
858 442 908 479 ut
952 437 1191 481 Pnopunw.
1233 437 1267 490 1,
1316 440 1357 490 1,
1400 439 1474 480 33.
1526 436 1583 489 11,
1616 438 1688 488 17,
1730 431 1773 480 ’8.
1817 436 1893 491 lv,
1922 439 1966 490 3,
1997 440 2070 479 29.

378 526 514 568 Ovu).
547 520 730 564 Heroid.
760 520 861 573 XII,
894 523 996 562 169.
1056 520 1255 574 Denique
1301 519 1483 562 observa
1527 531 1656 572 quam
1701 521 1803 574 apte
1843 518 1969 561 etiam
2005 518 2072 561 mc

377 610 462 649 est
507 605 695 660 positum
739 604 796 646 sit
839 607 938 658 post
988 599 1145 644 umbra
1195 602 1240 644 in
1287 602 1561 657 oppositione
1607 600 1695 642 diei
1740 604 1784 641 et
1830 600 1982 644 noctis.
2011 623 2065 633 —

376 687 577 730 Omnia
619 700 739 730 nam
779 691 1045 742 tempora
1090 685 1232 729 felle
1274 685 1531 738 madent,
1575 682 1616 726 h.
1648 697 1687 726 e.
1728 696 1874 726 amara
1902 688 2000 725 sunt
2029 688 2074 726 et

376 771 506 826 plena
547 771 736 814 tristitia.
811 770 880 814 Ne
918 771 1085 814 mireris
1125 771 1412 824 locutionem,
1455 774 1506 812 ut
1536 769 1732 811 Ovmms
1764 767 1933 809 Amorr.
1965 764 2000 816 Ι,
2030 769 2074 818 6,

374 858 450 898 55.
480 855 614 898 dixit=
661 854 888 913 vitreoque
923 854 1151 896 madentia
1192 869 1288 896 rore
1321 861 1519 910 tempora
1549 850 1692 894 noctis
1723 857 1859 896 eunt,
1903 850 1966 892 sle
1994 848 2074 892 Ti-

375 936 519 980 bullus
557 938 726 993 tropice
757 936 876 994 felle
919 936 1147 979 madentia
1188 938 1332 994 potuit
1363 937 1510 980 dicere
1545 943 1757 991 tempora.
1815 933 1899 976 Est
1927 937 2072 976 autem

376 1019 553 1062 madere
581 1021 756 1076 saepius
787 1019 841 1062 de
873 1032 1028 1073 magna
1059 1020 1186 1075 copia
1220 1024 1266 1062 et
1297 1019 1495 1061 ubertate
1524 1017 1686 1060 dictum
1716 1017 1760 1058 in
1791 1017 1921 1058 variis
1951 1016 2074 1058 locu-

376 1101 583 1156 tionibus,
614 1102 670 1145 cf.
700 1115 741 1145 v.
775 1115 812 1145 c.
844 1101 1143 1143 Mu-scnmu..
1175 1100 1232 1142 ad
1262 1101 1419 1144 Horat.
1448 1100 1527 1153 111,
1556 1103 1632 1154 21,
1660 1103 1704 1145 9.
1734 1104 1911 1144 notante
1941 1098 2073 1141 etiam

374 1186 570 1229 BAcmo.
631 1186 828 1240 Denique
863 1185 1054 1238 tristi,
1087 1189 1136 1226 ut
1169 1184 1204 1238 1,
1236 1187 1279 1237 5,
1309 1187 1384 1228 50.

491 1268 548 1312 V.
583 1270 760 1309 13-26.
834 1266 1082 1309 Medium
1129 1279 1368 1309 carmen.
1443 1265 1632 1308 Prima
1673 1277 1819 1322 pars.
1891 1262 2073 1307 Causa

373 1351 647 1394 miseriae
685 1350 1044 1406 principalis
1074 1353 1162 1392 est
1198 1347 1446 1391 avaritia
1477 1345 1843 1390 insatiabilis
1874 1344 2071 1388 Neme-

370 1434 476 1476 εἰει
518 1433 717 1475 Musae
747 1436 799 1474 et
830 1431 1075 1474 carmina
1106 1429 1250 1474 nihil
1282 1434 1552 1486 prosunt,
1583 1429 1680 1472 sed
1714 1442 1811 1485 per
1840 1427 2072 1472 caedem

370 1519 427 1558 et
468 1515 696 1559 facinus
735 1521 1030 1571 postremo
1072 1520 1243 1559 erunt
1286 1515 1430 1558 dona
1473 1513 1820 1570 quaerenda.
1895 1513 2072 1568 Regnat

369 1611 450 1653 per
479 1603 618 1641 totum
649 1599 791 1642 locum
822 1613 980 1654 magna
1009 1600 1265 1655 indignati0.

488 1682 544 1726 V.
570 1684 626 1723 13
656 1695 750 1736 sqq.
813 1681 928 1724 Nec
962 1686 1207 1737 prosunt
1239 1681 1412 1735 elegi.
1472 1680 1730 1724 Accuratius
1760 1692 1874 1722 nunc
1902 1691 2069 1733 cogno-

377 1767 540 1810 scimus
578 1766 693 1809 unde
734 1766 871 1809 fastus
913 1767 1109 1822 puellae:
1157 1779 1287 1808 avara
1330 1770 1437 1808 erat.
1498 1765 1690 1807 Finitum
1734 1769 1800 1807 est
1830 1763 2070 1817 exordium,

366 1849 482 1894 redit
523 1851 793 1906 querimonia
835 1850 890 1893 ad
934 1851 1076 1895 fontes
1116 1851 1315 1894 miseriae
1362 1855 1407 1893 et
1453 1849 1531 1892 hos
1573 1849 1784 1904 exagitat.
1824 1871 1886 1879 —
1933 1861 2071 1892 cava

367 1945 555 1988 manu,
585 1933 661 1988 qui
688 1938 837 1987 gestus
867 1934 1094 1989 pecuniam
1120 1933 1406 1989 poscentium,
1435 1932 1490 1976 cf.
1518 1932 1779 1975 CasAunon.
1808 1930 1863 1974 ad
1887 1932 2068 1974 Sueton.

364 2014 483 2068 Aug.
522 2027 562 2056 c.
593 2017 665 2056 91.
698 2018 743 2056 et
774 2012 815 2056 h.
846 2015 874 2056 Ι.
906 2015 1144 2057 Vmfflnm.
1202 2014 1345 2068 Igitur
1385 2014 1440 2057 ad
1481 2027 1634 2070 preces
1675 2014 1839 2057 Tibulli
1868 2012 2067 2056 Nemesis

366 2108 516 2138 cavam
563 2108 734 2138 manum
789 2096 1071 2150 ostendebat,
1131 2098 1253 2151 quasi
1296 2097 1403 2140 illud
1443 2093 1679 2154 χρήματα,
1727 2091 1921 2154 χρήματ’
1958 2093 2065 2154 ἄνηρ

371 2177 537 2233 (Pmn.
568 2177 717 2222 Isthm.
739 2179 821 2235 ll.)
852 2193 990 2234 usque
1020 2180 1216 2223 laudans.
1238 2203 1298 2212 —-
1327 2181 1413 2224 Ite
1443 2182 1672 2237 procul,
1700 2181 1904 2224 Musae.
1965 2181 2068 2224 Vim

364 2263 453 2305 loci
496 2262 596 2304 inde
637 2262 866 2315 aestimes,
912 2261 1028 2316 quod
1066 2262 1220 2304 Musae
1258 2261 1564 2305 dilectissimae
1603 2267 1704 2305 sunt
1744 2264 1909 2319 poetis,
1960 2276 2067 2318 quas

369 2345 466 2399 quis
496 2344 663 2386 nonnisi
692 2345 735 2386 in
759 2357 918 2398 magno
947 2344 1108 2387 affectu
1137 2344 1257 2387 abire
1283 2344 1543 2387 iusserit.—
1576 2344 1692 2387 Non
1725 2358 1830 2399 ego
1860 2358 1956 2388 vos
1981 2350 2067 2390 etc.

363 2438 447 2470 nec
487 2426 603 2469 bella
644 2430 689 2468 et
729 2438 800 2468 res
840 2430 987 2480 gestas
1029 2434 1186 2469 canere
1230 2429 1360 2483 cupio
1403 2427 1539 2483 epicis
1568 2431 1645 2470 aut
1676 2428 1822 2482 lyricis
1852 2429 2063 2483 versibus,
2149 2435 2154 2440 ’

363 2522 448 2552 nec
490 2508 749 2551 didacticum
790 2508 845 2551 de
886 2520 1030 2551 rerum
1074 2514 1226 2551 natura
1268 2521 1426 2565 poema
1459 2509 1628 2562 condo,
1674 2509 1790 2565 quod
1821 2523 1959 2565 genus
1989 2511 2065 2554 ubl
2144 2493 2158 2550 ’.ἱ

362 2591 611 2646 significare
641 2591 818 2645 volunt,
864 2592 1075 2647 imprimis
1106 2594 1294 2636 siderum
1335 2606 1486 2636 cursus
1523 2595 1850 2637 commemorari
1880 2599 2064 2649 constat,

358 2681 652 2730 notaruntque
683 2676 904 2719 Hermus
949 2682 994 2720 et
1034 2679 1253 2732 Vossms,
1302 2679 1360 2722 cf.
1391 2680 1532 2723 Vnae.
1563 2681 1730 2734 Georg.
1759 2681 1817 2733 Π,
1849 2683 1937 2723 475
1969 2694 2062 2736 sqq.
2140 2716 2142 2718 .

358 2757 600 2802 Pnopssm.
630 2759 710 2812 llI,
735 2763 778 2812 5,
809 2761 869 2801 25
901 2771 995 2813 sqq.
1056 2759 1181 2802 Adde
1211 2765 1436 2815 praeterea
1470 2762 1610 2804 Vmo.
1642 2763 1749 2804 Aen.
1783 2762 1818 2815 l,
1851 2764 1940 2804 740
1967 2776 2062 2818 sqq.

359 2842 544 2886 Honn.
588 2842 730 2899 Epist.
770 2843 807 2897 I,
851 2846 921 2896 12,
957 2846 1015 2885 16
1045 2856 1140 2898 sqq.
1206 2843 1384 2887 an..
1417 2845 1592 2888 Astron.
1630 2845 1667 2899 I,
1703 2849 1776 2888 99.
1807 2869 1870 2877 -
1918 2847 2062 2890 solis

362 2927 511 2980 vias,
552 2939 631 2982 per
671 2925 908 2968 Zodiacum
940 2926 1081 2967 euntis
1112 2929 1157 2967 et
1187 2926 1422 2968 redeuntis.
1485 2927 1669 2970 Confert
1699 2928 1904 2972 Vum’ms
1934 2929 2061 2982 Virg.

361 3008 471 3050 Aen.
503 3007 580 3061 VI,
615 3010 719 3050 796.
751 3031 811 3040 --
861 3012 919 3050 et
964 3010 1155 3062 qualis
1198 3014 1281 3052 etc.
1326 3009 1366 3053 h.
1400 3024 1439 3053 e.
1484 3011 1600 3066 quali
1633 3010 1781 3055 habitu
1811 3025 1848 3057 s.
1881 3017 1929 3055 ut
1958 3013 2060 3055 luna
2130 3066 2131 3071 ¹

358 3089 498 3132 forma
529 3090 734 3146 paulatim
764 3089 1068 3144 decrescente,
1110 3097 1336 3147 postquam
1369 3094 1497 3149 plena
1541 3098 1608 3137 est
1638 3094 1778 3147 facta,
1819 3093 1970 3138 redeat
2001 3095 2055 3137 ad
2131 3114 2133 3119 2

359 3174 543 3216 initium.
605 3174 812 3216 Ceterum
850 3173 977 3216 Luna
1023 3175 1193 3218 duobus
1239 3177 1362 3231 equis
1406 3177 1568 3230 utitur,
1614 3178 1691 3219 Sol
1735 3181 1954 3230 quattuor.
1996 3201 2055 3209 —-
2136 3193 2153 3238 λ’

365 3257 632 3298 recurrit.
693 3257 840 3299 Semel
881 3257 1158 3302 indicativum
1203 3260 1347 3316 posuit
1387 3261 1430 3303 in
1474 3261 1550 3303 tali
1592 3261 1938 3316 constructione,
1984 3264 2057 3318 qui

363 3351 468 3380 usus
501 3339 767 3393 frequentior
807 3339 921 3395 apud
956 3341 1089 3395 alios,
1132 3341 1187 3383 cf.
1227 3342 1510 3386 LAchANN.
1547 3342 1603 3384 ad
1638 3344 1840 3399 Propert.
1870 3344 1906 3396 I,
1938 3347 1981 3397 2,
2011 3348 2053 3387 9.

362 3423 612 3467 Ennium.
645 3424 699 3467 ad
731 3424 852 3480 Virg.
885 3423 1042 3482 Eclog·
1072 3426 1129 3481 ΙΙ,
1162 3429 1234 3470 66.
1291 3427 1634 3471 Wunnssnmcu.
1667 3431 1712 3470 et
1739 3427 1969 3472 wilc-mm.
2001 3427 2053 3470 ad
2139 3437 2148 3460 ν
