2158 3750
334 298 430 345 132
731 287 1199 342 COMMENTAR.
1231 290 1309 342 IN
1344 291 1391 340 T
1393 291 1633 343 IBULLI

327 441 510 481 nocente
543 447 637 477 eam
668 431 838 486 habeat,
870 454 927 466 —
956 433 1054 475 sed
1087 438 1246 475 etc.——
1278 431 1387 473 Mox
1418 432 1666 475 credere
1698 433 1895 477 durum
1928 439 2030 488 est,

323 515 512 573 χαλεπόν
546 515 788 558 πιστεῦσαι.
851 515 1058 556 Ceterum
1101 513 1207 555 haec
1241 518 1284 555 et
1315 514 1450 556 multa
1488 527 1543 555 ex
1575 514 1854 568 sequentibus
1884 516 2030 558 reddi-

327 603 392 645 dit
432 602 568 642 Ovm.
599 598 731 640 Trist.
761 595 819 650 II,
851 599 1067 639 447-462.
1116 619 1174 626 -
1226 595 1293 638 Ad
1338 610 1378 638 v.
1414 599 1456 638 9.
1505 596 1617 639 conf.
1664 598 1846 640 similem
1887 599 2030 642 locum

327 687 467 727 Ovm.
496 683 666 725 Amorr.
697 681 778 734 ΙΙΙ,
810 683 850 732 1,
873 681 944 722 49.
979 703 1028 711 -
1065 680 1118 723 V.
1153 684 1206 722 11
1234 694 1328 734 sqq.
1359 692 1589 733 causas,
1621 678 1661 722 h.
1689 693 1728 722 e.
1762 685 2030 735 praetextus.

326 766 543 808 TERENT·
566 760 764 804 Eunuch.
783 761 819 815 I,
845 764 889 814 2,
911 764 995 803 57:
1025 763 1276 819 Postquam
1308 760 1447 803 sensit
1475 776 1541 802 me
1571 769 1717 803 tecum
1742 777 1915 820 quoque
1940 777 2030 804 rem

325 847 512 895 habere,
533 846 679 905 fingit
711 859 901 892 causas,
921 858 982 892 ,ne
1013 843 1110 891 det,
1143 842 1309 886 sedulo.
1374 845 1522 890 Quare
1552 850 1672 887 recte
1703 843 1834 887 habet
1863 850 1938 888 ut.
1970 867 2029 875 —

325 932 560 975 cardine
587 930 795 982 tacito,
827 927 991 970 suffusa
1016 941 1141 981 aqua,
1173 929 1234 970 ait
1258 928 1492 982 Hermus,
1516 934 1566 971 ut
1589 930 1766 973 PLAu'r.
1793 930 1967 971 Curcul.
1992 930 2029 983 Ι,

325 1021 367 1072 3,
399 1022 457 1071 3.,
490 1027 744 1072 quamquam
778 1015 926 1070 plures
958 1013 1130 1055 fraudes
1162 1015 1351 1067 viguisse
1383 1015 1507 1057 facile
1539 1015 1703 1058 credas.
1736 1038 1796 1047 —-
1828 1027 2030 1058 succos

326 1100 673 1153 herbasque,
719 1109 797 1139 cur
837 1094 879 1135 ἓν
921 1090 996 1135 δαὶ
1046 1095 1168 1135 δυοῖν
1200 1099 1386 1137 statuam
1423 1109 1508 1138 non
1540 1097 1680 1140 video.
1743 1097 1874 1140 Dedit
1904 1098 1944 1139 ei
1975 1097 2030 1139 li-

322 1194 480 1237 quores
510 1178 772 1235 (Spiritus),
805 1182 848 1219 et
880 1177 999 1219 dedit
1030 1177 1200 1230 herbas,
1238 1191 1344 1231 quas
1376 1181 1660 1223 comminutas
1691 1186 1736 1223 et
1765 1181 2027 1224 madefactas

323 1266 548 1308 adhiberet
579 1268 796 1316 tamquam
823 1256 1004 1318 χριστόν
1035 1257 1260 1318 φάρμακον
1293 1261 1490 1319 (Salbe).
1553 1264 1757 1306 Ceterum
1791 1266 1924 1307 multa
1955 1278 2031 1308 re-

323 1348 465 1391 media
497 1346 714 1389 livoris
744 1345 940 1387 Pmmus
973 1341 1158 1396 indicat,
1211 1357 1320 1397 quos
1351 1345 1471 1388 locos
1501 1346 1861 1389 Bnoucxnusms
1893 1347 2031 1389 colle-

321 1434 400 1488 git.
427 1453 482 1464 —
515 1431 797 1485 impresso
829 1427 1033 1480 dente,
1066 1428 1119 1470 cf.
1153 1429 1289 1471 Ovm.
1321 1431 1487 1473 Amorr.
1519 1429 1554 1483 I,
1585 1435 1628 1484 7,
1658 1433 1731 1472 41.
1778 1430 1961 1475 ΗοιιΑΤ.
1990 1433 2027 1487 Ι,

322 1519 394 1569 13,
427 1517 498 1557 15.
535 1513 638 1566 ibiq.
670 1512 875 1553 LAMBIN.
908 1533 966 1540 —-
1015 1510 1160 1565 Atque
1202 1509 1308 1553 haec
1341 1510 1561 1554 hactenus.
1624 1511 1725 1569 lam*
1756 1512 1864 1567 quid
1908 1526 2030 1556 com-

322 1600 557 1643 miniscitur
598 1603 755 1653 poeta,
795 1600 845 1638 ut
889 1600 1144 1638 coerceatur
1184 1596 1266 1638 ista
1307 1594 1591 1640 intolerabilis
1630 1597 1839 1655 pertidia,
1881 1603 1933 1642 et‘
1967 1599 2024 1642 ad

322 1685 543 1727 meliorem
573 1679 743 1734 frugem
776 1680 922 1735 puella
953 1679 1142 1721 redeat?

444 1765 499 1808 V.
532 1765 692 1805 15-42.
754 1760 1005 1803 Medium
1051 1773 1294 1802 carmen.
1354 1761 1726 1820 Primasspars.
1785 1765 2029 1808 Primum

322 1845 644 1889 custodiam
678 1845 803 1887 vult
833 1857 1093 1892 severam
1125 1857 1270 1887 esse.
1335 1845 1550 1889 Hortatur
1582 1847 1718 1902 igitur
1746 1849 1945 1892 maritum
1978 1855 2028 1892 ut

321 1935 464 1974 servet
497 1930 727 1982 diligenter
756 1940 965 1981 uxorem,
997 1934 1275 1984 assumatque
1305 1930 1435 1972 etiam
1472 1943 1570 1973 sese
1600 1930 1824 1974 custodem
1856 1931 2024 1986 suadet,

320 2026 418 2074 cum
450 2013 545 2068 ipse
574 2011 681 2054 satis
712 2011 934 2055 custodire
967 2026 1061 2054 eam
1096 2026 1182 2055 non
1214 2015 1366 2069 possit.

440 2094 499 2138 V.
532 2096 603 2136 15.
651 2093 884 2135 incaute
915 2095 1143 2136 coniux.
1189 2095 1326 2138 Ovm.
1358 2095 1527 2139 Amorr.
1559 2097 1616 2149 II,
1649 2101 1721 2151 19,
1751 2102 1838 2141 37:
1868 2099 1939 2140 At
1967 2106 2023 2140 tu

310 2177 544 2236 formosae
587 2175 771 2218 nimiam
810 2189 963 2217 secare
1001 2174 1199 2231 puellae.
1276 2176 1455 2220 Videbis
1498 2178 1559 2220 ibi
1606 2181 1815 2234 ampliora
1862 2181 2026 2222 monita

319 2260 539 2312 eiusdem,
567 2258 682 2312 quod
715 2256 783 2299 hic
814 2257 1082 2310 tractabitur,
1112 2260 1367 2311 argumenti.
1400 2282 1457 2290 —
1507 2260 1595 2302 Me
1637 2275 1867 2316 quoque
1907 2276 2026 2306 ser-

318 2347 460 2385 vato.
535 2342 757 2394 Observa,
802 2339 888 2392 ait,
931 2351 1106 2392 omnes,
1150 2344 1194 2381 et
1235 2340 1338 2382 licet
1380 2341 1472 2396 ipse
1513 2343 1642 2384 etiam
1674 2343 1878 2386 observet
1908 2358 1933 2386 a
1965 2350 2024 2398 te,

316 2426 462 2468 malim
505 2423 587 2467 hoc
631 2425 820 2467 tolerare
862 2436 990 2479 quam
1031 2424 1226 2467 rivalem.
1286 2423 1370 2467 Est
1412 2426 1576 2481 primus
1615 2426 1802 2483 impetus
1845 2427 2024 2482 doloris,

315 2509 390 2563 qui
421 2507 528 2551 haec
562 2508 695 2551 verba
727 2507 905 2561 docuit,
947 2518 1053 2551 mox
1083 2510 1223 2549 mutat
1253 2508 1478 2551 consilium
1507 2513 1556 2552 ut
1590 2509 1757 2552 videbis
1783 2515 1832 2554 ‚et
1862 2523 1911 2552 se
1943 2523 2022 2552 ex-

315 2593 400 2648 cipi
431 2593 535 2636 vult.
597 2592 862 2634 Suavissima
913 2596 979 2634 est
1011 2593 1190 2636 mutatio
1220 2593 1451 2636 affectuum
1491 2593 1606 2649 apud
1637 2595 1872 2636 Tibullum.
1936 2593 2024 2636 Ce-

314 2681 456 2718 terum
486 2690 665 2717 servare
697 2683 789 2719 est:
821 2677 1068 2729 observare,
1097 2677 1339 2731 custodire,
1372 2674 1628 2729 φυλάττειν,
1660 2687 1831 2734 τηρεῖν,
1863 2682 1911 2720 ut
1941 2690 2022 2720 no-

314 2764 420 2802 tum.
446 2783 504 2790 ——
535 2760 589 2804 V·
624 2764 679 2802 17
712 2773 808 2814 sqq.
869 2760 1092 2802 Recenset
1124 2773 1237 2802 nuuc
1267 2764 1383 2803 artes
1415 2765 1460 2803 et
1489 2761 1682 2802 fallacias
1714 2761 1899 2803 lascivae
1927 2759 2021 2803 De-

313 2845 412 2897 liae,
445 2845 488 2886 in
516 2857 602 2898 quo
631 2843 729 2886 vide
760 2857 936 2886 suavem
963 2857 1107 2886 rerum
1140 2857 1434 2900 progressum.
1495 2845 1644 2889 Primo
1677 2841 1861 2886 disticho
1893 2843 2022 2886 affert

314 2930 455 2976 artes,
498 2926 655 2979 quibus
686 2925 862 2967 omnino
893 2926 1028 2967 allicit
1058 2927 1235 2968 iuvenes
1267 2928 1437 2982 puella,
1471 2927 1662 2970 secundo
1698 2927 1822 2982 signa
1853 2926 2019 2969 descri-

269 3008 273 3011 '
315 3007 391 3059 bit,
421 3008 575 3062 quibus
606 3020 705 3048 cum
736 3011 908 3049 amante
940 3007 1117 3049 invento
1150 3010 1427 3063 colloquitur,
1459 3011 1600 3052 locum
1635 3014 1679 3052 et
1710 3014 1881 3064 tempus
1912 3021 2019 3050 con-

316 3093 469 3131 ventus
501 3087 709 3142 indicans,
748 3089 878 3130 tertio
912 3094 1144 3131 exeuntem
1174 3090 1310 3144 vides,
1354 3097 1401 3132 ut
1433 3092 1603 3147 copiam
1632 3091 1699 3133 sui
1730 3090 1875 3133 faciat.
1935 3091 2019 3131 At-

316 3186 400 3226 que
430 3173 489 3214 ita
521 3177 650 3227 poeta
682 3172 825 3227 posuit
855 3176 1008 3214 totum.
1040 3194 1100 3203 —-
1131 3172 1266 3216 Neu.
1322 3173 1504 3215 Monent
1537 3174 1939 3231 thnenmcmus
1973 3174 2019 3212 et

313 3256 612 3309 HuscnK1US‚
655 3256 910 3311 partioulam
942 3269 1029 3299 non
1060 3258 1116 3299 ad
1147 3258 1475 3302 antecedentem
1507 3271 1706 3310 versum,
1748 3257 1825 3299 sed
1857 3257 1912 3298 ad
1944 3269 2016 3299 se-

314 3338 490 3393 quentia
520 3337 802 3392 referendam,
834 3344 1038 3382 caveto
1067 3353 1174 3382 neu
1207 3342 1472 3384 celebret
1495 3363 1550 3372 -
1578 3353 1718 3383 neve
1751 3339 1926 3382 cubet
1956 3364 2016 3371 —

313 3436 418 3467 neu
461 3423 740 3480 decipiat,
792 3437 889 3467 cum
931 3431 1213 3482 praeceptum
1245 3427 1448 3481 generale
1480 3425 1534 3470 de
1564 3425 1847 3470 custodienda
1880 3437 2015 3468 uxore
