2158 3750
289 270 353 312 88
683 260 1150 316 COMMENTAR.
1185 260 1262 313 IN
1298 261 1588 318 TIBULLI

291 427 339 458 se
380 415 537 458 amoris
572 414 792 470 professus
833 417 901 457 est
943 414 1280 469 gloriabundus,
1323 419 1503 472 repente
1538 428 1636 460 cum
1678 418 1806 472 gravi
1847 416 1996 460 dolore

292 495 506 538 theoriam
551 509 604 538 ne
636 495 717 538 sibi
749 495 833 551 ipsi
862 494 1036 550 quidem
1083 497 1290 554 prodesse
1333 499 1514 553 sentiat,
1559 511 1769 543 summam
1797 500 1997 542 carminis

292 580 347 620 ad
380 577 602 636 querelam
647 578 884 632 elegiacam
918 578 1060 622 redire
1090 579 1237 634 vides,
1283 579 1456 622 fastidio
1487 578 1677 624 Marathi
1704 593 1852 624 omnes
1881 586 1998 624 artes

293 662 508 705 eludente.
573 661 704 707 Quod
730 661 916 717 denique
941 663 983 706 in
1011 664 1096 706 fine
1120 678 1272 720 preces
1302 665 1599 719 subiiciuntur,
1629 677 1841 720 agnosces
1867 665 1999 709 etiam

293 744 334 785 in
366 742 446 785 hoc
479 744 718 798 legitimum
750 745 914 787 exitum
946 746 1140 800 elegiae,
1171 746 1384 801 siquidem
1414 748 1545 790 etiam
1577 746 1684 790 alias
1715 758 1816 804 spes
1845 745 1999 789 melio·

293 826 352 870 ris
386 827 583 873 fortunae
614 829 815 873 claudere
846 827 952 874 hacc
983 831 1170 874 carmina
1199 832 1328 875 solet.

923 1192 1373 1249 EXPLICATIO.

421 1406 473 1449 V.
508 1410 603 1450 1-8.
663 1407 967 1454 introitus.
1026 1411 1214 1455 Poeta
1253 1411 1524 1469 Priapum
1564 1411 1845 1469 consulit,
1889 1413 2006 1470 qui-

302 1487 405 1531 bus
442 1491 666 1536 artibus
707 1507 1015 1550 puerorum
1046 1496 1273 1554 ¹animus
1312 1496 1378 1542 ad
1415 1497 1772 1554 obsequium
1801 1499 2007 1557 pellici

300 1572 506 1625 possit.
556 1580 560 1583 ‘

420 1654 475 1698 V.
510 1658 533 1697 1
564 1670 631 1712 sq.
689 1658 918 1717 Priape.
988 1657 1303 1721 Παιδεραστὴν
1333 1675 1432 1707 eum
1459 1662 1637 1708 exhibet
1666 1664 1862 1708 Lucum.
1894 1664 2006 1710 mal.

299 1735 432 1780 Deor.
465 1737 634 1784 XXIII.
692 1743 806 1787 Vide
848 1745 978 1788 etiam
1008 1746 1051 1789 in
1085 1748 1362 1791 AN‘rnonoe.
1393 1748 1512 1794 ΕΔΤ.
1542 1748 1597 1793 T.
1629 1748 1686 1792 Π.
1716 1749 1832 1792 inter
1858 1748 2009 1806 Priap.

303 1821 443 1875 epigr.
470 1823 526 1867 V.
558 1830 603 1868 et
632 1826 883 1873 LXXXIII.
909 1854 967 1862 —
996 1831 1106 1876 Sic.
1167 1831 1287 1876 Nota
1317 1845 1404 1876 vox
1434 1833 1478 1876 in
1507 1833 1710 1890 precibus
1741 1838 1785 1875 et
1815 1831 2011 1876 obtesta-

306 1905 520 1960 tionibus,
561 1909 635 1952 ubi
667 1912 793 1954 alteri
821 1926 907 1968 quo
938 1914 1155 1958 lubentius
1186 1919 1378 1972 praestet
1407 1914 1468 1970 id,
1499 1913 1617 1971 quod
1646 1916 1859 1971 petimus,
1899 1925 2012 1970 quae

303 1987 387 2042 ipsi
418 1995 543 2043 grata
572 1996 618 2034 et
648 1999 828 2049 accepta
857 2001 971 2050 sunt,
999 1997 1187 2040 vicissim
1218 2003 1488 2054 exoptamus,
1518 1997 1575 2042 cf.
1602 1997 1715 2042 infra
1742 1998 1800 2052 11,
1830 2002 1874 2052 5,
1905 1999 2010 2041 121.

305 2073 348 2123 6,
379 2074 453 2113 30.
516 2073 629 2117 Vide
659 2073 862 2120 Lunam.
895 2078 951 2120 ad
982 2078 1138 2122 Horat.
1168 2079 1205 2133 Ι,
1235 2083 1279 2133 3,
1304 2080 1398 2122 init.
1442 2079 1712 2124 Hssmnonr.
1744 2079 1800 2124 ad
1830 2081 1925 2124 Sat.
1949 2079 2010 2136 11,

306 2155 350 2206 3,
381 2169 422 2209 p.
454 2158 559 2200 331.
621 2158 786 2202 Sensus
816 2159 1026 2203 formulae
1055 2161 1214 2215 ubique
1245 2159 1315 2204 hic
1347 2165 1437 2204 est:
1490 2161 1594 2217 Sic,
1641 2160 1722 2206 hac
1762 2161 2014 2206 conditione

306 2242 411 2292 opto
443 2238 518 2281 tibi
549 2238 632 2282 hoc
658 2241 834 2295 illudve,
865 2247 914 2284 ut
943 2242 1077 2297 dicas,
1107 2242 1269 2297 facias;
1314 2244 1636 2287 constructione
1666 2255 1772 2288 vero
1801 2245 2015 2289 omittitur

307 2322 520 2376 particula
549 2330 604 2364 ut
633 2328 678 2366 et
707 2324 936 2367 subiicitur
965 2324 1081 2380 quod
1114 2326 1360 2381 expetitur,
1405 2326 1607 2369 absolute
1648 2330 1694 2370 et
1723 2327 1817 2370 sine
1847 2340 1902 2370 ea
1932 2325 2015 2371 boc

308 2404 465 2448 modo:
497 2406 574 2449 Sic
605 2412 712 2464 opto
745 2408 821 2450 tibi
853 2408 986 2452 illud:
1018 2408 1103 2463 dic,
1134 2409 1218 2453 fac.
1279 2409 1347 2454 Ad
1377 2422 1507 2465 quam
1531 2422 1724 2454 normam
1748 2423 1899 2455 omnes
1928 2411 2016 2456 loci

309 2490 566 2544 explicandi.
599 2513 658 2522 —-
714 2491 981 2534 umbrosa
1023 2497 1196 2538 tecta.
1255 2492 1414 2535 Stabat
1442 2493 1591 2549 Priapi
1630 2492 1801 2548 signum
1829 2499 1905 2538 aut
1933 2496 2016 2539 sub

309 2571 380 2614 dio
414 2574 656 2629 expositum
687 2574 868 2618 iniuriae
909 2575 1047 2629 aiiris,
1096 2575 1151 2618 cf.
1181 2575 1328 2631 Priap.
1361 2576 1500 2631 epigr.
1530 2578 1604 2619 64.
1653 2579 1866 2621 An'rlrot..
1897 2577 2014 2622 Lm·-

310 2657 366 2699 T.
388 2657 460 2712 11.,
484 2665 565 2715 *aut
594 2659 674 2701 sub
706 2658 905 2702 arborum
937 2674 1062 2703 coma
1092 2661 1308 2715 ramisque
1334 2661 1506 2716 patulis,
1535 2659 1622 2702 vid.
1651 2659 1754 2702 ibid.
1781 2661 1921 2716 epigr.
1940 2664 2017 2707 83.

312 2740 456 2794 Atque
485 2741 586 2783 talia
616 2741 866 2784 umbracula
896 2742 1098 2785 arborum
1131 2756 1245 2785 nunc
1276 2747 1400 2799 optat
1430 2743 1533 2790 deo.
1561 2765 1622 2774 —
1669 2744 1875 2800 capiti,
1921 2745 2014 2788 tibi.

308 2824 504 2868 Partium
548 2826 742 2882 corporis
787 2826 975 2868 omnium
1018 2826 1250 2881 maximam
1295 2830 1426 2882 caput
1469 2825 1725 2880 dignitatem
1765 2826 1909 2870 babet.
1954 2847 2016 2862 —·

308 2914 696 2963 noceantque,
727 2909 782 2951 de
813 2909 1098 2952 collocatione
1129 2909 1250 2951 verbi
1282 2908 1338 2952 cf.
1370 2908 1426 2951 ad
1459 2909 1495 2963 Ι,
1528 2912 1569 2963 1,
1599 2913 1674 2952 51.
1707 2932 1765 2942 —
1806 2910 1862 2954 V.
1892 2913 1921 2952 3
1947 2925 2013 2967 sq.

309 2991 622 3045 formosos,
654 2993 826 3034 Graece
858 2987 961 3037 τοιῗς
985 2987 1158 3038 καλούς.
1220 2992 1317 3034 Hos
1347 2993 1484 3046 igitur
1513 3005 1598 3047 qua
1627 2997 1722 3035 arte
1750 2994 1884 3049 capis,
1915 3007 2015 3038 cum

311 3074 431 3115 cultu
461 3074 654 3129 corporis
685 3075 856 3129 placere
888 3088 972 3117 non
1003 3074 1258 3130 possis‘3—
1288 3089 1444 3118 coma
1475 3081 1575 3119 est.
1623 3076 1734 3119 Cum
1763 3090 2015 3133 praecesse-

309 3156 367 3199 rit
398 3157 599 3212 barba,
639 3159 796 3214 copula
825 3162 927 3213 post
957 3173 1080 3201 coma
1109 3160 1165 3202 ad
1194 3160 1280 3202 vim
1312 3159 1595 3216 oppositionis
1625 3137 1906 3203 adiuvandam
1935 3159 2014 3203 ad-

309 3240 425 3281 iecta
456 3244 553 3292 est,
572 3253 653 3282 nec
683 3240 836 3283 abesse
867 3241 1010 3285 debet.
1071 3242 1184 3286 Vide
1216 3242 1271 3285 ad
1302 3242 1338 3296 Ι,
1373 3247 1413 3297 1,
1442 3245 1516 3286 34.
1547 3266 1606 3274 —·
1649 3242 1704 3286 V.
1735 3246 1764 3285 5
1796 3256 1859 3297 sq.
1890 3256 2014 3299 pro-

310 3320 495 3374 ducis,
527 3326 577 3363 ut
607 3321 843 3366 Pnopssm,
875 3323 910 3376 1,
941 3326 983 3376 3,
1015 3327 1099 3367 392
1144 3326 1181 3365 0
1214 3324 1389 3366 atinam
1420 3323 1539 3366 tales
1563 3324 1790 3380 producas
1821 3323 2011 3381 improbe

310 3411 473 3449 noctes.
536 3405 730 3460 Dicitur,
775 3413 822 3449 ut
855 3413 1051 3462 constat,
1084 3409 1262 3453 verbum
1294 3410 1348 3453 dc
1379 3408 1609 3453 iniucundo
1641 3412 1863 3466 tempore,
1895 3408 2011 3464 quod

2148 1877 2158 1894 ,
2135 1164 2158 1868 afflamina—mmmm
2142 1135 2158 1147 ·.
2152 1117 2158 1126 .
