2086 3756
825 220 1129 276 TlBULLI.
1694 237 1826 269 xxm

124 369 240 429 tim,
288 365 396 418 sive
437 367 539 418 alio
576 365 642 417 sit
675 373 908 432 tempore
958 364 1177 424 factum,
1232 358 1357 413 editi
1403 369 1523 411 sunt
1570 360 1824 411 Amorum

121 461 244 512 libri
291 461 526 530 quinque
569 457 857 511 seeundum
902 458 1208 514 Massonum
1255 454 1375 506 circ.
1414 458 1535 505 739.
1575 463 1625 505 et
1659 454 1824 505 serius

122 559 278 609 etiam
322 557 416 625 qui
460 553 618 606 hodie
660 554 925 604 habentur
966 563 1099 618 tres,
1144 556 1199 611 h.
1236 571 1280 606 e.
1331 551 1422 604 diu
1463 561 1584 620 post
1626 551 1824 603 Tibulli

122 661 372 714 mortem,
431 659 485 700 et
526 646 672 701 vides
722 664 830 699 non
876 648 1106 714 potuisse
1153 647 1308 699 edere
1349 645 1625 711 Ovidium,
1679 646 1825 716 quod

119 755 432 813 repugnaret
466 743 667 796 Tibulli
699 744 1017 802 carminibus
1059 742 1235 809 editis,
1286 761 1421 813 quae
1458 760 1576 795 cum
1612 743 1825 795 nonnisi

119 839 248 892 duas
295 839 511 897 laudent
554 840 756 908 puellas
809 848 859 889 et
903 837 1184 894 memoriae
1237 837 1578 902 tradiderint,
1632 836 1695 889 de
1742 836 1824 887 his

118 936 242 988 solis
279 934 380 987 dici
418 934 601 994 debuit
641 935 708 988 ab
743 950 835 998 eo,
881 933 1083 988 etiamsi
1121 932 1278 985 sciret
1310 943 1542 1000 poetam,
1593 949 1710 983 cum
1746 932 1825 985 vi-

118 1042 289 1096 veret,
339 1032 465 1089 alias
500 1041 783 1100 praeterea>
808 1047 1023 1085 amasse.
1101 1027 1249 1093 Quae
1291 1045 1409 1081 cum
1450 1029 1525 1081 ita
1560 1027 1687 1092 sint,
1729 1044 1823 1092 ego

117 1139 176 1180 ut
209 1130 571 1196 AyrmannuS,
606 1130 873 1197 Heynius‚
907 1126 1372 1190 Mitscherlichius,
1407 1124 1656 1186 Vossius,
1695 1122 1823 1189 Gly-

117 1240 289 1283 ceram
325 1223 478 1275 aliam
505 1233 557 1277 et
589 1221 848 1278 diversam
881 1225 1052 1276 habeo
1088 1240 1118 1273 a
1142 1223 1298 1273 Delia
1323 1231 1374 1272 et
1394 1219 1624 1282 Nemesi,
1666 1236 1825 1288 quam

116 1331 288 1371 tamen
324 1319 573 1373 amaverit
607 1320 850 1372 Tibullus
897 1338 1004 1376 non
1052 1329 1174 1387 post
1218 1318 1485 1371 Nemesim
1527 1327 1577 1368 et
1619 1315 1676 1366 in
1722 1315 1826 1366 fine

115 1415 277 1477 vitae,
331 1425 391 1465 ut
433 1432 710 1482 perperam
755 1416 955 1477 visum,
1011 1412 1103 1464 sed
1138 1423 1258 1479 post
1296 1392 1506 1462 Deliam
1549 1410 1668 1462 circ.
1703 1426 1825 1459 ann.

119 1515 240 1562 729.
274 1521 326 1562 et
363 1515 509 1562 730»
555 1512 716 1565 Poeta
753 1509 908 1564 etiam
944 1520 1055 1562 tum
1090 1527 1152 1561 ea
1190 1518 1352 1560 aetate
1389 1516 1525 1570 erat,
1564 1515 1620 1555 ut
1647 1503 1825 1553 iunior

115 1609 165 1660 ei
191 1607 448 1675 praeferri
479 1618 671 1676 posset,
708 1606 1151 1677 quemadmodum
1178 1606 1430 1659 Horatius
1458 1602 1668 1654 indicat.
1741 1600 1823 1650 De

112 1705 464 1772 temporibus,
519 1704 712 1775 quibus.
748 1705 999 1758 Horatius
1045 1704 1211 1755 libros
1257 1710 1558 1769 poematum
1606 1711 1824 1748 suorum

113 1799 391 1866 scripserit,
423 1817 596 1867 nuper
629 1809 813 1852 contra
847 1799 1145 1851 Bentleium
1187 1797 1307 1850 data
1345 1813 1507 1864 opera
1544 1791 1827 1859 disputavit

112 1895 195 1952 vir
246 1892 584 1953 doctissimus.
628 1894 956 1952 Kirchnerus
1015 1895 1073 1945 in
1129 1893 1486 1962 Quaesnbnibus
1544 1890 1826 1944 Horatianis

111 1987 403 2056 Numburg.
439 1970 784 2055 anm-1834„
825 1988 965 2041 unde
1003 1987 1170 2041 discas
1209 1987 1366 2039 etiam
1398 1987 1522 2038 hinc
1560 1984 1692 2034 nihil
1729 1984 1823 2034 ob-

42 2116 46 2119 ,
111 2094 248 2137 stare
293 2086 579 2142 sententiae
620 2095 849 2144 nostrae,
932 2084 1079 2151 Elegi
1113 2093 1308 2140 autem>
1333 2081 1420 2134 isti
1465 2077 1824 2135 lamentabiles

61 2246 66 2249 ‚
111 2181 391 2237 certissime
426 2198 538 2237 nnn
573 2180 703 2238 editi,
731 2190 909 2244 erant,
949 2178 1040 2235 sed
1073 2179 1214 2234 inter
1254 2178 1446 2231 amicos
1479 2178 1824 2236 habebantur,

113 2274 254 2327 unde
303 2292 392 2327 eos
429 2254 683 2333 Horatius
730 2287 968 2332 noverat.
1046 2275 1187 2333 Nam
1230 2283 1442 2341 praeter
1484 2273 1714 2339 primum
1759 2272 1823 2320 li-

20 2371 28 2379 '
111 2373 266 2424 hrum
299 2370 500 2427 videbis
536 2372 677 2428 infra
707 2372 843 2428 nihil
876 2370 1099 2427 edidisse
1129 2371 1418 2425 Tibullum.
1493 2366 1696 2430 Quodsi
1732 2367 1824 2417 de-

112 2467 272 2535 nique
321 2468 594 2536 quaeritur
640 2485 894 2537 quorsum
933 2468 1158 2519 abierint
1196 2466 1284 2520 isti
1323 2466 1480 2530 elegi,
1526 2479 1715 2516 vereor
1755 2479 1822 2512 ne

110 2564 229 2632 plus
266 2563 395 2620 scire
431 2563 652 2617 velimus
694 2580 852 2637 quam
899 2563 1049 2627 licet3
1107 2563 1327 2613 fortasse
1363 2567 1546 2626 postea
1582 2554 1823 2623 displice-

109 2659 239 2710 bant
274 2659 515 2724 Tibullo,
564 2670 625 2712 ut
659 2660 771 2729 ipse
802 2676 898 2712 eos
937 2659 1214 2722 deleverit,
1260 2657 1305 2710 si
1339 2656 1495 2708 nimis
1533 2653 1730 2708 flebiles
1774 2662 1824 2702 et

108 2754 466 2809 lamentabiles
506 2766 686 2820 erant,
728 2753 1171 2825 quemadmodum
1208 2771 1276 2805 ex
1311 2752 1534 2805 Horatio
1572 2748 1825 2816 suspicari

108 2850 244 2905 licet.
327 2850 571 2906 Ceterum
610 2870 780 2905 ,unum
816 2871 1026 2907 carmen
1071 2850 1138 2903 ad
1181 2851 1458 2918 Glyceram
1501 2847 1638 2899 sorte
1683 2854 1823 2894 aeta-

110 2956 214 2996 tem
249 2946 433 2999 tulisse
468 2948 720 3016 suspicor,
749 2949 1004 3016 scriptum
1038 2963 1166 2999 vero
1206 2943 1339 2996 illud
1374 2943 1552 3011 priore
1587 2952 1824 3015 tempore

110 3041 267 3095 huius
316 3042 538 3108 amoris,
592 3042 739 3113 quod
787 3044 899 3098 sine
946 3041 1160 3095 nomine
1201 3041 1406 3109 puellae
1453 3047 1718 3106 repertum
1766 3036 1823 3087 in

111 3136 313 3190 schedis
366 3139 565 3191 Tibulli
614 3139 753 3192 inter
789 3140 983 3210 quarti
1031 3139 1155 3192 libri
1212 3135 1442 3190 carmina
1499 3135 1693 3190 editum
1748 3141 1825 3183 est

112 3248 194 3288 nr.
231 3238 314 3286 13.
386 3229 557 3303 (Adde
594 3252 675 3288 nr.
716 3234 822 3306 14.)
876 3237 1059 3289 Deliae
1101 3233 1350 3302 scriptum
1386 3249 1494 3284 non
1536 3231 1652 3291 fuit,
1691 3244 1822 3294 quae

115 3346 222 3383 uon
250 3331 459 3384 immitis
500 3343 550 3384 et
586 3335 814 3403 superba
850 3345 978 3398 erat,
1019 3344 1078 3384 ut
1108 3336 1252 3395 haec,
1288 3340 1339 3382 et
1376 3329 1522 3381 cuius
1564 3339 1823 3393 nusquam
