2158 3750
760 244 942 296 LIBR.
979 246 1019 295 Ι.
1094 244 1295 296 ELEG.
1334 246 1401 294 V.
1823 251 1922 297 117

225 386 348 431 dixit.
411 388 559 435 Quare
598 388 725 431 unice
756 400 904 431 verum
948 387 1018 431 Et
1059 388 1231 431 iuvet.
1293 385 1498 430 Ceterum
1527 383 1583 428 ad
1620 381 1732 428 hunc
1763 389 1920 441 penta-

222 475 407 514 metrum
438 469 610 515 distichi
638 471 861 516 confertur
889 473 1157 516 Maxumus
1186 470 1293 516 illud
1322 471 1443 526 XIV,
1474 472 1590 515 1932
1630 467 1758 514 Ussit
1787 483 1917 511 ama-

221 558 362 593 torem
392 552 592 595 Nemesis
621 552 794 596 lasciva
828 551 1078 606 Tibullum,
1119 553 1168 595 in
1209 561 1311 596 tota
1351 552 1471 595 iuvit
1512 566 1640 611 quem
1678 549 1797 593 nihil
1823 565 1917 593 esse

221 632 360 677 domo.
421 635 692 679 Sim-umus
723 647 828 678 vero
857 635 1002 677 attulit
1030 634 1202 679 Auson.
1233 635 1408 695 Parent.
1440 634 1563 688 XIX,
1594 637 1649 676 8:
1680 631 1812 691 Quod
1836 646 1918 691 ge-

221 725 339 759 reret
369 725 515 760 totam
537 716 719 775 femina
759 715 858 758 sola
888 715 1078 757 domum.
1115 738 1175 749 —
1227 717 1281 759 V.
1311 719 1367 758 31
1393 730 1488 772 sqq.
1547 715 1811 770 Denique
1851 714 1919 758 de

219 797 634 857 hospitalitate
688 797 852 841 dicit.
896 820 957 830 —
1016 796 1140 840 Huc
1191 798 1390 840 veniet
1444 798 1688 842 Messala
1742 795 1912 840 meus.

218 884 337 927 Cave
365 883 521 926 veniat
558 881 862 937 corrigendum
892 885 1046 937 putes3
1093 881 1388 925 coniunctivos
1419 881 1474 924 de
1503 883 1557 925 iis
1587 883 1758 938 posuit,
1803 893 1918 937 quae

216 967 385 1011 Deliam
425 967 635 1010 facturam
676 966 946 1022 opinabatur.
977 989 1035 998 —
1085 966 1177 1009 cui
1219 964 1518 1019 detrahat,
1563 965 1606 1010 h.
1636 980 1675 1010 e.
1708 967 1778 1010 cui
1813 971 1917 1009 tunc

215 1048 426 1093 detrahat.
498 1048 727 1093 Notandus
770 1047 838 1092 hic
879 1061 984 1091 usus
1023 1049 1290 1106 pronominis
1330 1048 1501 1092 relativi
1540 1049 1750 1104 simplicis
1778 1050 1823 1092 in
1853 1061 1915 1101 re,

214 1145 327 1189 quae
356 1133 564 1192 sequitur
594 1135 800 1189 alteram,
842 1134 1031 1178 maxime
1061 1135 1284 1192 poeticus;
1331 1146 1558 1177 nervosam
1589 1134 1702 1178 enim
1732 1134 1913 1190 copula-

212 1218 377 1260 tionem
406 1216 548 1262 habet.
609 1219 700 1263 Sed
729 1221 859 1263 etiam
888 1220 945 1264 de
974 1233 1024 1264 re
1055 1233 1185 1276 quam
1214 1232 1328 1263 nunc
1358 1223 1519 1263 tractat
1549 1221 1705 1274 poeta,
1750 1216 1806 1258 de
1837 1228 1914 1257 ve-

211 1301 436 1344 neratione
479 1302 721 1357 Messalae,
767 1302 1031 1347 monendum
1074 1308 1143 1346 est
1187 1302 1332 1347 verbo.
1410 1302 1584 1345 Etenim
1628 1298 1916 1344 venerabatur

211 1385 411 1429 Tibullus
441 1385 674 1430 Messalam
704 1391 756 1430 ut
785 1399 899 1439 eum,
930 1387 1053 1430 cuius
1078 1387 1321 1443 patrocinio
1352 1384 1528 1442 praedii,
1562 1382 1679 1438 quod
1706 1381 1916 1432 restabat,

214 1470 581 1513 conservationem
624 1469 827 1520 deberet,
875 1470 932 1512 ob
975 1482 1104 1525 quam
1146 1481 1320 1512 causam
1366 1467 1496 1510 etiam
1526 1466 1637 1508 infra
1675 1465 1733 1518 11,
1767 1467 1808 1516 1,
1838 1466 1914 1505 31.

215 1552 366 1596 laudes
407 1551 506 1596 huic
546 1553 640 1596 viro
683 1551 907 1596 habentur.
981 1553 1132 1598 Quare
1174 1563 1289 1594 nunc
1329 1549 1374 1592 in
1415 1554 1560 1605 partes
1600 1545 1915 1589 iucunditatum

209 1636 468 1678 rusticarum
498 1635 645 1678 venire
672 1634 830 1688 debet,
874 1634 949 1678 ubi
978 1634 1158 1677 redierit
1187 1646 1243 1676 ex
1276 1633 1457 1676 Ori-ente
1487 1630 1755 1688 composit03
1803 1628 1916 1672 offe-

209 1721 358 1760 rentur
379 1719 421 1761 ei
443 1717 609 1761 fructus
632 1723 678 1762 et
701 1719 856 1774 epulae
881 1730 908 1759 a
934 1716 1107 1759 domina
1130 1715 1294 1772 praedii
1316 1716 1453 1768 Delia,
1483 1727 1595 1770 quae
1616 1725 1713 1756 cum
1735 1711 1915 1754 Tibullo

209 1800 421 1856 gaudebit
458 1815 612 1845 curare
652 1807 699 1846 et
733 1802 884 1884 colere
913 1801 1234 1845 meritissimum
1265 1806 1509 1856 patronum.
1574 1798 1650 1841 Sic
1681 1795 1917 1839 absolvitur

212 1885 391 1941 pulchre
423 1886 667 1941 felicitatis,
710 1899 839 1942 quam
869 1885 1187 1940 imaginabatur
1218 1890 1375 1942 poeta,
1421 1883 1670 1939 descriptio.
1742 1879 1912 1935 Nempe

208 1970 319 2013 dixit
348 1972 533 2027 primum
564 1971 619 2014 de
650 1972 838 2026 negotiis
868 1971 1042 2013 rusticis
1072 1970 1240 2022 Deliae,
1283 1973 1374 2011 tum
1404 1967 1460 2010 de
1491 1967 1626 2010 sacris
1658 1965 1801 2017 rebus,
1834 1962 1913 2005 de-

207 2053 338 2109 nique
379 2054 435 2097 de
475 2052 780 2111 hospitalitatis
821 2059 866 2098 et
905 2055 1119 2098 amicitiae
1159 2053 1408 2097 muneribus
1450 2050 1671 2103 iucundis,
1719 2053 1768 2091 ut
1798 2048 1912 2090 solet

207 2149 341 2193 saepe
381 2138 511 2180 etiam
541 2137 648 2180 alias
678 2135 826 2180 tribus
855 2137 1086 2180 momentis·
1115 2135 1357 2180 secundum
1385 2133 1700 2194 gradationem
1730 2130 1913 2173 ordina-

209 2218 272 2261 tis
318 2221 549 2277 complecti
599 2222 792 2277 poeticas
839 2221 1152 2278 descriptiones
1199 2234 1315 2264 suas.
1393 2221 1444 2263 In
1497 2217 1786 2263 antecedente·
1829 2215 1910 2258 de-

206 2304 443 2360 scriptione
497 2305 580 2347 tria
625 2303 807 2347 disticha
855 2306 959 2347 talia
1007 2305 1214 2358 vidimus,
1277 2316 1392 2346 nunc
1436 2307 1537 2344 sunt
1581 2301 1767 2344 maiores
1814 2299 1912 2341 loci.

207 2386 320 2430 Vide
362 2388 486 2444 plura
526 2387 581 2430 de
614 2386 695 2430 hac
736 2400 784 2430 re
815 2388 1032 2443 explicata
1070 2387 1114 2429 in
1156 2386 1468 2429 Dissertatione
1499 2383 1555 2425 de
1585 2383 1718 2425 Poesi
1747 2380 1911 2423 Tibulli

209 2485 304 2527 cap.
324 2471 382 2516 11.
403 2481 459 2504 -'
491 2472 544 2515 V.
563 2474 622 2515 33
640 2485 705 2527 sq.
738 2477 1037 2525 venerata,
1069 2470 1109 2514 h.
1132 2485 1172 2515 e.
1203 2481 1413 2513 venerans
1443 2472 1492 2511 ut
1520 2468 1600 2521 ΙΙΙ,
1631 2468 1674 2521 Q,
1703 2468 1776 2509 47.
1808 2470 1914 2508 noto

210 2568 306 2600 usu.
365 2555 576 2599 Similiter
615 2564 804 2612 operata
843 2557 900 2610 11,
933 2560 975 2609 1,
1005 2559 1049 2598 9.
1083 2560 1155 2600 65.
1204 2559 1249 2608 5,
1277 2558 1351 2597 95.
1394 2558 1443 2596 ut
1488 2554 1624 2595 Ovm.
1668 2550 1779 2594 Met.
1813 2549 1912 2602 VII,

209 2640 312 2681 746.
376 2638 519 2681 Vmc.
560 2639 730 2693 Georg·
769 2637 804 2691 Ι,
849 2640 953 2681 339.
996 2636 1254 2679 vaticinata
1304 2637 1440 2679 Ovm.
1486 2632 1671 2676 Heroid.
1711 2632 1766 2684 V,
1811 2634 1910 2674 114.

206 2719 614 2763 Wrmmmmcmus
657 2721 789 2763 etiam
831 2720 1098 2763 Gronovium
1142 2719 1289 2761 laudat
1330 2718 1384 2760 ad
1415 2717 1555 2760 Tacit.
1589 2716 1697 2759 Ann.
1728 2714 1808 2767 111,
1838 2715 1910 2757 43.

210 2802 395 2847 Notabis
436 2815 568 2860 porro
612 2803 818 2846 venerari
858 2803 942 2847 hoc
986 2805 1082 2846 loco
1115 2803 1170 2846 de
1201 2803 1371 2854 officio,
1414 2801 1607 2844 officiosa
1640 2797 1914 2842 observantia

210 2885 254 2928 in
283 2884 496 2942 hospitem
528 2890 575 2928 et
602 2887 786 2930 amicum
818 2885 1006 2939 dictum,
1037 2891 1240 2928 monente
1272 2886 1402 2928 etiam
1431 2885 1638 2927 Hermo.
1670 2905 1730 2913 -
1768 2880 1912 2923 hunc

206 2968 407 3012 sedula
439 2974 619 3012 curet.
683 2969 746 3012 De
777 2973 915 3013 metro
947 2970 1137 3014 Vossius
1168 2968 1336 3011 confert
1366 2968 1487 3021 Virg.
1522 2968 1687 3019 Georg.
1713 2963 1791 3016 ΙΙΙ,
1814 2966 1914 3005 155.

210 3053 318 3096 Aen.
351 3052 388 3106 Ι,
420 3055 492 3096 16.
539 3051 944 3095 Wunnssnmcmus
986 3051 1133 3094 Iuven.
1168 3051 1224 3103 ll,
1260 3054 1332 3094 26.
1374 3050 1452 3102 111,
1483 3053 1556 3093 70.
1617 3046 1742 3090 Adde
1774 3047 1915 3089 Vme.

212 3135 369 3191 Eclog.
402 3135 480 3189 111,
513 3137 555 3187 6,
587 3138 660 3178 63.
702 3139 747 3177 et
787 3134 870 3177 alia
911 3134 1040 3176 allata
1083 3134 1137 3176 ab
1182 3134 1426 3176 Huscmuo
1468 3133 1579 3175 infra
1621 3131 1675 3174 ad
1707 3131 1762 3183 ΙΙ,
1794 3133 1837 3184 2,
1869 3133 1914 3173 5.

215 3218 335 3263 Nota
351 3231 421 3263 res
437 3224 516 3262 est.
549 3219 755 3262 Ceterum
782 3218 934 3260 curari
960 3218 1150 3275 hospites
1175 3219 1440 3271 dicebantur,
1465 3217 1519 3259 cf.
1538 3218 1714 3259 Pmu'r.
1730 3215 1914 3257 Poenul.

212 3301 292 3355 lll,
320 3306 364 3356 3,
395 3305 482 3344 80:
515 3302 612 3360 Ego
641 3300 692 3342 id
720 3314 885 3359 quaero
909 3300 1165 3357 hospitium,
1200 3299 1275 3343 ubi
1306 3315 1387 3358 ego
1419 3314 1545 3342 curer
1575 3298 1766 3341 mollius.
1802 3297 1914 3339 Add-

215 3385 352 3429 Ovin.
386 3383 564 3430 Heroid.
600 3383 719 3437 xvi,
750 3386 851 3426 302.
914 3381 996 3426 Est
1038 3385 1154 3428 euim
1197 3385 1371 3428 verbum
1414 3395 1588 3427 mensae
1632 3387 1676 3425 et
1717 3380 1914 3430 convivii,
